{"host":"htqwg582tjjtn9p7","time":1609613193,"event":{"mods":["2.2 Compatiblity","AchievementEnabler","Act Like it!","Aspiration","BaseMod","Better Third Choice","Colored Map","Conspire","Curses Come First","Displayed Cursed Tome","Energized Spire","Force Act Four","GifTheSpireLib","Hermit","Highlight Path","JesterMod","Mad Scientist","Minty Spire (QoL Compilation)","Pale of the Ancients","Permanent Neow","Random Character Button","Relic Stats","Replay The Spire","Robot Space Explorer","Somnambulant","Spicy Shops","Spikes Relics","StSLib","Stuff the Spire","The Blue Laboratory","The Disciple","The Dragon Tamer","The Forsaken","The Gatherer","The Judge","The Jungle","The Marked","The Runesmith","The Servant 0.9.4","Uncapped"],"gold_per_floor":[109,120,120,137,154,154,179,179,226,226,237,63,80,105,105,181,181,195,213,231,281,27,27,27],"floor_reached":23,"playtime":1087,"items_purged":["Strike_G","WordoMod:FoggyMind"],"score":355,"play_id":"8e0869c1-489c-488d-a942-8d4db79f3596","local_time":"20210102194633","is_ascension_mode":true,"campfire_choices":[{"floor":6,"key":"REST"},{"floor":8,"key":"REST"},{"floor":10,"key":"REST"},{"floor":15,"key":"DIG"}],"circlet_count":0,"master_deck":["AscendersBane","Strike_G","Strike_G","Strike_G+1","Strike_G","Defend_G","Defend_G+1","Defend_G","Defend_G","Defend_G","Survivor","Neutralize","conspire:DoublingDagger+1","Dagger Throw","Deflect","ReplayTheSpireMod:Tripwire","Glass Knife","Cloak And Dagger","Blade Dance","Cloak And Dagger","Caltrops","Dash","After Image","CommonCold","ReplayTheSpireMod:Faulty Equipment","Slice"],"relics":["Ring of the Snake","aspiration:Nostalgia","somnambulantmod: DreamJournal","Snack Pack","theForsaken:Gavel","Bronze Scales","Gremlin Food","Replay:Ancient Bell","Nunchaku","HornCleat","Ice Cream","OrangePellets"],"acts_visited":["Exordium","TheCity"],"potions_floor_usage":[7,18,20],"damage_taken":[{"damage":9,"enemies":"Cultist","floor":1,"turns":6},{"damage":0,"enemies":"Small Slimes","floor":2,"turns":5},{"damage":2,"enemies":"Jaw Worm","floor":4,"turns":4},{"damage":1,"enemies":"Looter","floor":5,"turns":4},{"damage":53,"enemies":"Gremlin Nob","floor":7,"turns":7},{"damage":2,"enemies":"3 Louse","floor":11,"turns":7},{"damage":8,"enemies":"Large Slime","floor":13,"turns":8},{"damage":19,"enemies":"Lagavulin","floor":14,"turns":10},{"damage":43,"enemies":"The Guardian","floor":16,"turns":14},{"damage":6,"enemies":"Chosen","floor":18,"turns":7},{"damage":32,"enemies":"conspire:FuzzyDice","floor":19,"turns":7},{"damage":23,"enemies":"Snecko","floor":20,"turns":7},{"damage":25,"enemies":"Replay:Snechameleon","floor":23,"turns":5}],"seed_played":"-7129383871464207838","potions_obtained":[{"floor":4,"key":"Poison Potion"},{"floor":7,"key":"blueLaboratory:TrueEctoplasm"},{"floor":11,"key":"blueLaboratory:BubblePotion"},{"floor":14,"key":"CultistPotion"},{"floor":18,"key":"blueLaboratory:AbyssPotion"},{"floor":19,"key":"Elixir"}],"is_trial":false,"path_per_floor":["M","M","?","M","M","R","E","R","T","R","M","$","M","E","R_BF","B",null,"M","M","M","?","$","E"],"character_chosen":"THE_SILENT","items_purchased":["Blade Dance","Cloak And Dagger","OrangePellets"],"campfire_rested":3,"item_purchase_floors":[12,12,22],"current_hp_per_floor":[50,50,50,48,47,68,15,37,37,60,64,64,66,57,57,26,61,61,39,22,22,22,0,0],"gold":27,"neow_bonus":"NOSTALGIA","is_daily":false,"chose_seed":false,"campfire_upgraded":0,"win_rate":0.0,"timestamp":1609613193,"path_taken":["M","M","?","M","M","R","E","R","T","R","M","$","M","E","R_BF","BOSS","M","M","M","?","$","E"],"items_purchased_type":["Card","Card","Relic"],"build_version":"2020-12-22","purchased_purges":2,"victory":false,"max_hp_per_floor":[66,66,66,66,66,68,68,70,70,72,72,72,72,72,72,72,72,72,72,72,72,72,72,72],"relic_stats":{"OrangePellets":[0],"Nunchaku":[5],"counters":[13,91],"Bronze Scales":[123],"obtain_stats":[{"Gremlin Food":15,"Ice Cream":17,"OrangePellets":22,"Nunchaku":17,"HornCleat":17,"aspiration:Nostalgia":0,"Bronze Scales":14,"somnambulantmod: DreamJournal":0,"Snack Pack":7,"Replay:Ancient Bell":17,"theForsaken:Gavel":9,"Ring of the Snake":0},{"Gremlin Food":8,"Ice Cream":9,"OrangePellets":12,"Nunchaku":9,"HornCleat":9,"aspiration:Nostalgia":0,"Bronze Scales":8,"somnambulantmod: DreamJournal":0,"Snack Pack":5,"Replay:Ancient Bell":9,"theForsaken:Gavel":5,"Ring of the Snake":0},{"Gremlin Food":51,"Ice Cream":65,"OrangePellets":86,"Nunchaku":65,"HornCleat":65,"aspiration:Nostalgia":0,"Bronze Scales":51,"somnambulantmod: DreamJournal":0,"Snack Pack":26,"Replay:Ancient Bell":65,"theForsaken:Gavel":26,"Ring of the Snake":0}],"Ring of the Snake":[26]},"card_choices":[{"not_picked":["Flying Knee","Concentrate"],"picked":"conspire:DoublingDagger","floor":1},{"not_picked":["Flying Knee","Heel Hook"],"picked":"Dagger Throw","floor":2},{"not_picked":["PiercingWail","Slice"],"picked":"Deflect","floor":4},{"not_picked":["Flying Knee","Outmaneuver"],"picked":"ReplayTheSpireMod:Tripwire","floor":5},{"not_picked":["StuffTheSpire:BumpUp","Underhanded Strike"],"picked":"Glass Knife","floor":7},{"not_picked":["Heel Hook","Predator"],"picked":"Cloak And Dagger","floor":11},{"not_picked":["Bane","conspire:PoisonWeapons"],"picked":"Caltrops","floor":13},{"not_picked":["Bane","Dagger Spray"],"picked":"Dash","floor":14},{"not_picked":["Malaise","Adrenaline"],"picked":"After Image","floor":16},{"not_picked":["Sickly","Writhe"],"picked":"CommonCold","floor":17},{"not_picked":["Regret","ReplayTheSpireMod:Splinters"],"picked":"ReplayTheSpireMod:Faulty Equipment","floor":17},{"not_picked":["conspire:NecroticWound","Pain"],"picked":"WordoMod:FoggyMind","floor":17},{"not_picked":["StuffTheSpire:Python","Dodge and Roll"],"picked":"Slice","floor":18},{"not_picked":["Predator","Deadly Poison","Atom Bomb"],"picked":"SKIP","floor":19},{"not_picked":["StuffTheSpire:Python","Dash","Flying Knee"],"picked":"SKIP","floor":20}],"player_experience":1868288,"relics_obtained":[{"floor":7,"key":"Snack Pack"},{"floor":9,"key":"theForsaken:Gavel"},{"floor":14,"key":"Bronze Scales"},{"floor":15,"key":"Gremlin Food"}],"event_choices":[{"damage_healed":0,"gold_gain":50,"player_choice":"Steal","damage_taken":0,"max_hp_gain":0,"max_hp_loss":0,"event_name":"betterThird:BetterNest","floor":21,"gold_loss":0}],"is_beta":false,"boss_relics":[{"not_picked":["Coffee Dripper","Sozu"],"picked":"Replay:Ancient Bell"},{"not_picked":["Blue Doll","Snake Skull"],"picked":"Nunchaku"},{"not_picked":["Letter Opener","theForsaken:HumbleEgg"],"picked":"HornCleat"},{"not_picked":["Dead Branch","Unceasing Top"],"picked":"Ice Cream"}],"items_purged_floors":[12,22],"is_endless":false,"potions_floor_spawned":[4,7,11,14,18,19],"killed_by":"Replay:Snechameleon","ascension_level":15}}