{"host":"dl7h25vjpuplx29g","time":1609549678,"event":{"mods":["BaseMod","Colored Map","Minty Spire (QoL Compilation)"],"gold_per_floor":[118,132,148,19,19,19,52,52,52,82,67,91,103,103],"floor_reached":13,"playtime":1125,"items_purged":["Strike_G"],"score":145,"play_id":"422cebe0-0b7e-4bd7-8ad9-5ba634e537c8","local_time":"20210102100758","is_ascension_mode":true,"campfire_choices":[{"data":"Neutralize","floor":6.0,"key":"SMITH"},{"floor":8.0,"key":"REST"}],"circlet_count":0,"master_deck":["AscendersBane","Strike_G","Strike_G","Strike_G","Defend_G","Defend_G","Defend_G","Defend_G","Survivor","Neutralize+1","Quick Slash","Setup","Well Laid Plans","Dagger Throw","Sucker Punch","Deflect","All Out Attack","Quick Slash","Dagger Spray"],"relics":["Ring of the Snake","Darkstone Periapt","MawBank"],"acts_visited":["Exordium"],"potions_floor_usage":[13],"damage_taken":[{"damage":0.0,"enemies":"2 Louse","floor":1.0,"turns":4.0},{"damage":2.0,"enemies":"Jaw Worm","floor":2.0,"turns":5.0},{"damage":6.0,"enemies":"Small Slimes","floor":3.0,"turns":3.0},{"damage":27.0,"enemies":"3 Sentries","floor":7.0,"turns":9.0},{"damage":0.0,"enemies":"Exordium Thugs","floor":10.0,"turns":4.0},{"damage":5.0,"enemies":"Looter","floor":12.0,"turns":3.0},{"damage":43,"enemies":"Lagavulin","floor":13,"turns":6}],"seed_played":"-6250467447323989946","potions_obtained":[{"floor":1.0,"key":"Explosive Potion"},{"floor":3.0,"key":"DuplicationPotion"}],"is_trial":false,"path_per_floor":["M","M","M","$","?","R","E","R","T","M","?","M","E"],"character_chosen":"THE_SILENT","items_purchased":["Deflect"],"campfire_rested":1,"item_purchase_floors":[4],"current_hp_per_floor":[59,57,51,51,44,44,17,36,36,36,36,31,0,0],"gold":103,"neow_bonus":"TRANSFORM_TWO_CARDS","is_daily":false,"chose_seed":false,"campfire_upgraded":1,"win_rate":0.0,"timestamp":1609549678,"path_taken":["M","M","M","$","?","R","E","R","T","M","?","M","E"],"items_purchased_type":["Card"],"build_version":"2020-12-22","purchased_purges":1,"victory":false,"max_hp_per_floor":[66,66,66,66,66,66,66,66,66,66,66,66,66,66],"card_choices":[{"not_picked":["Dagger Throw","Underhanded Strike"],"picked":"Well Laid Plans","floor":1.0},{"not_picked":["Finisher","Prepared"],"picked":"Dagger Throw","floor":2.0},{"not_picked":["Backflip","Bane"],"picked":"Sucker Punch","floor":3.0},{"not_picked":["Finisher","Outmaneuver"],"picked":"All Out Attack","floor":7.0},{"not_picked":["Bane","Deflect"],"picked":"Quick Slash","floor":10.0},{"not_picked":["Bane","Sucker Punch"],"picked":"Dagger Spray","floor":12.0}],"player_experience":1439052,"relics_obtained":[{"floor":7.0,"key":"Darkstone Periapt"},{"floor":9.0,"key":"MawBank"}],"event_choices":[{"cards_removed":["Regret"],"damage_healed":0.0,"max_hp_gain":0.0,"max_hp_loss":0.0,"gold_gain":0.0,"event_name":"Golden Wing","player_choice":"Card Removal","floor":5.0,"gold_loss":0.0,"damage_taken":7.0},{"damage_healed":0.0,"max_hp_gain":0.0,"max_hp_loss":0.0,"gold_gain":0.0,"event_name":"World of Goop","player_choice":"Left Gold","floor":11.0,"gold_loss":27.0,"damage_taken":0.0}],"is_beta":false,"boss_relics":[],"items_purged_floors":[4],"is_endless":false,"potions_floor_spawned":[1,3],"killed_by":"Lagavulin","ascension_level":14}}