{"host":"s9mizfpm0ux1oq2e","time":1609601795,"event":{"mods":["Aspiration","BaseMod","Downfall","Minty Spire (QoL Compilation)","Permanent Neow","Replay The Spire","StSLib","SuperFastMode"],"gold_per_floor":[191,206,270,282,48,48,48,77,77,94,107,120,120,133,147,251,251,251,263,275,275,275,275,275,81,81,110,110,127,127,127,138,243,243,168,187,187,187,199,209,209,209,227,227,77,87,87,103,119,119,119],"floor_reached":50,"playtime":3678,"items_purged":["sneckomod:Strike","sneckomod:Bewildered"],"score":506,"play_id":"64d19065-d3e8-4706-a634-503b509c60cc","local_time":"25640102223635","is_ascension_mode":false,"campfire_choices":[{"data":"sneckomod:Defend","floor":6.0,"key":"SMITH"},{"floor":9.0,"key":"REST"},{"data":"sneckomod:Nope","floor":13.0,"key":"SMITH"},{"floor":18.0,"key":"DIG"},{"data":"sneckomod:Strike","floor":23.0,"key":"SMITH"},{"data":"sneckomod:Unknown3Cost","floor":28.0,"key":"SMITH"},{"floor":30.0,"key":"REST"},{"floor":35.0,"key":"RECALL"},{"data":"sneckomod:Strike","floor":45.0,"key":"SMITH"},{"data":"sneckomod:Strike","floor":47.0,"key":"SMITH"}],"circlet_count":0,"master_deck":["sneckomod:Strike","sneckomod:Strike","sneckomod:Defend","sneckomod:Defend","sneckomod:TailWhip+1","sneckomod:Unknown+1","sneckomod:Unknown+2","sneckomod:Nope+1","sneckomod:UnknownClassGUARDIAN+2","sneckomod:UnknownUncommonAttack","sneckomod:UnknownEthereal+2","sneckomod:UnlimitedRolls+1","sneckomod:UnknownClassRED+2","hexamod:SixthSeal","sneckomod:Restock+1","sneckomod:DiceBlock","sneckomod:SnakeSap+1","sneckomod:Unknown0Cost+2","sneckomod:CheapStock+1","sneckomod:Unknown3Cost+1","sneckomod:UnknownClassPURPLE+2","sneckomod:Nope+1","sneckomod:SerpentMind","sneckomod:WideSting+1","sneckomod:Unknown3Cost+2","sneckomod:TrashToTreasure+1","Replay:Hysterical Blindness","Looming Evil","sneckomod:DiceBlock+1","sneckomod:SnakeSap+1","sneckomod:UnknownUncommonPower+1","sneckomod:SlitherStrike+1"],"relics":["sneckomod:SneckoSoul","Toy Ornithopter","Simple Rune","Durian","Odd Mushroom","Honey Jar","Strawberry","sneckomod:BabySnecko","Turnip","Molten Egg 2","Cursed Key","downfall:HeartBlessingGreen","Ring of Fangs","downfall:HeartBlessingRed","downfall:HeartBlessingBlue"],"acts_visited":["Exordium","TheCity","TheBeyond"],"potions_floor_usage":[50,50,50],"damage_taken":[{"damage":6.0,"enemies":"Jaw Worm","floor":2.0,"turns":2.0},{"damage":49.0,"enemies":"Gremlin Nob","floor":3.0,"turns":5.0},{"damage":0.0,"enemies":"Small Slimes","floor":4.0,"turns":4.0},{"damage":5.0,"enemies":"downfall:FleeingMerchant","floor":5.0,"turns":4.0},{"damage":15.0,"enemies":"The Mushroom Lair","floor":8.0,"turns":5.0},{"damage":6.0,"enemies":"Cultist","floor":10.0,"turns":4.0},{"damage":9.0,"enemies":"Blue Slaver","floor":11.0,"turns":3.0},{"damage":9.0,"enemies":"3 Louse","floor":12.0,"turns":4.0},{"damage":3.0,"enemies":"2 Fungi Beasts","floor":14.0,"turns":5.0},{"damage":4.0,"enemies":"Red Slaver","floor":15.0,"turns":3.0},{"damage":11.0,"enemies":"downfall:Watcher","floor":16.0,"turns":7.0},{"damage":27.0,"enemies":"Shell Parasite","floor":19.0,"turns":5.0},{"damage":28.0,"enemies":"Spheric Guardian","floor":20.0,"turns":4.0},{"damage":2.0,"enemies":"downfall:FleeingMerchant","floor":25.0,"turns":4.0},{"damage":40.0,"enemies":"Slavers","floor":27.0,"turns":8.0},{"damage":0.0,"enemies":"Snecko","floor":29.0,"turns":4.0},{"damage":0.0,"enemies":"3 Cultists","floor":32.0,"turns":3.0},{"damage":10.0,"enemies":"downfall:Defect","floor":33.0,"turns":6.0},{"damage":15.0,"enemies":"Orb Walker","floor":36.0,"turns":3.0},{"damage":12.0,"enemies":"3 Darklings","floor":39.0,"turns":4.0},{"damage":0.0,"enemies":"Transient","floor":40.0,"turns":5.0},{"damage":9.0,"enemies":"Sphere and 2 Shapes","floor":43.0,"turns":3.0},{"damage":38.0,"enemies":"3 Darklings","floor":46.0,"turns":10.0},{"damage":53.0,"enemies":"4 Shapes","floor":48.0,"turns":5.0},{"damage":0,"enemies":"Maw","floor":49,"turns":7},{"damage":82,"enemies":"downfall:Ironclad","floor":50,"turns":14}],"seed_played":"-5288482116853046838","potions_obtained":[{"floor":2.0,"key":"GamblersBrew"},{"floor":10.0,"key":"SkillPotion"},{"floor":14.0,"key":"Strength Potion"},{"floor":15.0,"key":"champ:CounterPotion"},{"floor":27.0,"key":"Block Potion"},{"floor":32.0,"key":"Death Potion"},{"floor":33.0,"key":"LiquidBronze"},{"floor":39.0,"key":"Toxic Potion"},{"floor":40.0,"key":"Fire Potion"},{"floor":46.0,"key":"Strength Potion"},{"floor":49,"key":"EssenceOfSteel"}],"is_trial":false,"path_per_floor":["R","M","?","M","$","R","T","?","R","M","M","M","R","M","M","B",null,"R","M","M","?","?","R","T","$","?","E","R","M","R","?","M","B",null,"R","M","?","?","M","M","T","?","M","?","R","M","R","M","M","B"],"character_chosen":"THE_SNECKO","items_purchased":["Simple Rune","sneckomod:CheapStock"],"campfire_rested":2,"item_purchase_floors":[5,25],"current_hp_per_floor":[90,84,35,36,32,32,37,23,52,46,38,32,32,29,25,29,102,109,82,83,83,83,83,83,87,79,40,40,41,74,74,74,72,112,112,97,97,97,86,86,86,86,92,92,102,71,71,26,26,0,0],"gold":119,"neow_bonus":"UPGRADE_CARD","is_daily":false,"chose_seed":false,"campfire_upgraded":6,"win_rate":0.0,"timestamp":1609601795,"path_taken":["R","M","?","M","$","R","T","?","R","M","M","M","R","?","M","BOSS","R","M","M","?","?","R","T","$","?","E","R","?","R","?","M","BOSS","R","M","?","?","?","M","T","?","M","?","R","M","R","?","M","BOSS"],"items_purchased_type":["Relic","Card"],"build_version":"2020-12-22","purchased_purges":2,"victory":false,"max_hp_per_floor":[90,90,90,91,92,92,97,98,98,98,99,102,102,102,102,102,102,109,109,109,109,109,109,109,110,110,111,111,112,112,112,112,112,112,112,112,112,112,113,113,113,113,113,113,123,123,123,124,124,124,124],"card_choices":[{"not_picked":["sneckomod:Unknown1Cost","sneckomod:RainOfDice"],"picked":"sneckomod:Nope","floor":2.0},{"not_picked":["sneckomod:UnknownX","sneckomod:TrashToTreasure"],"picked":"sneckomod:UnknownClassGUARDIAN","floor":4.0},{"not_picked":["sneckomod:DiceBlock","sneckomod:UnknownClassBLUE"],"picked":"sneckomod:UnknownUncommonAttack","floor":5.0},{"not_picked":["sneckomod:UnknownStrike","sneckomod:Nope"],"picked":"sneckomod:UnknownEthereal","floor":8.0},{"not_picked":["sneckomod:RainOfDice","sneckomod:IronFang"],"picked":"sneckomod:UnlimitedRolls","floor":10.0},{"not_picked":["sneckomod:SoulDraw","sneckomod:Nope"],"picked":"sneckomod:UnknownClassRED","floor":11.0},{"not_picked":["hexamod:FourthSeal","hexamod:ThirdSeal"],"picked":"hexamod:SixthSeal","floor":12.0},{"not_picked":["sneckomod:QuickBite","sneckomod:IronFang","sneckomod:Nope"],"picked":"SKIP","floor":12.0},{"not_picked":["sneckomod:UnknownWeak","sneckomod:UnknownUncommonSkill","sneckomod:Unknown2Cost"],"picked":"SKIP","floor":14.0},{"not_picked":["sneckomod:UnknownBlock","sneckomod:UnknownWeak","sneckomod:SoulDraw"],"picked":"SKIP","floor":15.0},{"not_picked":["sneckomod:SoulExchange","sneckomod:MorePower"],"picked":"sneckomod:Restock","floor":16.0},{"not_picked":["sneckomod:Nope","sneckomod:UnknownClassBLUE","sneckomod:DiceCrush"],"picked":"sneckomod:DiceBlock","floor":19.0},{"not_picked":["sneckomod:UnknownClassRED","sneckomod:QuickMove","sneckomod:UnknownClassTHE_CHAMP_GRAY"],"picked":"sneckomod:SnakeSap+1","floor":20.0},{"not_picked":["sneckomod:QuickMove+1","sneckomod:RainOfDice","sneckomod:UnknownCommonSkill"],"picked":"sneckomod:Unknown0Cost","floor":25.0},{"not_picked":["sneckomod:WideSting+1","sneckomod:TrashToTreasure","sneckomod:SoulRoll+1"],"picked":"sneckomod:Unknown3Cost","floor":27.0},{"not_picked":["sneckomod:UnknownStrike+1","sneckomod:SoulRoll","sneckomod:ImprovisedAttack+1"],"picked":"sneckomod:UnknownClassPURPLE","floor":29.0},{"not_picked":["sneckomod:IronFang+1","sneckomod:UnknownStrike+1","sneckomod:DiceBoulder+1"],"picked":"sneckomod:Nope","floor":32.0},{"not_picked":["sneckomod:UnknownRareAttack+1","sneckomod:SoulExchange","sneckomod:Restock"],"picked":"sneckomod:SerpentMind","floor":33.0},{"not_picked":["sneckomod:Unknown1Cost","sneckomod:Nope+1","sneckomod:Unknown2Cost"],"picked":"sneckomod:WideSting+1","floor":36.0},{"not_picked":["sneckomod:DiceBlock+1","sneckomod:CheapStock+1","sneckomod:Unknown1Cost+1"],"picked":"sneckomod:Unknown3Cost","floor":39.0},{"not_picked":["sneckomod:Unknown2Cost+1","sneckomod:UnknownWeak+1","sneckomod:RainOfDice+1"],"picked":"sneckomod:TrashToTreasure+1","floor":40.0},{"not_picked":["sneckomod:UnknownClassPURPLE","sneckomod:Unknown1Cost+1","sneckomod:WideSting+1"],"picked":"sneckomod:DiceBlock+1","floor":43.0},{"not_picked":["sneckomod:CheapStock","sneckomod:UnknownBlock+1","sneckomod:UnlimitedRolls"],"picked":"sneckomod:SnakeSap+1","floor":46.0},{"not_picked":["sneckomod:UnknownStrike+1","sneckomod:UnknownClassBLUE+1","sneckomod:DiceBlock+1"],"picked":"sneckomod:UnknownUncommonPower+1","floor":48},{"not_picked":["sneckomod:DiceCrush+1","sneckomod:UnknownBlock+1","sneckomod:Unknown1Cost+1"],"picked":"sneckomod:SlitherStrike+1","floor":49}],"player_experience":159875,"relics_obtained":[{"floor":3.0,"key":"Toy Ornithopter"},{"floor":7.0,"key":"Durian"},{"floor":8.0,"key":"Odd Mushroom"},{"floor":18.0,"key":"Strawberry"},{"floor":24.0,"key":"Turnip"},{"floor":27.0,"key":"Molten Egg 2"},{"floor":42.0,"key":"Ring of Fangs"}],"event_choices":[{"damage_healed":0.0,"max_hp_gain":0.0,"max_hp_loss":0.0,"gold_gain":0.0,"event_name":"Mushrooms","player_choice":"Fought Mushrooms","floor":8.0,"gold_loss":0.0,"damage_taken":0.0},{"damage_healed":0.0,"max_hp_gain":0.0,"max_hp_loss":0.0,"gold_gain":0.0,"event_name":"Ghosts","player_choice":"Ignored","floor":31.0,"gold_loss":0.0,"damage_taken":0.0},{"cards_removed":["sneckomod:SnekBite"],"damage_healed":0.0,"max_hp_gain":0.0,"max_hp_loss":0.0,"gold_gain":0.0,"event_name":"Falling","player_choice":"Removed Attack","floor":37.0,"gold_loss":0.0,"damage_taken":0.0},{"damage_healed":0.0,"max_hp_gain":0.0,"max_hp_loss":0.0,"gold_gain":0.0,"event_name":"NoteForYourself","player_choice":"Ignored","floor":38.0,"gold_loss":0.0,"damage_taken":0.0}],"is_beta":false,"boss_relics":[{"not_picked":["Replay:Ancient Bell","Runic Dome"],"picked":"Honey Jar"},{"not_picked":["Kintsugi","Pandora\u0027s Box"],"picked":"Cursed Key"}],"items_purged_floors":[5,25],"is_endless":false,"potions_floor_spawned":[2,10,14,15,27,32,33,39,40,46,49],"killed_by":"downfall:Ironclad","ascension_level":0}}