{"host":"vhikgave70uorr7d","time":1609575062,"event":{"mods":["AchievementEnabler","Act Like it!","Ascension Reborn","Ascension Unlocker","BaseMod","Beaked The Cultist","Better Altar","Better Match","Better Note","Better Sensory Stone","Better Skull","Better Third Choice","BetterRewards","ChefMod","Colored Powertips","Custom Start","Defuse TimeMaze Blight","Downfall","Elementarium","Energized Spire","GifTheSpireLib","Hermit","Hero for Fun","Highlight Path","Hubris","Infinite Spire","JesterMod","Menagerie","Mimic Mod","Minty Spire (QoL Compilation)","MostiFishMod","Permanent Neow","Pikachu Mod","Quick Restart","Rare Cards Sparkle","Relic Filter","Remove Card Discount Mod","Replay The Spire","Retaliation","Shade Mod","Shedinja","Small Relic Pack","Spicy Shops","StSLib","Swap Starting Deck Mod","Td1madao Mod","The Accelerator","The Alterego","The Animator","The Bladedancer","The Blue Laboratory","The Bug Knight","The Construct","The Cursed","The Disciple","The Hayseed","The Hierophant","The Mystic","The Necromancer","The Runesmith","The Servant 0.9.4","The Vixen","The Wild Card","TheFirefly","TheSwordswoman","TheVacant","Transform Curses"],"gold_per_floor":[111,123,123,123,5,34,56,98,98,98,118,118,75,0,0,262,262,286,313,313,345,383,428,440,498,534,243,243,262,283,328,328,446,446,508,508,566,608,660,660],"floor_reached":39,"playtime":6482,"items_purged":["alterego_mod:Impale","alterego_mod:Defend","alterego_mod:Defend","alterego_mod:Defend","alterego_mod:Strike","alterego_mod:Strike","alterego_mod:HighServant"],"score":740,"play_id":"4e5e0de2-bf71-406b-b5bd-adca3f11aa7f","local_time":"20210102031102","is_ascension_mode":false,"campfire_choices":[{"floor":10,"key":"REST"},{"data":"alterego_mod:SuperDuperMasochism","floor":10,"key":"SMITH"},{"floor":12,"key":"REST"},{"data":"alterego_mod:DiscoLights","floor":12,"key":"SMITH"},{"floor":15,"key":"REST"},{"data":"alterego_mod:BigMeatyClaws","floor":15,"key":"SMITH"},{"floor":24,"key":"REST"},{"data":"alterego_mod:AlterEgo","floor":24,"key":"SMITH"},{"floor":28,"key":"REST"},{"data":"alterego_mod:TrashNCrash","floor":28,"key":"SMITH"},{"data":"alterego_mod:DiscoLights","floor":32,"key":"SMITH"}],"circlet_count":0,"master_deck":["Adrenaline+1","alterego_mod:Strike","alterego_mod:Strike","alterego_mod:Defend","alterego_mod:BigMeatyClaws+1","alterego_mod:BrynhildrsRune","alterego_mod:Mirror+1","alterego_mod:TrashNCrash+1","alterego_mod:Rip","alterego_mod:DiscoLights+1","alterego_mod:SuperDuperMasochism+1","alterego_mod:Cooking","alterego_mod:Cooking","Pot Of Greed+1","Pot Of Greed","alterego_mod:Birthday+1","alterego_mod:AlterEgo+1","alterego_mod:Skirt+1","alterego_mod:Rip","alterego_mod:AlterEgo+1","alterego_mod:Birthday","alterego_mod:Undulate","alterego_mod:Clap+1","alterego_mod:DiscoLights+1","alterego_mod:Rip","Pot Of Greed","alterego_mod:DiscoLights+1","alterego_mod:RidiculouslyBig+1","alterego_mod:Tantrum","alterego_mod:Cooking+1","ReplayTheSpireMod:Private Reserves","hubris:Insight","Panache","infinitespire:Starlight","alterego_mod:Cooking","alterego_mod:Rip+1","alterego_mod:Rip+1"],"relics":["alterego_mod:MasochisticConstitution","DaveBox","Membership Card","NeowsBlessing","SynthV:TestCard","construct:BoolHorns","infinitespire:FocusingShard","infinitespire:Midas Blood","infinitespire:Magic Flask","Calipers","Grinning Jar","GreenFoldingFan","Ice Cream","MawBank","Anchor","Guide Book","Runesmith:AutoHammer","infinitespire:Broken Mirror","Painkiller Herb","infinitespire:EvilPickle","ReplayTheSpireMod:ShopPack","ExusiaiGun","Replay:Bottled Snecko"],"acts_visited":["Exordium","TheCity","TheBeyond"],"potions_floor_usage":[33],"damage_taken":[{"damage":0,"enemies":"Small Slimes","floor":1,"turns":1},{"damage":0,"enemies":"2 Louse","floor":2,"turns":1},{"damage":0,"enemies":"Replay:BlueRogue","floor":6,"turns":1},{"damage":31,"enemies":"Jaw Worm","floor":7,"turns":6},{"damage":27,"enemies":"HollowMod:MossKnight","floor":8,"turns":7},{"damage":17,"enemies":"Blue Slaver","floor":11,"turns":4},{"damage":16,"enemies":"Fading Forest","floor":16,"turns":11},{"damage":7,"enemies":"3 Byrds","floor":18,"turns":4},{"damage":32,"enemies":"Spheric Guardian","floor":19,"turns":4},{"damage":18,"enemies":"Cultist and Chosen","floor":21,"turns":4},{"damage":36,"enemies":"Snake Plant","floor":22,"turns":4},{"damage":32,"enemies":"HollowMod:Nosk","floor":23,"turns":6},{"damage":64,"enemies":"Chosen and Byrds","floor":25,"turns":9},{"damage":6,"enemies":"Centurion and Healer","floor":29,"turns":5},{"damage":14,"enemies":"Snecko","floor":30,"turns":5},{"damage":72,"enemies":"3 Cultists","floor":31,"turns":6},{"damage":20,"enemies":"Pondfish","floor":33,"turns":7},{"damage":34,"enemies":"Orb Walker","floor":35,"turns":4},{"damage":30,"enemies":"3 Shapes","floor":37,"turns":3},{"damage":2,"enemies":"Spire Growth","floor":39,"turns":2}],"seed_played":"8341743731493083992","potions_obtained":[{"floor":1,"key":"PowerPotion"},{"floor":2,"key":"Milkshake"},{"floor":8,"key":"GamblersBrew"},{"floor":19,"key":"construct:ShiftPotion"},{"floor":33,"key":"SteroidPotion"}],"is_trial":false,"path_per_floor":["M","M","?","?","$","E","M","E","T","R","M","R","$","$","R","B",null,"M","M","?","M","M","E","R","M","T","$","R","M","M","M","R","B",null,"?","AVR","?","?","?"],"character_chosen":"The_Alterego","items_purchased":["infinitespire:FocusingShard","alterego_mod:HighServant","alterego_mod:Cooking","Grinning Jar","alterego_mod:Birthday+1","alterego_mod:DiscoLights+1","Guide Book","Runesmith:AutoHammer","infinitespire:Broken Mirror"],"campfire_rested":5,"item_purchase_floors":[5,5,13,14,14,27,27,27,27],"current_hp_per_floor":[70,70,70,70,70,70,47,28,28,49,40,61,61,61,73,73,74,75,56,56,65,49,45,68,31,31,31,55,73,80,34,34,41,84,68,68,85,51,68,68],"gold":660,"neow_bonus":"THREE_ENEMY_KILL","is_daily":false,"chose_seed":false,"campfire_upgraded":6,"win_rate":0.0,"timestamp":1609575062,"path_taken":["M","M","?","?","$","E","M","E","T","R","M","R","?","$","R","BOSS","M","M","?","M","?","E","R","M","T","$","R","M","M","M","R","BOSS","?","AVR","?","?","?"],"items_purchased_type":["Relic","Card","Card","Relic","Card","Card","Relic","Relic","Relic"],"build_version":"2020-12-22","purchased_purges":7,"victory":false,"max_hp_per_floor":[70,70,70,70,70,70,71,72,72,72,73,73,73,73,73,74,74,75,76,76,77,78,79,79,80,80,80,80,81,82,83,83,84,84,85,85,86,86,87,87],"card_choices":[{"not_picked":["alterego_mod:SakuraFive","alterego_mod:1TonWallop"],"picked":"alterego_mod:Mirror","floor":1},{"not_picked":["alterego_mod:DestructionOfProperty","alterego_mod:Jiggle","alterego_mod:BiFurious","alterego_mod:Collar"],"picked":"alterego_mod:TrashNCrash","floor":2},{"not_picked":["alterego_mod:Stockings","alterego_mod:InsideBaseball","alterego_mod:BiFurious","alterego_mod:BusterCard"],"picked":"alterego_mod:Rip","floor":6},{"not_picked":["alterego_mod:BiFurious","alterego_mod:Santa","alterego_mod:PresenceConcealment","alterego_mod:SakuraFive"],"picked":"alterego_mod:DiscoLights","floor":7},{"not_picked":["alterego_mod:DiscoLights","alterego_mod:Santa","alterego_mod:Skirt","alterego_mod:RidiculouslyBig"],"picked":"alterego_mod:SuperDuperMasochism","floor":8},{"not_picked":["alterego_mod:Santa","alterego_mod:Complex","alterego_mod:Clones","alterego_mod:BustOut","alterego_mod:Collar"],"picked":"SKIP","floor":11},{"not_picked":["alterego_mod:IdEs","alterego_mod:Rake","alterego_mod:InsideBaseball","alterego_mod:Alter"],"picked":"alterego_mod:AlterEgo","floor":16},{"not_picked":["alterego_mod:Cycle+1","alterego_mod:Bounce","alterego_mod:BoobPocket","alterego_mod:GoddessCore"],"picked":"alterego_mod:Skirt+1","floor":18},{"not_picked":["alterego_mod:PresenceConcealment+1","alterego_mod:BusterCard","alterego_mod:PerceptionDisorder","alterego_mod:DestructionOfProperty"],"picked":"alterego_mod:Rip","floor":19},{"not_picked":["alterego_mod:DiscoLights","alterego_mod:Skirt","alterego_mod:Birthday","alterego_mod:Jiggle"],"picked":"alterego_mod:AlterEgo","floor":21},{"not_picked":["alterego_mod:DustData+1","alterego_mod:PerceptionDisorder","alterego_mod:HighServant","alterego_mod:Punishment+1"],"picked":"alterego_mod:Birthday","floor":22},{"not_picked":["alterego_mod:SakuraPetals","alterego_mod:Cycle","alterego_mod:InsideBaseball","alterego_mod:MaintainEyeContact"],"picked":"alterego_mod:Undulate","floor":23},{"not_picked":["alterego_mod:DeftHands","alterego_mod:Complex+1","alterego_mod:PerceptionDisorder","alterego_mod:Birthday+1"],"picked":"alterego_mod:Clap","floor":25},{"not_picked":["alterego_mod:Bounce","alterego_mod:Mirror","alterego_mod:1TonWallop","alterego_mod:Cycle+1"],"picked":"alterego_mod:Rip","floor":29},{"not_picked":["alterego_mod:RingBreak","alterego_mod:Birthday","alterego_mod:Undulate+1","alterego_mod:Complex"],"picked":"alterego_mod:DiscoLights","floor":30},{"not_picked":["alterego_mod:Skirt","alterego_mod:TrashNCrash","alterego_mod:Rip","alterego_mod:Maid"],"picked":"alterego_mod:RidiculouslyBig+1","floor":31},{"not_picked":["alterego_mod:Weigh","alterego_mod:TrickOrTreatment","alterego_mod:Antipathy","alterego_mod:Palingenesis"],"picked":"alterego_mod:Tantrum","floor":33},{"not_picked":["alterego_mod:SuperDuperMasochism","alterego_mod:Santa+1","alterego_mod:1TonWallop+1","alterego_mod:PerceptionDisorder"],"picked":"alterego_mod:Cooking+1","floor":35},{"not_picked":["Deep Breath","Violence","Purity","Replay:SS_fish_3"],"picked":"ReplayTheSpireMod:Private Reserves","floor":36},{"not_picked":["DDmod:PotionAddictCard","Replay:SS_fish_3","Replay:SS_forest_2","expansioncontent:StudyTheSpire"],"picked":"hubris:Insight","floor":36},{"not_picked":["Sadistic Nature","Violence","expansioncontent:DashGenerateEvil","MostiFishMod:ElfcollectionBox"],"picked":"Panache","floor":36},{"not_picked":["alterego_mod:Collar","alterego_mod:1TonWallop+1","alterego_mod:Skirt","alterego_mod:Mirror"],"picked":"alterego_mod:Cooking","floor":37},{"not_picked":["alterego_mod:Bounce","alterego_mod:Birthday","alterego_mod:DeftHands+1","alterego_mod:Weigh"],"picked":"alterego_mod:Rip+1","floor":38},{"not_picked":["alterego_mod:Valentines","alterego_mod:Crossover+1","alterego_mod:MagicResistance","alterego_mod:Punishment"],"picked":"alterego_mod:Rip+1","floor":38}],"player_experience":337789,"relics_obtained":[{"floor":1,"key":"SynthV:TestCard"},{"floor":6,"key":"infinitespire:Midas Blood"},{"floor":8,"key":"infinitespire:Magic Flask"},{"floor":9,"key":"Calipers"},{"floor":23,"key":"MawBank"},{"floor":26,"key":"Anchor"},{"floor":38,"key":"Replay:Bottled Snecko"}],"event_choices":[{"damage_healed":0,"gold_gain":0,"player_choice":"Upgraded","damage_taken":0,"max_hp_gain":0,"max_hp_loss":0,"event_name":"Upgrade Shrine","floor":20,"gold_loss":0,"cards_upgraded":["alterego_mod:AlterEgo"]}],"is_beta":false,"boss_relics":[{"not_picked":["Velvet Choker","GuanYuAspect"],"picked":"GreenFoldingFan"},{"not_picked":["energizedSpire:HugeHouse","energizedSpire:RedRose"],"picked":"Painkiller Herb"}],"items_purged_floors":[5,5,5,5,5,5,36],"is_endless":false,"potions_floor_spawned":[1,2,8,19,22,23,29,33,39],"killed_by":"Spire Growth","ascension_level":0}}