{"host":"na09lpbrez4gbfiz","time":1609551461,"event":{"mods":["Act Like it!","BaseMod","BetterRewards","Colored Map","Colored Powertips","DeckTracker","Googly Eyes","Highlight Path","Minty Spire (QoL Compilation)","Quick Restart","Spicy Shops","StSLib","SuperFastMode","Synergy Search"],"gold_per_floor":[119,294,244,261,272,272,284,284,308,308,327,327,342,342,342,342,342],"floor_reached":16,"playtime":432,"items_purged":["Strike_R"],"score":143,"play_id":"a26ec6aa-e8a7-4fe9-b9d8-74f3e22ce380","local_time":"20210102023741","is_ascension_mode":true,"campfire_choices":[{"data":"Pommel Strike","floor":6,"key":"SMITH"},{"data":"Bash","floor":8,"key":"SMITH"},{"data":"Shrug It Off","floor":12,"key":"SMITH"},{"floor":15,"key":"REST"}],"circlet_count":0,"master_deck":["AscendersBane","Strike_R","Strike_R","Strike_R","Strike_R","Defend_R","Defend_R","Defend_R","Defend_R","Bash+1","Pommel Strike+1","Shrug It Off+1","Shrug It Off+1"],"relics":["Burning Blood","Juzu Bracelet","Golden Idol"],"acts_visited":["Exordium"],"potions_floor_usage":[16,16],"damage_taken":[{"damage":9,"enemies":"Jaw Worm","floor":1,"turns":3},{"damage":7,"enemies":"Small Slimes","floor":4,"turns":3},{"damage":1,"enemies":"2 Louse","floor":5,"turns":4},{"damage":30,"enemies":"Large Slime","floor":7,"turns":7},{"damage":10,"enemies":"Looter","floor":11,"turns":4},{"damage":15,"enemies":"Exordium Thugs","floor":13,"turns":5},{"damage":60,"enemies":"Hexaghost","floor":16,"turns":14}],"seed_played":"8266176502606949388","potions_obtained":[{"floor":4,"key":"SpeedPotion"},{"floor":7,"key":"HeartOfIron"},{"floor":13,"key":"PowerPotion"}],"is_trial":false,"path_per_floor":["M","?","?","M","M","R","M","R","T","?","M","R","M","?","R","B"],"character_chosen":"IRONCLAD","items_purchased":["Pommel Strike"],"campfire_rested":1,"item_purchase_floors":[0],"current_hp_per_floor":[69,69,69,68,73,73,49,49,49,49,45,45,36,36,58,0,0],"gold":342,"neow_bonus":"","is_daily":false,"chose_seed":false,"campfire_upgraded":3,"win_rate":0.0,"timestamp":1609551461,"path_taken":["M","?","?","M","M","R","M","R","T","?","M","R","M","?","R","BOSS"],"items_purchased_type":["Card"],"build_version":"2020-12-22","purchased_purges":1,"victory":false,"max_hp_per_floor":[80,80,80,80,80,80,80,80,80,74,74,74,74,74,74,74,74],"card_choices":[{"not_picked":["Cleave","Reckless Charge","Wild Strike"],"picked":"SKIP","floor":1},{"not_picked":["Cleave","Metallicize"],"picked":"Shrug It Off","floor":4},{"not_picked":["Clothesline","Searing Blow","Disarm"],"picked":"SKIP","floor":5},{"not_picked":["Havoc","Anger","Sever Soul"],"picked":"SKIP","floor":7},{"not_picked":["Cleave","Twin Strike","Shrug It Off"],"picked":"SKIP","floor":11},{"not_picked":["Cleave","Twin Strike"],"picked":"Shrug It Off","floor":11},{"not_picked":["Thunderclap","Flex","Reckless Charge"],"picked":"SKIP","floor":13}],"player_experience":258494,"relics_obtained":[{"floor":9,"key":"Juzu Bracelet"}],"event_choices":[{"damage_healed":0,"gold_gain":175,"player_choice":"AGREE","damage_taken":0,"max_hp_gain":0,"max_hp_loss":0,"event_name":"Liars Game","floor":2,"gold_loss":0,"cards_obtained":["Doubt"]},{"cards_removed":["Doubt"],"damage_healed":0,"gold_gain":0,"player_choice":"Card Removal","damage_taken":0,"max_hp_gain":0,"max_hp_loss":0,"event_name":"The Cleric","floor":3,"gold_loss":50},{"damage_healed":0,"gold_gain":0,"player_choice":"Lose Max HP","damage_taken":0,"relics_obtained":["Golden Idol"],"max_hp_gain":0,"max_hp_loss":6,"event_name":"Golden Idol","floor":10,"gold_loss":0},{"damage_healed":0,"gold_gain":0,"player_choice":"Grow","damage_taken":0,"max_hp_gain":0,"max_hp_loss":0,"event_name":"Living Wall","floor":14,"gold_loss":0,"cards_upgraded":["Shrug It Off"]}],"is_beta":false,"boss_relics":[],"items_purged_floors":[0],"is_endless":false,"potions_floor_spawned":[4,7,13],"killed_by":"Hexaghost","ascension_level":11}}