{"host":"sc0o2qwpf9j16a4i","time":1609609794,"event":{"mods":["AchievementEnabler","BaseMod","BetterRewards","Block Reminder","Colored Map","Colored Powertips","Custom Start","Highlight Path","Minty Spire (QoL Compilation)","Relic Stats"],"gold_per_floor":[116,136,154,14,30,30,0,29,29,55,67,79,126,152,164,249,261,292,304,331,353,42,42,42,42,42,77,177,196,196,231,231,231,231],"floor_reached":33,"playtime":1174,"items_purged":["Strike_R"],"score":906,"play_id":"a4055892-efca-43b3-858b-22dcc036e219","local_time":"20210102194954","is_ascension_mode":true,"campfire_choices":[{"data":"Uppercut","floor":6.0,"key":"SMITH"},{"data":"Body Slam","floor":12.0,"key":"SMITH"},{"data":"Metallicize","floor":15.0,"key":"SMITH"},{"data":"Dark Embrace","floor":23.0,"key":"SMITH"},{"data":"Feel No Pain","floor":25.0,"key":"SMITH"},{"data":"Disarm","floor":30.0,"key":"SMITH"},{"data":"Impervious","floor":32,"key":"SMITH"}],"circlet_count":0,"master_deck":["AscendersBane","Strike_R+1","Strike_R+1","Strike_R+1","Strike_R+1","Defend_R+1","Defend_R+1","Defend_R+1","Defend_R+1","Bash","Metallicize+1","Feel No Pain+1","Body Slam+1","Anger","Uppercut+1","True Grit+1","Impervious+1","Sentinel","Exhume","Headbutt","Dark Embrace+1","Disarm+1","Whirlwind","Fiend Fire","Seeing Red+1","Entrench+1"],"relics":["Burning Blood","FossilizedHelix","Orichalcum","Red Skull","Bag of Preparation","StrikeDummy","Eternal Feather","MawBank","InkBottle","Runic Dome","Chemical X","Frozen Egg 2","Dream Catcher","Prayer Wheel","Toxic Egg 2","Unceasing Top"],"acts_visited":["Exordium","TheCity"],"potions_floor_usage":[33,33],"damage_taken":[{"damage":0.0,"enemies":"Cultist","floor":1.0,"turns":3.0},{"damage":0.0,"enemies":"Jaw Worm","floor":2.0,"turns":4.0},{"damage":2.0,"enemies":"2 Louse","floor":3.0,"turns":3.0},{"damage":0.0,"enemies":"Red Slaver","floor":5.0,"turns":5.0},{"damage":15.0,"enemies":"Gremlin Nob","floor":8.0,"turns":5.0},{"damage":1.0,"enemies":"3 Sentries","floor":10.0,"turns":8.0},{"damage":0.0,"enemies":"Gremlin Nob","floor":13.0,"turns":4.0},{"damage":0.0,"enemies":"Large Slime","floor":14.0,"turns":4.0},{"damage":39.0,"enemies":"Hexaghost","floor":16.0,"turns":12.0},{"damage":0.0,"enemies":"Chosen","floor":18.0,"turns":2.0},{"damage":0.0,"enemies":"Spheric Guardian","floor":20.0,"turns":5.0},{"damage":12.0,"enemies":"Snecko","floor":21.0,"turns":7.0},{"damage":5.0,"enemies":"Book of Stabbing","floor":27.0,"turns":6.0},{"damage":9.0,"enemies":"Colosseum Slavers","floor":28.0,"turns":4.0},{"damage":3.0,"enemies":"Colosseum Nobs","floor":28.0,"turns":4.0},{"damage":0.0,"enemies":"Snake Plant","floor":29.0,"turns":4.0},{"damage":0.0,"enemies":"Gremlin Leader","floor":31.0,"turns":7.0},{"damage":84,"enemies":"Champ","floor":33,"turns":15}],"seed_played":"-3656648937184623922","potions_obtained":[{"floor":2.0,"key":"Weak Potion"},{"floor":8.0,"key":"SpeedPotion"},{"floor":16.0,"key":"Dexterity Potion"}],"is_trial":false,"path_per_floor":["M","M","M","$","M","R","?","E","T","E","$","R","E","M","R","B",null,"M","?","M","M","$","R","?","R","T","E","?","M","R","E","R","B"],"character_chosen":"IRONCLAD","items_purchased":["FossilizedHelix","Orichalcum","Metallicize","Red Skull","Bag of Preparation","Uppercut","SteroidPotion","Chemical X","Whirlwind"],"campfire_rested":0,"item_purchase_floors":[0,0,0,0,0,4,4,22,22],"current_hp_per_floor":[33,39,43,43,49,49,49,40,40,45,45,54,60,66,75,42,67,73,73,75,69,69,75,75,75,75,75,75,75,75,75,75,0,0],"gold":231,"neow_bonus":"","is_daily":false,"chose_seed":false,"campfire_upgraded":7,"win_rate":0.0,"timestamp":1609609794,"path_taken":["M","?","M","$","?","R","?","E","T","E","$","R","E","M","R","BOSS","M","?","M","?","$","R","?","R","T","E","?","M","R","E","R","BOSS"],"items_purchased_type":["Relic","Relic","Card","Relic","Relic","Card","Potion","Relic","Card"],"build_version":"2020-12-22","purchased_purges":1,"victory":false,"max_hp_per_floor":[75,75,75,75,75,75,75,75,75,75,75,75,75,75,75,75,75,75,75,75,75,75,75,75,75,75,75,75,75,75,75,75,75,75],"relic_stats":{"Dream Catcher":3,"counters":[45,269],"Eternal Feather":24,"Prayer Wheel":1,"Bag of Preparation":[152],"Chemical X":[12],"Orichalcum":[258],"MawBank":288,"obtain_stats":[{"Darkstone Periapt":45,"Singing Bowl":13,"Torii":27,"Bag of Preparation":0,"Smiling Mask":26,"Burning Blood":0,"Dream Catcher":8,"Nunchaku":21,"Prayer Wheel":28,"Chemical X":22,"Toxic Egg 2":28,"InkBottle":48,"Red Skull":0,"Potion Belt":28,"Self Forming Clay":27,"Velvet Choker":0,"Eternal Feather":9,"Frozen Egg 2":14,"Orichalcum":0,"MawBank":10,"Runic Dome":17,"Bronze Scales":9,"Snecko Eye":17,"Art of War":6,"Coffee Dripper":34,"Bottled Lightning":41,"StrikeDummy":8,"FossilizedHelix":0,"Unceasing Top":31},{"Darkstone Periapt":24,"Singing Bowl":9,"Torii":15,"Bag of Preparation":27,"Smiling Mask":13,"Burning Blood":0,"Dream Catcher":6,"Nunchaku":12,"Prayer Wheel":42,"Chemical X":39,"Toxic Egg 2":42,"InkBottle":26,"Red Skull":27,"Potion Belt":16,"Self Forming Clay":15,"Velvet Choker":0,"Eternal Feather":32,"Frozen Egg 2":9,"Orichalcum":27,"MawBank":33,"Runic Dome":36,"Bronze Scales":6,"Snecko Eye":10,"Art of War":5,"Coffee Dripper":18,"Bottled Lightning":22,"StrikeDummy":32,"FossilizedHelix":27,"Unceasing Top":44},{"Darkstone Periapt":144,"Singing Bowl":41,"Torii":75,"Bag of Preparation":167,"Smiling Mask":65,"Burning Blood":0,"Dream Catcher":28,"Nunchaku":60,"Prayer Wheel":243,"Chemical X":229,"Toxic Egg 2":243,"InkBottle":165,"Red Skull":167,"Potion Belt":81,"Self Forming Clay":75,"Velvet Choker":0,"Eternal Feather":187,"Frozen Egg 2":41,"Orichalcum":167,"MawBank":195,"Runic Dome":215,"Bronze Scales":28,"Snecko Eye":51,"Art of War":20,"Coffee Dripper":97,"Bottled Lightning":129,"StrikeDummy":187,"FossilizedHelix":167,"Unceasing Top":254}],"Burning Blood":85,"InkBottle":[23],"Unceasing Top":[5]},"card_choices":[{"not_picked":["Dual Wield","Clash"],"picked":"Feel No Pain","floor":1.0},{"not_picked":["Warcry","Reckless Charge"],"picked":"Body Slam","floor":2.0},{"not_picked":["Havoc","Cleave"],"picked":"Anger","floor":3.0},{"not_picked":["Havoc","Double Tap"],"picked":"True Grit","floor":5.0},{"not_picked":["Dark Embrace","Clash"],"picked":"Impervious","floor":8.0},{"not_picked":["Sword Boomerang","Body Slam","Power Through"],"picked":"SKIP","floor":10.0},{"not_picked":["Pommel Strike","Blood for Blood"],"picked":"Sentinel","floor":13.0},{"not_picked":["Clash","Twin Strike","Sword Boomerang"],"picked":"SKIP","floor":14.0},{"not_picked":["Brutality","Berserk"],"picked":"Exhume","floor":16.0},{"not_picked":["Wild Strike","Clash"],"picked":"Headbutt","floor":18.0},{"not_picked":["Havoc","Second Wind"],"picked":"Dark Embrace","floor":20.0},{"not_picked":["Hemokinesis","Anger"],"picked":"Disarm","floor":21.0},{"not_picked":["Thunderclap+1","Twin Strike","Cleave"],"picked":"SKIP","floor":27.0},{"not_picked":["Flex+1","Wild Strike"],"picked":"Fiend Fire","floor":28.0},{"not_picked":["Headbutt","Iron Wave"],"picked":"Seeing Red+1","floor":29.0},{"not_picked":["Whirlwind","Wild Strike+1","Clothesline"],"picked":"SKIP","floor":29.0},{"not_picked":["Demon Form+1","Cleave"],"picked":"Entrench+1","floor":31}],"player_experience":513652,"relics_obtained":[{"floor":8.0,"key":"StrikeDummy"},{"floor":9.0,"key":"Eternal Feather"},{"floor":10.0,"key":"MawBank"},{"floor":13.0,"key":"InkBottle"},{"floor":26.0,"key":"Frozen Egg 2"},{"floor":27.0,"key":"Dream Catcher"},{"floor":28.0,"key":"Prayer Wheel"},{"floor":28.0,"key":"Toxic Egg 2"},{"floor":31,"key":"Unceasing Top"}],"event_choices":[{"damage_healed":0.0,"max_hp_gain":0.0,"max_hp_loss":0.0,"gold_gain":0.0,"event_name":"World of Goop","player_choice":"Left Gold","floor":7.0,"gold_loss":30.0,"damage_taken":0.0},{"damage_healed":0.0,"max_hp_gain":0.0,"max_hp_loss":0.0,"gold_gain":0.0,"event_name":"Upgrade Shrine","player_choice":"Upgraded","floor":19.0,"gold_loss":0.0,"damage_taken":0.0,"cards_upgraded":["True Grit"]},{"damage_healed":0.0,"max_hp_gain":0.0,"max_hp_loss":0.0,"gold_gain":0.0,"event_name":"Back to Basics","player_choice":"Simplicity","floor":24.0,"gold_loss":0.0,"damage_taken":0.0,"cards_upgraded":["Strike_R","Strike_R","Strike_R","Strike_R","Defend_R","Defend_R","Defend_R","Defend_R"]},{"damage_healed":0.0,"max_hp_gain":0.0,"max_hp_loss":0.0,"gold_gain":0.0,"event_name":"Colosseum","player_choice":"Fight","floor":28.0,"gold_loss":0.0,"damage_taken":0.0},{"damage_healed":0.0,"max_hp_gain":0.0,"max_hp_loss":0.0,"gold_gain":0.0,"event_name":"Colosseum","player_choice":"Fought Nobs","floor":28.0,"gold_loss":0.0,"damage_taken":0.0}],"is_beta":false,"boss_relics":[{"not_picked":["Black Star","Fusion Hammer"],"picked":"Runic Dome"}],"items_purged_floors":[22],"is_endless":false,"potions_floor_spawned":[2,8,16,21,28,28],"killed_by":"Champ","ascension_level":20}}