{"host":"qekv59dthhdg54sz","time":1609563565,"event":{"mods":["AchievementEnabler","BaseMod","Colored Map","DeckTracker","KOR Keyword Fix","Minty Spire (QoL Compilation)","Rare Cards Sparkle","StSLib","SuperFastMode"],"gold_per_floor":[118,130,130,141,158,158,158],"floor_reached":6,"playtime":102,"items_purged":[],"score":76,"play_id":"0fa3852d-22b2-4b75-ae0a-a4b86c58b413","local_time":"20210102135925","is_ascension_mode":true,"campfire_choices":[],"circlet_count":0,"master_deck":["AscendersBane","Strike_B","Strike_B","Strike_B","Strike_B","Defend_B","Defend_B","Defend_B","Defend_B","Zap","Dualcast","Go for the Eyes","Conserve Battery","Creative AI","Cold Snap","Steam Power","Genetic Algorithm","Compile Driver"],"relics":["Cracked Core","NeowsBlessing"],"acts_visited":["Exordium"],"potions_floor_usage":[5,6],"damage_taken":[{"damage":0.0,"enemies":"Cultist","floor":1.0,"turns":1.0},{"damage":0.0,"enemies":"Small Slimes","floor":2.0,"turns":1.0},{"damage":0,"enemies":"Jaw Worm","floor":4,"turns":1},{"damage":9,"enemies":"Gremlin Gang","floor":5,"turns":6},{"damage":0,"enemies":"Gremlin Nob","floor":6,"turns":2}],"seed_played":"3732629853504967895","potions_obtained":[{"floor":2.0,"key":"PotionOfCapacity"},{"floor":4,"key":"ColorlessPotion"}],"is_trial":false,"path_per_floor":["M","M","?","M","M","E"],"character_chosen":"DEFECT","items_purchased":[],"campfire_rested":0,"item_purchase_floors":[],"current_hp_per_floor":[64,64,64,64,55,55,55],"gold":158,"neow_bonus":"THREE_ENEMY_KILL","is_daily":false,"chose_seed":false,"campfire_upgraded":0,"win_rate":0.0,"timestamp":1609563565,"path_taken":["M","?","?","?","M","E"],"items_purchased_type":[],"build_version":"2020-12-22","purchased_purges":0,"victory":false,"max_hp_per_floor":[71,71,71,71,71,71,71],"card_choices":[{"not_picked":["Rebound","Aggregate"],"picked":"Go for the Eyes","floor":1.0},{"not_picked":["Aggregate","Sweeping Beam"],"picked":"Conserve Battery","floor":2.0},{"not_picked":["Barrage","Cold Snap"],"picked":"Genetic Algorithm","floor":4},{"not_picked":["Multi-Cast","Loop"],"picked":"Compile Driver","floor":5}],"player_experience":749157,"relics_obtained":[],"event_choices":[{"damage_healed":0,"gold_gain":0,"player_choice":"3 cards matched","damage_taken":0,"max_hp_gain":0,"max_hp_loss":0,"event_name":"Match and Keep!","floor":3,"gold_loss":0,"cards_obtained":["Creative AI","Cold Snap","Steam Power"]}],"is_beta":false,"boss_relics":[],"items_purged_floors":[],"is_endless":false,"potions_floor_spawned":[2,4],"killed_by":"Gremlin Nob","ascension_level":20}}