{"host":"minbhrtlkaoly5f0","time":1609567368,"event":{"mods":["Act Like it!","BaseMod","Colored Map","Colored Powertips","KinomotoSakuraMod(Ä¾Ö®±¾Ó£)","Minty Spire (QoL Compilation)","Quick Restart"],"gold_per_floor":[112,92,103,51,64,93,110,138,138,138,61,61,61,77,77,182,182,202,202,222,238,238,238,258,258,258],"floor_reached":25,"playtime":1218,"items_purged":[],"score":238,"play_id":"69d034e9-148f-42ee-8a96-04987039c2d1","local_time":"20210102140248","is_ascension_mode":true,"campfire_choices":[{"floor":10.0,"key":"REST"},{"floor":13.0,"key":"RECALL"},{"data":"ClowCardTheLoop","floor":15.0,"key":"SMITH"},{"floor":23,"key":"REST"}],"circlet_count":1,"master_deck":["SakuraCardTheStorm+","SakuraCardTheFreeze+","ClowCardTheSword+1","ClowCardTheSword+1","ClowCardTheSword+1","ClowCardTheSword+1","ClowCardTheShield+1","ClowCardTheShield+1","ClowCardTheShield+1","ClowCardTheShield+1","SpellCardSeal+1","SpellCardRelease","ClowCardTheShot","ClowCardTheShot","ClowCardTheFirey","ClowCardTheErase","ClowCardTheGlow","ClowCardTheLoop+1","ClowCardTheVoice","ClowCardTheEarthy","ClowCardTheLibra","Writhe"],"relics":["KSMOD_SealedBook","KSMOD_SealedWand","NeowsBlessing","Bird Faced Urn","Circlet","StoneCalendar","KSMOD_DarknessWand","Kunai","Incense Burner"],"acts_visited":["Exordium","TheCity"],"potions_floor_usage":[],"damage_taken":[{"damage":0.0,"enemies":"Jaw Worm","floor":1.0,"turns":1.0},{"damage":0.0,"enemies":"Cultist","floor":3.0,"turns":1.0},{"damage":0.0,"enemies":"Small Slimes","floor":5.0,"turns":1.0},{"damage":26.0,"enemies":"3 Sentries","floor":6.0,"turns":7.0},{"damage":13.0,"enemies":"3 Louse","floor":7.0,"turns":3.0},{"damage":0.0,"enemies":"Replay:BlueRogue","floor":8.0,"turns":4.0},{"damage":2.0,"enemies":"Blue Slaver","floor":14.0,"turns":2.0},{"damage":27.0,"enemies":"Slime Boss","floor":16.0,"turns":7.0},{"damage":34.0,"enemies":"Spheric Guardian","floor":18.0,"turns":5.0},{"damage":27,"enemies":"3 Byrds","floor":20,"turns":5},{"damage":9,"enemies":"Centurion and Healer","floor":21,"turns":7},{"damage":23,"enemies":"Chosen and Byrds","floor":24,"turns":5}],"seed_played":"8134181199946762088","potions_obtained":[{"floor":1.0,"key":"LifebloodPotion"},{"floor":2.0,"key":"PowerPotion"},{"floor":6.0,"key":"SteroidPotion"}],"is_trial":false,"path_per_floor":["M","?","M","$","M","E","M","E","T","R","$","?","R","M","R","B",null,"M","?","M","M","?","R","M","?"],"character_chosen":"KINOMOTOSAKURA","items_purchased":["ClowCardTheStorm+1","ClowCardTheLoop"],"campfire_rested":2,"item_purchase_floors":[4,11],"current_hp_per_floor":[70,70,70,70,70,44,31,31,31,52,52,52,52,50,50,25,70,39,39,14,7,7,28,7,0,0],"gold":258,"neow_bonus":"THREE_ENEMY_KILL","is_daily":false,"chose_seed":false,"campfire_upgraded":1,"win_rate":0.0,"timestamp":1609567368,"path_taken":["M","?","M","?","M","E","M","E","T","R","$","?","R","M","R","BOSS","M","?","M","M","?","R","M","?"],"items_purchased_type":["Card","Card"],"build_version":"2020-12-22","purchased_purges":0,"victory":false,"max_hp_per_floor":[70,70,70,70,70,70,70,70,70,70,70,70,70,70,70,70,70,70,70,70,70,70,70,70,70,70],"card_choices":[{"not_picked":["ClowCardTheShot","ClowCardTheFlower"],"picked":"ClowCardTheFreeze","floor":1.0},{"not_picked":["ClowCardTheWave","ClowCardTheShadow"],"picked":"ClowCardTheShot","floor":3.0},{"not_picked":["ClowCardTheIllusion","ClowCardTheDream"],"picked":"ClowCardTheShot","floor":5.0},{"not_picked":["ClowCardThePower","ClowCardTheStorm"],"picked":"ClowCardTheFirey","floor":6.0},{"not_picked":["ClowCardTheSand","ClowCardTheFirey"],"picked":"ClowCardTheErase","floor":7.0},{"not_picked":["ClowCardTheWatery","ClowCardTheShadow"],"picked":"ClowCardTheGlow","floor":8.0},{"not_picked":["ClowCardTheArrow","ClowCardTheSleep","ClowCardTheBig"],"picked":"SKIP","floor":14.0},{"not_picked":["ClowCardTheLight","ClowCardTheDash"],"picked":"ClowCardTheCreate","floor":16.0},{"not_picked":["ClowCardTheDream","ClowCardTheChange"],"picked":"ClowCardTheVoice","floor":18.0},{"not_picked":["ClowCardTheSnow+1","ClowCardTheMaze"],"picked":"ClowCardTheEarthy","floor":20},{"not_picked":["ClowCardTheSand","ClowCardTheVoice"],"picked":"ClowCardTheLibra","floor":21},{"not_picked":["ClowCardThePower+1","ClowCardTheMove+1","ClowCardTheMaze"],"picked":"SKIP","floor":24}],"player_experience":9221,"relics_obtained":[{"floor":6.0,"key":"Bird Faced Urn"},{"floor":8.0,"key":"Replay:WaspNest"},{"floor":9.0,"key":"StoneCalendar"},{"floor":18.0,"key":"Kunai"}],"event_choices":[{"damage_healed":0.0,"max_hp_gain":0.0,"max_hp_loss":0.0,"gold_gain":0.0,"event_name":"The Woman in Blue","player_choice":"Bought 1 Potion","floor":2.0,"gold_loss":0.0,"damage_taken":0.0},{"damage_healed":0.0,"max_hp_gain":0.0,"max_hp_loss":0.0,"gold_gain":0.0,"event_name":"Accursed Blacksmith","player_choice":"Forge","floor":12.0,"gold_loss":0.0,"damage_taken":0.0,"cards_upgraded":["SpellCardSeal"]},{"damage_healed":0,"gold_gain":0,"player_choice":"Simplicity","damage_taken":0,"max_hp_gain":0,"max_hp_loss":0,"event_name":"Back to Basics","floor":19,"gold_loss":0,"cards_upgraded":["ClowCardTheSword","ClowCardTheSword","ClowCardTheSword","ClowCardTheSword","ClowCardTheShield","ClowCardTheShield","ClowCardTheShield","ClowCardTheShield"]},{"damage_healed":0,"gold_gain":0,"player_choice":"Opened","damage_taken":0,"relics_obtained":["Incense Burner"],"max_hp_gain":0,"max_hp_loss":0,"event_name":"The Mausoleum","floor":22,"gold_loss":0,"cards_obtained":["Writhe"]}],"is_beta":false,"boss_relics":[{"not_picked":["Circlet","Circlet"],"picked":"KSMOD_DarknessWand"}],"items_purged_floors":[],"is_endless":false,"potions_floor_spawned":[1,6,7,21,24],"ascension_level":0}}