{"host":"8o45mh5p3pp1o2mi","time":1609617638,"event":{"mods":["BaseMod","Better Match","Better Third Choice","BetterRewards","Minty Spire (QoL Compilation)","Rare Cards Sparkle","Relic Stats","Replay The Spire","Shop Mod","StSLib","everything is the same but u backflip on backflip"],"gold_per_floor":[119,136,155,155,172,198,198,198,251,312,312,332,18,18,18,18,18,115,115,125,99,31,31,31,31,31,61,88,102,113,113,138,157,157,258,258,273,273,26,26,43,68,68,97,151,190,224,274,289,289,289],"floor_reached":50,"playtime":3614,"items_purged":["ReplayTheSpireMod:Restless Dread","Defend_G"],"score":756,"play_id":"d2f78da4-cf0d-40f1-9584-396dffab6940","local_time":"20210102200038","is_ascension_mode":true,"campfire_choices":[{"floor":7,"key":"REST"},{"data":"Draining Mist","floor":11,"key":"SMITH"},{"data":"Catalyst","floor":17,"key":"SMITH"},{"data":"Sneak Up","floor":25,"key":"SMITH"},{"data":"Toxin Wave","floor":31,"key":"SMITH"},{"data":"Night Terror","floor":34,"key":"SMITH"},{"data":"Bouncing Flask","floor":43,"key":"SMITH"}],"circlet_count":0,"master_deck":["Defend_G","Defend_G","Defend_G","Defend_G","Survivor","Neutralize","ReplayTheSpireMod:Exploit Weakness","Toxin Wave","Catalyst+1","Poisoned Stab","Backstab","Burn","Draining Mist+1","Deadly Poison","Poisoned Strike","Well Laid Plans+1","Tools of the Trade+1","Toxin Wave+1","Dagger Throw","Sneak Up+1","Sucker Punch","Bite","Bite","Bite","Bite+1","Bite+1","Reflex","Sneak Up","Night Terror+1","Doppelganger","Bouncing Flask+1","Backstab+1","Leg Sweep+1","Backflip+1","Footwork+1"],"relics":["Ring of the Snake","Incense Burner","Replay:Mystery Machine","Happy Flower","Replay:Wax Seal","Black Star","Art of War","Orichalcum","White Beast Statue","Potion Belt","ChewingGum","MerchantsRug","Replay:Ringing Soul","Sundial","Pen Nib","Bag of Marbles","Snake Skull","Mirror","Pondfish Scales"],"acts_visited":["Exordium","TheCity","TheBeyond"],"potions_floor_usage":[6,6,18,18,27,41,42,44,44,50,50,50],"damage_taken":[{"damage":5,"enemies":"2 Louse","floor":1,"turns":2},{"damage":6,"enemies":"Small Slimes","floor":2,"turns":4},{"damage":4,"enemies":"Jaw Worm","floor":3,"turns":6},{"damage":8,"enemies":"Lots of Slimes","floor":5,"turns":3},{"damage":10,"enemies":"Gremlin Nob","floor":6,"turns":4},{"damage":2,"enemies":"Large Slime","floor":12,"turns":4},{"damage":30,"enemies":"Fading Forest","floor":18,"turns":11},{"damage":7,"enemies":"Shell Parasite","floor":20,"turns":3},{"damage":28,"enemies":"Book of Stabbing","floor":27,"turns":5},{"damage":0,"enemies":"Chosen","floor":29,"turns":4},{"damage":0,"enemies":"Snake Plant","floor":30,"turns":4},{"damage":15,"enemies":"Replay:Snechameleon","floor":32,"turns":5},{"damage":9,"enemies":"Centurion and Healer","floor":33,"turns":7},{"damage":26,"enemies":"Automaton","floor":35,"turns":4},{"damage":0,"enemies":"Orb Walker","floor":37,"turns":3},{"damage":0,"enemies":"3 Darklings","floor":41,"turns":4},{"damage":0,"enemies":"Nemesis","floor":42,"turns":7},{"damage":33,"enemies":"Reptomancer","floor":44,"turns":6},{"damage":6,"enemies":"Nemesis","floor":47,"turns":7},{"damage":0,"enemies":"Mind Bloom Boss Battle","floor":48,"turns":5},{"damage":0,"enemies":"Maw","floor":49,"turns":5},{"damage":72,"enemies":"Giant Head","floor":50,"turns":7}],"seed_played":"-5281809311287323240","potions_obtained":[{"floor":1,"key":"SteroidPotion"},{"floor":5,"key":"PowerPotion"},{"floor":6,"key":"Dexterity Potion"},{"floor":10,"key":"GhostInAJar"},{"floor":10,"key":"FearPotion"},{"floor":10,"key":"Toxic Potion"},{"floor":20,"key":"FearPotion"},{"floor":30,"key":"SpeedPotion"},{"floor":33,"key":"Weak Potion"},{"floor":35,"key":"LiquidBronze"},{"floor":37,"key":"Poison Potion"},{"floor":41,"key":"Dexterity Potion"},{"floor":42,"key":"SneckoOil"},{"floor":44,"key":"BlessingOfTheForge"},{"floor":47,"key":"CultistPotion"},{"floor":48,"key":"SkillPotion"}],"is_trial":false,"path_per_floor":["M","M","M","?","M","E","R","?","T","?","R","M","$","$","PTL","PTL","R","B",null,"M","$","$","?","?","R","?","E","T","M","M","R","E","M","R","B",null,"M","?","$","?","M","E","R","E","T","$","E","?","M","E"],"character_chosen":"THE_SILENT","items_purchased":["Poisoned Strike","Well Laid Plans+1","Dagger Throw","Sneak Up","MerchantsRug"],"campfire_rested":1,"item_purchase_floors":[13,13,21,22,39],"current_hp_per_floor":[65,59,55,43,35,25,46,46,46,46,46,44,44,44,44,44,44,34,70,63,63,63,63,49,49,49,27,27,33,40,40,33,35,35,12,49,49,49,49,49,49,52,52,37,37,37,44,51,60,0,0],"gold":289,"neow_bonus":"ONE_RARE_RELIC","is_daily":false,"chose_seed":false,"campfire_upgraded":6,"win_rate":0.0,"timestamp":1609617638,"path_taken":["M","M","M","?","M","E","R","?","T","?","R","M","?","$","PTL","PTL","R","BOSS","M","?","$","?","?","R","?","E","T","M","?","R","E","M","R","BOSS","M","?","$","?","?","E","R","E","T","$","E","?","M","E"],"items_purchased_type":["Card","Card","Card","Card","Relic"],"build_version":"2020-12-22","purchased_purges":2,"victory":false,"max_hp_per_floor":[70,70,70,70,70,70,70,70,70,70,70,70,70,70,70,70,70,70,70,70,70,70,70,49,49,49,49,49,49,49,49,49,49,49,49,49,49,49,49,49,49,52,52,62,62,62,65,68,71,71,71],"relic_stats":{"Happy Flower":[30],"counters":[22,110],"Sundial":[2],"Pen Nib":[3],"Snake Skull":[20],"Black Star":5,"Art of War":[10],"Orichalcum":[228],"obtain_stats":[{"Potion Belt":32,"MerchantsRug":39,"Happy Flower":6,"Pen Nib":44,"Snake Skull":47,"Incense Burner":0,"Whetstone":28,"Replay:Mystery Machine":4,"Orichalcum":27,"White Beast Statue":32,"Replay:Ringing Soul":42,"Pondfish Scales":48,"Sundial":42,"Strawberry":44,"ChewingGum":36,"Black Star":19,"Art of War":27,"Bag of Marbles":45,"Replay:Wax Seal":9,"Mirror":47,"Ring of the Snake":0},{"Potion Belt":12,"MerchantsRug":15,"Happy Flower":5,"Pen Nib":18,"Snake Skull":19,"Incense Burner":0,"Whetstone":9,"Replay:Mystery Machine":3,"Orichalcum":9,"White Beast Statue":12,"Replay:Ringing Soul":17,"Pondfish Scales":20,"Sundial":17,"Strawberry":18,"ChewingGum":14,"Black Star":7,"Art of War":9,"Bag of Marbles":18,"Replay:Wax Seal":5,"Mirror":19,"Ring of the Snake":0},{"Potion Belt":55,"MerchantsRug":69,"Happy Flower":19,"Pen Nib":86,"Snake Skull":93,"Incense Burner":0,"Whetstone":42,"Replay:Mystery Machine":12,"Orichalcum":42,"White Beast Statue":55,"Replay:Ringing Soul":80,"Pondfish Scales":98,"Sundial":80,"Strawberry":86,"ChewingGum":66,"Black Star":34,"Art of War":42,"Bag of Marbles":86,"Replay:Wax Seal":19,"Mirror":93,"Ring of the Snake":0}],"Ring of the Snake":[44]},"card_choices":[{"not_picked":["Underhanded Strike","Blade Dance"],"picked":"ReplayTheSpireMod:Exploit Weakness","floor":1},{"not_picked":["Cloak And Dagger","Slice"],"picked":"Toxin Wave","floor":2},{"not_picked":["Poisoned Stab","PiercingWail"],"picked":"Catalyst","floor":3},{"not_picked":["Sucker Punch","Infinite Blades"],"picked":"Poisoned Stab","floor":5},{"not_picked":["Hidden Blade","Slice"],"picked":"Backstab","floor":6},{"not_picked":["Dodge and Roll","Doppelganger"],"picked":"Draining Mist","floor":10},{"not_picked":["PiercingWail","Finisher"],"picked":"Deadly Poison","floor":12},{"not_picked":["Night Terror","Doppelganger"],"picked":"Tools of the Trade","floor":18},{"not_picked":["Deflect","Riddle With Holes"],"picked":"Toxin Wave","floor":20},{"not_picked":["Accuracy","Flying Knee"],"picked":"Reflex","floor":27},{"not_picked":["Acrobatics+1","Reflex+1","Masterful Stab"],"picked":"SKIP","floor":29},{"not_picked":["PiercingWail","ReplayTheSpireMod:Exploit Weakness+1","Reflex"],"picked":"SKIP","floor":30},{"not_picked":["Quick Slash","Acrobatics+1"],"picked":"Sneak Up","floor":32},{"not_picked":["Cloak And Dagger+1","PiercingWail"],"picked":"Night Terror","floor":33},{"not_picked":["Night Terror","Phantasmal Killer"],"picked":"Doppelganger","floor":35},{"not_picked":["Dagger Throw","Slice+1","Bane+1"],"picked":"SKIP","floor":37},{"not_picked":["Dagger Throw","Blur","Bane+1"],"picked":"SKIP","floor":41},{"not_picked":["Skewer+1","Sucker Punch"],"picked":"Bouncing Flask","floor":42},{"not_picked":["PiercingWail+1","Dagger Spray"],"picked":"Backstab+1","floor":44},{"not_picked":["Dash+1","Dagger Spray"],"picked":"Leg Sweep+1","floor":47},{"not_picked":["Masterful Stab+1","Noxious Fumes"],"picked":"Backflip+1","floor":48},{"not_picked":["Flying Knee+1","Dagger Throw"],"picked":"Footwork+1","floor":49}],"player_experience":41999,"relics_obtained":[{"floor":6,"key":"Happy Flower"},{"floor":9,"key":"Replay:Wax Seal"},{"floor":27,"key":"Art of War"},{"floor":27,"key":"Orichalcum"},{"floor":28,"key":"Whetstone"},{"floor":32,"key":"White Beast Statue"},{"floor":32,"key":"Potion Belt"},{"floor":42,"key":"Replay:Ringing Soul"},{"floor":42,"key":"Sundial"},{"floor":44,"key":"Strawberry"},{"floor":44,"key":"Pen Nib"},{"floor":45,"key":"Bag of Marbles"},{"floor":47,"key":"Snake Skull"},{"floor":47,"key":"Mirror"},{"floor":48,"key":"Pondfish Scales"}],"event_choices":[{"damage_healed":0,"gold_gain":0,"player_choice":"Relic ","damage_taken":12,"max_hp_gain":0,"max_hp_loss":0,"event_name":"betterThird:BetterScrap","floor":4,"gold_loss":0,"cards_obtained":["WindmillStrike"]},{"damage_healed":46,"gold_gain":0,"player_choice":"Embrace Burn","damage_taken":0,"max_hp_gain":0,"max_hp_loss":70,"event_name":"betterThird:BetterShining","floor":8,"gold_loss":0},{"damage_healed":0,"gold_gain":0,"player_choice":"Read","damage_taken":0,"max_hp_gain":0,"max_hp_loss":0,"event_name":"The Library","floor":23,"gold_loss":0,"cards_obtained":["Sucker Punch"]},{"damage_healed":0,"gold_gain":0,"player_choice":"Became a vampire","damage_taken":0,"max_hp_gain":0,"max_hp_loss":21,"event_name":"Vampires","floor":24,"gold_loss":0,"cards_obtained":["Bite","Bite","Bite","Bite","Bite"]},{"damage_healed":0,"gold_gain":0,"player_choice":"Ignored","damage_taken":0,"max_hp_gain":0,"max_hp_loss":0,"event_name":"Ghosts","floor":26,"gold_loss":0},{"damage_healed":0,"gold_gain":0,"player_choice":"Ignored","damage_taken":0,"max_hp_gain":0,"max_hp_loss":0,"event_name":"Tomb of Lord Red Mask","floor":38,"gold_loss":0},{"damage_healed":0,"gold_gain":0,"player_choice":"Forge","damage_taken":0,"max_hp_gain":0,"max_hp_loss":0,"event_name":"Accursed Blacksmith","floor":40,"gold_loss":0,"cards_upgraded":["Tools of the Trade"]},{"damage_healed":0,"gold_gain":0,"player_choice":"Fight","damage_taken":0,"max_hp_gain":0,"max_hp_loss":0,"event_name":"MindBloom","floor":48,"gold_loss":0}],"is_beta":false,"boss_relics":[{"not_picked":["Replay:Wanted Poster","Replay:Ancient Bell"],"picked":"Black Star"},{"not_picked":["Cursed Key","SacredBark"],"picked":"ChewingGum"}],"items_purged_floors":[13,39],"is_endless":false,"potions_floor_spawned":[1,5,6,20,30,33,35,37,41,42,44,47,48,49],"killed_by":"Giant Head","ascension_level":3}}