{"host":"dhyczjm99amxd3qx","time":1609609853,"event":{"mods":["BaseMod","Colored Map","Googly Eyes","Highlight Path","Minty Spire (QoL Compilation)","Quick Restart","StSLib"],"gold_per_floor":[113,132,82,257,69,102,119,129,154,154,171,246,246,246],"floor_reached":13,"playtime":2119,"items_purged":["Doubt"],"score":102,"play_id":"686699f1-9593-43ec-9055-1d2fc81c1151","local_time":"20210102125053","is_ascension_mode":true,"campfire_choices":[],"circlet_count":0,"master_deck":["Strike_B","Strike_B","Strike_B","Strike_B","Defend_B","Defend_B","Defend_B","Zap","Dualcast","Genetic Algorithm","Conserve Battery","Glacier","Loop","Seek","Redo"],"relics":["Cracked Core","Lantern","Dream Catcher"],"acts_visited":["Exordium"],"potions_floor_usage":[],"damage_taken":[{"damage":4.0,"enemies":"2 Louse","floor":1.0,"turns":3.0},{"damage":13.0,"enemies":"Jaw Worm","floor":2.0,"turns":4.0},{"damage":34,"enemies":"Gremlin Nob","floor":6,"turns":6},{"damage":0,"enemies":"Cultist","floor":7,"turns":4},{"damage":0,"enemies":"Large Slime","floor":8,"turns":6},{"damage":11,"enemies":"2 Fungi Beasts","floor":11,"turns":4},{"damage":38,"enemies":"3 Sentries","floor":13,"turns":6}],"seed_played":"3908168880814866521","potions_obtained":[{"floor":7,"key":"LiquidMemories"},{"floor":8,"key":"Ancient Potion"}],"is_trial":false,"path_per_floor":["M","M","?","?","$","E","M","M","T","?","M","?","E"],"character_chosen":"DEFECT","items_purchased":["Glacier","Loop"],"campfire_rested":0,"item_purchase_floors":[5,5],"current_hp_per_floor":[78,65,65,65,65,31,31,31,31,58,47,36,0,0],"gold":246,"neow_bonus":"TEN_PERCENT_HP_BONUS","is_daily":false,"chose_seed":false,"campfire_upgraded":0,"win_rate":0.0,"timestamp":1609609853,"path_taken":["M","M","?","?","?","E","M","?","T","?","M","?","E"],"items_purchased_type":["Card","Card"],"build_version":"2020-12-22","purchased_purges":1,"victory":false,"max_hp_per_floor":[82,82,82,82,82,82,82,82,82,82,82,82,82,82],"card_choices":[{"not_picked":["Sweeping Beam","Beam Cell"],"picked":"Genetic Algorithm","floor":1.0},{"not_picked":["Hologram","Compile Driver"],"picked":"Conserve Battery","floor":2.0},{"not_picked":["Redo","Aggregate"],"picked":"Seek","floor":6},{"not_picked":["Sweeping Beam","Force Field","Static Discharge"],"picked":"SKIP","floor":7},{"not_picked":["Gash","Turbo","Sunder"],"picked":"SKIP","floor":8},{"not_picked":["White Noise","Streamline"],"picked":"Redo","floor":11}],"player_experience":275258,"relics_obtained":[{"floor":6,"key":"Lantern"},{"floor":9,"key":"Dream Catcher"}],"event_choices":[{"cards_removed":["Defend_B"],"damage_healed":0.0,"max_hp_gain":0.0,"max_hp_loss":0.0,"gold_gain":0.0,"event_name":"The Cleric","player_choice":"Card Removal","floor":3.0,"gold_loss":50.0,"damage_taken":0.0},{"damage_healed":0.0,"max_hp_gain":0.0,"max_hp_loss":0.0,"gold_gain":175.0,"event_name":"Liars Game","player_choice":"AGREE","floor":4.0,"gold_loss":0.0,"damage_taken":0.0,"cards_obtained":["Doubt"]},{"damage_healed":27,"gold_gain":0,"player_choice":"Banana","damage_taken":0,"max_hp_gain":0,"max_hp_loss":0,"event_name":"Big Fish","floor":10,"gold_loss":0},{"damage_healed":0,"gold_gain":75,"player_choice":"Gather Gold","damage_taken":11,"max_hp_gain":0,"max_hp_loss":0,"event_name":"World of Goop","floor":12,"gold_loss":0}],"is_beta":false,"boss_relics":[],"items_purged_floors":[5],"is_endless":false,"potions_floor_spawned":[7,8],"killed_by":"3 Sentries","ascension_level":4}}