{"host":"s94qw0zkfz86dnmr","time":1609578046,"event":{"mods":["AchievementEnabler","BaseMod","Highlight Path","Minty Spire (QoL Compilation)"],"gold_per_floor":[117,18,29,43,58,84,84,84,84,84,110,125,125,125],"floor_reached":13,"playtime":681,"items_purged":["Strike_P"],"score":100,"play_id":"66c3c086-76f4-413e-8449-4dda078f6e72","local_time":"20210102100046","is_ascension_mode":true,"campfire_choices":[{"floor":8,"key":"REST"},{"data":"PathToVictory","floor":10,"key":"SMITH"}],"circlet_count":0,"master_deck":["Strike_P","Strike_P","Strike_P","Defend_P","Defend_P","Defend_P","Defend_P","Eruption","Vigilance","Sadistic Nature","Wireheading","PathToVictory+1","Perseverance","PathToVictory"],"relics":["PureWater","Mercury Hourglass","Yang","Toy Ornithopter"],"acts_visited":["Exordium"],"potions_floor_usage":[],"damage_taken":[{"damage":0,"enemies":"Cultist","floor":1,"turns":2},{"damage":7,"enemies":"2 Louse","floor":3,"turns":4},{"damage":11,"enemies":"Jaw Worm","floor":4,"turns":4},{"damage":5,"enemies":"2 Fungi Beasts","floor":5,"turns":3},{"damage":26,"enemies":"Lagavulin","floor":6,"turns":9},{"damage":13,"enemies":"3 Sentries","floor":11,"turns":9},{"damage":7,"enemies":"Blue Slaver","floor":12,"turns":4},{"damage":5,"enemies":"Lagavulin","floor":13,"turns":4}],"seed_played":"-9090495021439177843","potions_obtained":[{"floor":3,"key":"BottledMiracle"},{"floor":5,"key":"Ancient Potion"},{"floor":11,"key":"SneckoOil"},{"floor":12,"key":"Strength Potion"}],"is_trial":false,"path_per_floor":["M","$","M","M","M","E","?","R","T","R","E","M","E"],"character_chosen":"WATCHER","items_purchased":["PathToVictory"],"campfire_rested":1,"item_purchase_floors":[2],"current_hp_per_floor":[51,51,44,33,28,2,2,23,23,23,10,3,0,0],"gold":125,"neow_bonus":"RANDOM_COLORLESS_2","is_daily":false,"chose_seed":false,"campfire_upgraded":1,"win_rate":0.0,"timestamp":1609578046,"path_taken":["M","?","M","M","M","E","?","R","T","R","E","M","E"],"items_purchased_type":["Card"],"build_version":"2020-12-22","purchased_purges":1,"victory":false,"max_hp_per_floor":[72,72,72,72,72,72,72,72,72,72,72,72,72,72],"card_choices":[{"not_picked":["Master of Strategy","Transmutation"],"picked":"Sadistic Nature","floor":0},{"not_picked":["Halt","Consecrate"],"picked":"Wireheading","floor":1},{"not_picked":["Indignation","Tantrum","EmptyBody"],"picked":"SKIP","floor":3},{"not_picked":["ThirdEye","EmptyMind"],"picked":"Perseverance","floor":4},{"not_picked":["FollowUp","Halt","Protect"],"picked":"SKIP","floor":5},{"not_picked":["Halt","WheelKick"],"picked":"PathToVictory","floor":6},{"not_picked":["CutThroughFate","Collect","Halt"],"picked":"SKIP","floor":11},{"not_picked":["Sanctity","Tantrum","BowlingBash"],"picked":"SKIP","floor":12}],"player_experience":266952,"relics_obtained":[{"floor":6,"key":"Mercury Hourglass"},{"floor":9,"key":"Yang"},{"floor":11,"key":"Toy Ornithopter"}],"event_choices":[{"damage_healed":0,"gold_gain":0,"player_choice":"0 cards matched","damage_taken":0,"max_hp_gain":0,"max_hp_loss":0,"event_name":"Match and Keep!","floor":7,"gold_loss":0,"cards_obtained":[]}],"is_beta":false,"boss_relics":[],"items_purged_floors":[2],"is_endless":false,"potions_floor_spawned":[3,5,11,12],"killed_by":"Lagavulin","ascension_level":1}}