{"host":"rt0td7aa3g170xdl","time":1609585460,"event":{"mods":["2.2 Compatiblity","AchievementEnabler","BaseMod","Colored Map","DeckTracker","Keyboard Shortcuts","Minty Spire (QoL Compilation)","Permanent Neow","Quick Restart","SuperFastMode","everything is the same but u backflip on backflip"],"gold_per_floor":[117,67,80,93,112,112,146,159,186,186,186],"floor_reached":10,"playtime":451,"items_purged":[],"score":88,"play_id":"53002162-7eb5-4ce8-8e69-d0df454ad420","local_time":"20210102200420","is_ascension_mode":true,"campfire_choices":[{"data":"Neutralize","floor":6,"key":"SMITH"}],"circlet_count":0,"master_deck":["Strike_G","Strike_G+1","Strike_G","Strike_G","Defend_G","Defend_G","Defend_G","Defend_G","Defend_G","Survivor","Neutralize+1","Catalyst","Dagger Throw+1","Backflip","Dagger Spray","Well Laid Plans","Backflip"],"relics":["Ring of the Snake","Whetstone","Akabeko"],"acts_visited":["Exordium"],"potions_floor_usage":[7,7,10],"damage_taken":[{"damage":0.0,"enemies":"2 Louse","floor":1.0,"turns":3.0},{"damage":4.0,"enemies":"Small Slimes","floor":3.0,"turns":3.0},{"damage":11.0,"enemies":"Cultist","floor":4.0,"turns":6.0},{"damage":16,"enemies":"Gremlin Gang","floor":5,"turns":6},{"damage":14,"enemies":"Gremlin Nob","floor":7,"turns":4},{"damage":3,"enemies":"Looter","floor":8,"turns":3},{"damage":23,"enemies":"Lagavulin","floor":10,"turns":5}],"seed_played":"4592837854245052231","potions_obtained":[{"floor":3.0,"key":"Swift Potion"},{"floor":5,"key":"AttackPotion"},{"floor":7,"key":"Energy Potion"}],"is_trial":false,"path_per_floor":["M","?","M","M","M","R","E","M","T","E"],"character_chosen":"THE_SILENT","items_purchased":[],"campfire_rested":0,"item_purchase_floors":[],"current_hp_per_floor":[70,70,66,55,39,39,25,22,22,0,0],"gold":186,"neow_bonus":"THREE_CARDS","is_daily":false,"chose_seed":false,"campfire_upgraded":1,"win_rate":0.0,"timestamp":1609585460,"path_taken":["M","?","M","M","M","R","E","M","T","E"],"items_purchased_type":[],"build_version":"2020-12-22","purchased_purges":0,"victory":false,"max_hp_per_floor":[70,70,70,70,70,70,70,70,70,70,70],"card_choices":[{"not_picked":["Bane","Prepared"],"picked":"Catalyst","floor":0.0},{"not_picked":["Outmaneuver","Endless Agony"],"picked":"Dagger Throw","floor":1.0},{"not_picked":["Choke","Dodge and Roll"],"picked":"Backflip","floor":3.0},{"not_picked":["Infinite Blades","Dodge and Roll"],"picked":"Dagger Spray","floor":4.0},{"not_picked":["Bane","Deflect"],"picked":"Well Laid Plans","floor":5},{"not_picked":["Acrobatics","Outmaneuver","Underhanded Strike"],"picked":"SKIP","floor":7},{"not_picked":["Sucker Punch","Bane"],"picked":"Backflip","floor":8}],"player_experience":302959,"relics_obtained":[{"floor":7,"key":"Whetstone"},{"floor":9,"key":"Akabeko"}],"event_choices":[{"cards_removed":["Strike_G"],"damage_healed":0.0,"max_hp_gain":0.0,"max_hp_loss":0.0,"gold_gain":0.0,"event_name":"The Cleric","player_choice":"Card Removal","floor":2.0,"gold_loss":50.0,"damage_taken":0.0}],"is_beta":false,"boss_relics":[],"items_purged_floors":[],"is_endless":false,"potions_floor_spawned":[3,5,7],"killed_by":"Lagavulin","ascension_level":5}}