{"host":"ac6e1xz8pi3qqstb","time":1609585783,"event":{"mods":["BaseMod","Minty Spire (QoL Compilation)","MostiFishMod","Relic Stats","Replay The Spire","StSLib","[IsaacMod]ÒÔÈö¼âËþ","¡¾ÒÅÎï¿¨ÅÆ¡¿REMEMod"],"gold_per_floor":[113,64,64,78,78,78,90,103,177,177,203,203,227,248,248,353,371,390,390,390],"floor_reached":19,"playtime":567,"items_purged":[],"score":161,"play_id":"efee82a5-3590-4932-bd4a-1da96891479a","local_time":"20210102190943","is_ascension_mode":false,"campfire_choices":[{"data":"Go for the Eyes","floor":6,"key":"SMITH"},{"data":"ReplayGash","floor":10,"key":"SMITH"},{"data":"Gash","floor":15,"key":"SMITH"}],"circlet_count":0,"master_deck":["Strike_B","Strike_B","Strike_B","Strike_B","Defend_B","Defend_B","Defend_B","Defend_B","Zap","Dualcast","Go for the Eyes+1","Go for the Eyes+1","ReplayGash+1","Gash+1","Stack+1","REME_Whirling+1","Sweeping Beam","Hyperbeam","ReplayGash","Hyperbeam","Reinforced Body+1"],"relics":["DaveBox","REME_ComplimentaryCards","HushsDoor","Coffee Dripper","Damocles","CombinedTypeHook","ReplayTheSpireMod:TigerMarble","SynthV:TestCard","BookOfRevelations","Symbiotic Virus","Toxic Egg 2","Carrot","CeramicFish","SentryEyes","REME_PuzzleBoxRelic","Busted Crown","Akabeko"],"acts_visited":["Exordium","TheCity"],"potions_floor_usage":[],"damage_taken":[{"damage":6,"enemies":"Jaw Worm","floor":1,"turns":3},{"damage":0,"enemies":"Small Slimes","floor":4,"turns":2},{"damage":0,"enemies":"Cultist","floor":7,"turns":2},{"damage":0,"enemies":"3 Louse","floor":8,"turns":2},{"damage":0,"enemies":"Lots of Slimes","floor":11,"turns":1},{"damage":0,"enemies":"Blue Slaver","floor":13,"turns":2},{"damage":0,"enemies":"3 Louse","floor":14,"turns":1},{"damage":9,"enemies":"Fading Forest","floor":16,"turns":11},{"damage":0,"enemies":"3 Byrds","floor":18,"turns":1}],"seed_played":"1494537118909232344","potions_obtained":[{"floor":4,"key":"Ancient Potion"},{"floor":7,"key":"Energy Potion"},{"floor":13,"key":"LifebloodPotion"}],"is_trial":false,"path_per_floor":["M","$","?","M","?","R","M","M","T","R","M","?","M","M","R","B",null,"M","?"],"character_chosen":"DEFECT","items_purchased":["Go for the Eyes","ReplayGash","Hyperbeam"],"campfire_rested":0,"item_purchase_floors":[2,17,17],"current_hp_per_floor":[69,69,69,69,69,69,73,73,73,73,73,78,78,78,78,69,74,74,0,0],"gold":390,"neow_bonus":"BOSS_RELIC","is_daily":false,"chose_seed":false,"campfire_upgraded":3,"win_rate":0.0,"timestamp":1609585783,"path_taken":["M","$","?","M","?","R","M","M","T","R","?","?","M","M","R","BOSS","M","?"],"items_purchased_type":["Card","Card","Card"],"build_version":"2020-12-22","purchased_purges":0,"victory":false,"max_hp_per_floor":[75,75,75,75,75,75,75,75,75,75,75,80,80,80,80,80,74,74,74,74],"relic_stats":{"Busted Crown":2,"counters":[9,25],"CeramicFish":63,"obtain_stats":[{"KeepersGift":0,"Damocles":0,"CombinedTypeHook":0,"Carrot":9,"DaveBox":0,"CeramicFish":11,"BookOfRevelations":4,"Akabeko":18,"SynthV:TestCard":1,"Busted Crown":17,"SentryEyes":13,"Coffee Dripper":0,"ReplayTheSpireMod:TigerMarble":1,"Toxic Egg 2":8,"REME_PuzzleBoxRelic":14,"Cracked Core":0,"HushsDoor":0,"Symbiotic Virus":7,"REME_ComplimentaryCards":0},{"KeepersGift":0,"Damocles":0,"CombinedTypeHook":0,"Carrot":4,"DaveBox":0,"CeramicFish":5,"BookOfRevelations":2,"Akabeko":9,"SynthV:TestCard":1,"Busted Crown":8,"SentryEyes":6,"Coffee Dripper":0,"ReplayTheSpireMod:TigerMarble":1,"Toxic Egg 2":4,"REME_PuzzleBoxRelic":7,"Cracked Core":0,"HushsDoor":0,"Symbiotic Virus":3,"REME_ComplimentaryCards":0},{"KeepersGift":0,"Damocles":0,"CombinedTypeHook":0,"Carrot":9,"DaveBox":0,"CeramicFish":10,"BookOfRevelations":5,"Akabeko":25,"SynthV:TestCard":3,"Busted Crown":24,"SentryEyes":12,"Coffee Dripper":0,"ReplayTheSpireMod:TigerMarble":3,"Toxic Egg 2":9,"REME_PuzzleBoxRelic":13,"Cracked Core":0,"HushsDoor":0,"Symbiotic Virus":7,"REME_ComplimentaryCards":0}]},"card_choices":[{"not_picked":[],"picked":"ChaosCard","floor":0},{"not_picked":["Redo","Time Bomb","Tempest"],"picked":"SKIP","floor":1},{"not_picked":["Defragment","MostiFishMod:FluxCapactior","Coolheaded","Force Field","Rebound"],"picked":"SKIP","floor":4},{"not_picked":["Time Bomb","Rip and Tear","Consume","Steam"],"picked":"ReplayGash","floor":7},{"not_picked":["Bomb","Cold Snap","Self Repair","Darkness+1"],"picked":"Gash","floor":8},{"not_picked":["Panic Button+1","Defragment","Hello World","Redo+1"],"picked":"Stack+1","floor":11},{"not_picked":["Lockon","BasicCrystalCard+1","ReplaySolidLightProjector+1","Undo+1"],"picked":"REME_Whirling+1","floor":13},{"not_picked":["Compile Driver","Barrage","Doom and Gloom","Redo+1"],"picked":"Sweeping Beam","floor":14},{"not_picked":["MostiFishMod:Exploitation+1","Multi-Cast+1","Mirror Shield+1","MostiFishMod:DeathFromBelow"],"picked":"Hyperbeam","floor":16},{"not_picked":["Rebound","Leap+1"],"picked":"Reinforced Body+1","floor":18}],"player_experience":403710,"relics_obtained":[{"floor":1,"key":"ReplayTheSpireMod:TigerMarble"},{"floor":1,"key":"SynthV:TestCard"},{"floor":4,"key":"BookOfRevelations"},{"floor":7,"key":"Symbiotic Virus"},{"floor":8,"key":"Toxic Egg 2"},{"floor":9,"key":"Carrot"},{"floor":11,"key":"CeramicFish"},{"floor":13,"key":"SentryEyes"},{"floor":14,"key":"REME_PuzzleBoxRelic"},{"floor":18,"key":"Akabeko"}],"event_choices":[{"damage_healed":0,"gold_gain":0,"player_choice":"Leave","damage_taken":0,"max_hp_gain":0,"max_hp_loss":0,"event_name":"The Cleric","floor":5,"gold_loss":0},{"damage_healed":0,"gold_gain":0,"player_choice":"Donut","damage_taken":0,"max_hp_gain":5,"max_hp_loss":0,"event_name":"Big Fish","floor":12,"gold_loss":0}],"is_beta":false,"boss_relics":[{"not_picked":["Runic Dome","EE1DDrone"],"picked":"Busted Crown"},{"not_picked":[]}],"items_purged_floors":[],"is_endless":false,"potions_floor_spawned":[4,7,13],"ascension_level":0}}