{"host":"yy8mitdds7tg9c5m","time":1609554497,"event":{"mods":["Act Like it!","AlwaysNeverKeys","BaseMod","Better Note","Downfall","GifTheSpireLib","Minty Spire (QoL Compilation)","Permanent Neow","Quick Restart","StSLib","egg"],"gold_per_floor":[24,40,52,52,52,65,117,42,69,23,23,23,46,46,72,181,181,106,126,149,149,177,177,177,197,46,46,86,86,86,86,105,217,267,267,279,172,172,172,172],"floor_reached":38,"playtime":3588,"items_purged":["Regret","hexamod:SoulSteal"],"score":467,"play_id":"3d31d788-8995-4699-b075-949b65141c5f","local_time":"20210101222817","is_ascension_mode":false,"campfire_choices":[{"data":"Madness","floor":1,"key":"SMITH"},{"data":"hexamod:Sear","floor":8,"key":"SMITH"},{"floor":11,"key":"REST"},{"data":"hexamod:WildfireWeapon","floor":18,"key":"SMITH"},{"floor":23,"key":"REST"},{"data":"hexamod:HexaLevel","floor":27,"key":"SMITH"},{"data":"hexamod:ExtraCrispy","floor":30,"key":"SMITH"},{"data":"hexamod:SearingWound","floor":35,"key":"SMITH"}],"circlet_count":0,"master_deck":["hexamod:Strike+1","hexamod:Strike+1","hexamod:Strike+1","hexamod:Defend+1","hexamod:Defend+1","hexamod:Defend","hexamod:Defend+1","hexamod:Sear+1","hexamod:Float+1","Madness+1","hexamod:HeatMetal+1","hexamod:RadiantFlame+1","hexamod:SecondSeal","hexamod:FourthSeal","hexamod:ThirdSeal","hexamod:WildfireWeapon+1","hexamod:ExtraCrispy","hexamod:TimeWarp","hexamod:SixthSeal","hexamod:PhantomFireball","hexamod:ThermalTransfer+1","hexamod:Incineration+1","hexamod:HexaLevel+1","hexamod:BurningTouch+1","hexamod:ExtraCrispy+1","hexamod:PhantomFireball+1","hexamod:FirstSeal","hexamod:SearingWound","hexamod:SearingWound+1","hexamod:WildfireWeapon"],"relics":["hexamod:SpiritBrand","downfall:HeartBlessingBlue","Dream Catcher","Happy Flower","downfall:HeartBlessingRed","Velvet Choker","downfall:HeartBlessingGreen","Eternal Feather","Bottled Lightning","Thread and Needle","Nloth\u0027s Gift","Tiny House"],"acts_visited":["Exordium","TheCity","TheBeyond"],"potions_floor_usage":[16,16,20,20,22,25,26,28,28,28,33,33,36,37],"damage_taken":[{"damage":0,"enemies":"Small Slimes","floor":2,"turns":3},{"damage":0,"enemies":"2 Louse","floor":3,"turns":4},{"damage":4,"enemies":"Jaw Worm","floor":6,"turns":4},{"damage":14,"enemies":"3 Sentries","floor":9,"turns":8},{"damage":3,"enemies":"downfall:FleeingMerchant","floor":10,"turns":4},{"damage":9,"enemies":"Large Slime","floor":13,"turns":6},{"damage":2,"enemies":"3 Louse","floor":15,"turns":4},{"damage":53,"enemies":"downfall:Silent","floor":16,"turns":8},{"damage":29,"enemies":"Spheric Guardian","floor":19,"turns":6},{"damage":12,"enemies":"Chosen","floor":20,"turns":5},{"damage":12,"enemies":"Snake Plant","floor":22,"turns":4},{"damage":13,"enemies":"Shelled Parasite and Fungi","floor":25,"turns":6},{"damage":10,"enemies":"downfall:FleeingMerchant","floor":26,"turns":4},{"damage":39,"enemies":"Slavers","floor":28,"turns":4},{"damage":34,"enemies":"Sentry and Sphere","floor":32,"turns":7},{"damage":44,"enemies":"downfall:Watcher","floor":33,"turns":8},{"damage":11,"enemies":"Orb Walker","floor":36,"turns":3},{"damage":12,"enemies":"downfall:FleeingMerchant","floor":37,"turns":4},{"damage":16,"enemies":"3 Shapes","floor":38,"turns":2}],"seed_played":"9003589690672611450","potions_obtained":[{"floor":6,"key":"GamblersBrew"},{"floor":13,"key":"Fire Potion"},{"floor":13,"key":"LiquidBronze"},{"floor":15,"key":"EssenceOfSteel"},{"floor":16,"key":"SteroidPotion"},{"floor":19,"key":"Fire Potion"},{"floor":19,"key":"Block Potion"},{"floor":20,"key":"hexamod:DoubleChargePotion"},{"floor":22,"key":"Block Potion"},{"floor":25,"key":"DistilledChaos"},{"floor":26,"key":"Regen Potion"},{"floor":28,"key":"Fruit Juice"},{"floor":32,"key":"Swift Potion"},{"floor":32,"key":"SpeedPotion"},{"floor":33,"key":"Fruit Juice"},{"floor":34,"key":"hexamod:DoubleChargePotion"},{"floor":36,"key":"EssenceOfSteel"},{"floor":37,"key":"Fire Potion"}],"is_trial":false,"path_per_floor":["R","M","M","?","?","M","T","R","E","$","R","?","M","?","M","B",null,"R","M","M","T","M","R","T","M","$","R","E","?","R","?","M","B",null,"R","M","$","M"],"character_chosen":"THE_SPIRIT","items_purchased":["hexamod:FourthSeal","hexamod:FirstSeal"],"campfire_rested":2,"item_purchase_floors":[10,26],"current_hp_per_floor":[80,80,80,68,68,64,64,64,50,47,71,71,62,62,60,7,80,80,51,39,39,27,66,66,53,43,58,43,43,58,95,68,29,105,105,94,89,73,73,73],"gold":172,"neow_bonus":"RANDOM_COLORLESS","is_daily":false,"chose_seed":false,"campfire_upgraded":6,"win_rate":0.0,"timestamp":1609554497,"path_taken":["R","M","M","?","?","M","T","R","E","?","R","?","M","?","M","BOSS","R","M","M","?","M","R","T","M","$","R","E","?","R","?","M","BOSS","R","M","$","M"],"items_purchased_type":["Card","Card"],"build_version":"2020-12-22","purchased_purges":2,"victory":false,"max_hp_per_floor":[80,80,80,80,80,80,80,80,80,80,80,80,80,80,80,80,80,80,80,80,80,80,80,80,80,80,80,85,85,85,95,95,100,105,105,105,105,105,105,105],"card_choices":[{"not_picked":["Purity","Deep Breath"],"picked":"Madness","floor":0},{"not_picked":["hexamod:NightmareStrike","hexamod:AdvancingGuard"],"picked":"hexamod:HeatMetal","floor":2},{"not_picked":["hexamod:Firestarter","hexamod:Hexaguard"],"picked":"hexamod:RadiantFlame","floor":3},{"not_picked":["hexamod:AdvancingGuard","hexamod:RecurringNightmare","hexamod:ShieldOfDarkness"],"picked":"SKIP","floor":6},{"not_picked":["hexamod:Firestarter","hexamod:BacktrackSmack"],"picked":"hexamod:SecondSeal","floor":9},{"not_picked":["hexamod:GhostShield","hexamod:GhostflameBarrier"],"picked":"hexamod:TimeWarp","floor":10},{"not_picked":["hexamod:NightmareStrike","hexamod:GhostShield"],"picked":"hexamod:RainOfEmbers","floor":11},{"not_picked":["hexamod:ShieldOfDarkness","hexamod:RetreatToShadows"],"picked":"hexamod:SoulSteal","floor":13},{"not_picked":["hexamod:Firestarter","hexamod:ThirdSeal"],"picked":"hexamod:WildfireWeapon","floor":13},{"not_picked":["hexamod:HauntingEcho","hexamod:FourthSeal"],"picked":"hexamod:ExtraCrispy","floor":15},{"not_picked":["hexamod:SwordOfDarkness","hexamod:GhostShield","hexamod:NightmareGuise"],"picked":"SKIP","floor":15},{"not_picked":["hexamod:Toasty","hexamod:TurnItUp"],"picked":"hexamod:TimeWarp","floor":16},{"not_picked":["hexamod:HexaLevel","hexamod:TimeOfNeed"],"picked":"hexamod:SixthSeal","floor":16},{"not_picked":["hexamod:SwordOfDarkness","hexamod:DynamicBlow"],"picked":"hexamod:PhantomFireball","floor":19},{"not_picked":["hexamod:ShieldOfDarkness+1","hexamod:SpectersWail","hexamod:NightmareGuise"],"picked":"SKIP","floor":19},{"not_picked":["hexamod:ShieldOfDarkness","hexamod:RainOfEmbers"],"picked":"hexamod:ThermalTransfer","floor":20},{"not_picked":["hexamod:BacktrackSmack","hexamod:GhostShield+1"],"picked":"hexamod:Incineration+1","floor":20},{"not_picked":["hexamod:SoulSteal","hexamod:AdvancingGuard"],"picked":"hexamod:HexaLevel","floor":22},{"not_picked":["hexamod:NightmareStrike","hexamod:SwordOfDarkness+1","hexamod:Hexaguard"],"picked":"SKIP","floor":22},{"not_picked":["hexamod:NightmareStrike","hexamod:SwordOfDarkness+1","hexamod:Hexaguard"],"picked":"SKIP","floor":22},{"not_picked":["hexamod:GhostLash","hexamod:NightmareStrike"],"picked":"hexamod:BurningTouch+1","floor":25},{"not_picked":["hexamod:Rewind","hexamod:SecondSeal"],"picked":"hexamod:ExtraCrispy","floor":25},{"not_picked":["hexamod:HeatMetal+1","hexamod:StepThrough"],"picked":"hexamod:PhantomFireball","floor":26},{"not_picked":["hexamod:RainOfEmbers","hexamod:FastForward","hexamod:ParanormalForm"],"picked":"SKIP","floor":26},{"not_picked":["hexamod:GhostLash","hexamod:ThermalTransfer","hexamod:ExtraCrispy"],"picked":"SKIP","floor":28},{"not_picked":["hexamod:NightmareStrike","hexamod:EmpoweredFlame","hexamod:ThirdSeal"],"picked":"SKIP","floor":28},{"not_picked":["hexamod:GhostOfSpireFuture","hexamod:NightmareGuise","hexamod:ShieldOfDarkness"],"picked":"SKIP","floor":32},{"not_picked":["hexamod:NecessarySacrifice","hexamod:Hexaguard","hexamod:GhostLash"],"picked":"SKIP","floor":32},{"not_picked":["hexamod:GiftsFromTheDead","hexamod:GhostflameInferno"],"picked":"hexamod:SearingWound","floor":33},{"not_picked":["hexamod:TimeOfNeed","hexamod:UnleashSpirits"],"picked":"hexamod:SearingWound","floor":33},{"not_picked":["hexamod:HeatCrush","hexamod:NightmareGuise+1"],"picked":"hexamod:WildfireWeapon","floor":36},{"not_picked":["hexamod:GhostflameInferno","hexamod:PhantomCloak","hexamod:NightmareGuise+1"],"picked":"SKIP","floor":36},{"not_picked":["hexamod:SpectralSpark","hexamod:NightmareStrike+1","hexamod:FastForward"],"picked":"SKIP","floor":37},{"not_picked":["hexamod:GhostOfSpireFuture+1","hexamod:NightmareStrike","hexamod:FastForward"],"picked":"SKIP","floor":37}],"player_experience":163672,"relics_obtained":[{"floor":7,"key":"Happy Flower"},{"floor":9,"key":"Tiny Chest"},{"floor":21,"key":"Eternal Feather"},{"floor":24,"key":"Bottled Lightning"},{"floor":28,"key":"Thread and Needle"}],"event_choices":[{"damage_healed":0,"gold_gain":0,"player_choice":"Success","damage_taken":12,"relics_obtained":["Dream Catcher"],"max_hp_gain":0,"max_hp_loss":0,"event_name":"Scrap Ooze","floor":4,"gold_loss":0},{"cards_removed":["hexamod:TimeWarp"],"damage_healed":27,"gold_gain":0,"player_choice":"Offered Rare","damage_taken":0,"max_hp_gain":10,"max_hp_loss":0,"event_name":"Bonfire Elementals","floor":31,"gold_loss":0}],"is_beta":false,"boss_relics":[{"not_picked":["Snecko Eye","Runic Pyramid"],"picked":"Velvet Choker"},{"not_picked":["Busted Crown","Philosopher\u0027s Stone"],"picked":"Tiny House"}],"items_purged_floors":[26,37],"is_endless":false,"potions_floor_spawned":[6,13,15,19,32,33],"killed_by":"3 Shapes","ascension_level":0}}