{"host":"28bpuzdckreop5i0","time":1609572877,"event":{"mods":["Act Like it!","Aspiration","BaseMod","Beaked The Cultist","Best Route Mod","BetterRewards","Challenge The Spire","Conspire","Defuse TimeMaze Blight","Downfall","Energized Spire","GifTheSpireLib","Googly Eyes","Hubris","Infinite Spire","Lobotomy","Mimic Mod","Minty Spire (QoL Compilation)","Relic Stats","Shop Mod","Spicy Shops","StSLib","Stuff the Spire","The Awakened One except there are too many feathers","The Construct","The Cursed","The Disciple","The Hierophant","The IronCluck","The Jungle","Thieving Mod","Transform Curses","Wandering Minibosses","slay the spire mod where everything is the same but ironclad has a cowboy hat"],"gold_per_floor":[99,99,99,99,99,99,99,99,58,58,71,104,104,115,132,232,232,232,244,254,254,7,24,24,24,24,44,44,44,44,56,67,163,163,163,183,183,7,25,25,25,41,33,33,33,33,33,33,33,33,33,33],"floor_reached":50,"playtime":2822,"items_purged":["Guardian:Strike_Guardian"],"score":509,"play_id":"35bc610f-98b1-4249-8f3f-25a257df93c1","local_time":"20210102013437","is_ascension_mode":false,"campfire_choices":[{"data":"Guardian:TwinSlam","floor":1,"key":"SMITH"},{"data":"Guardian:Suspension","floor":8,"key":"SMITH"},{"data":"Guardian:Emergency","floor":13,"key":"SMITH"},{"data":"Guardian:StasisField","floor":18,"key":"SMITH"},{"data":"Guardian:Planning","floor":25,"key":"SMITH"},{"data":"Guardian:FuturePlans","floor":29,"key":"SMITH"},{"data":"Guardian:ExploitGems","floor":35,"key":"SMITH"},{"data":"Guardian:BaubleBeam","floor":40,"key":"SMITH"},{"data":"Guardian:Harden","floor":44,"key":"SMITH"},{"data":"Guardian:TemporalStrike","floor":46,"key":"SMITH"},{"data":"expansioncontent:Chronoboost","floor":49,"key":"SMITH"}],"circlet_count":0,"master_deck":["Guardian:Strike_Guardian","Guardian:Strike_Guardian","Guardian:Strike_Guardian","Guardian:Defend_Guardian","Guardian:Defend_Guardian","Guardian:Defend_Guardian","Guardian:Defend_Guardian","Guardian:CurlUp","Guardian:TwinSlam+1","Guardian:PiercingHide","Guardian:Emergency+1","Guardian:Suspension+1","Guardian:Recover","Guardian:TemporalStrike+1","Guardian:Planning+1","Guardian:ChargeCore","Guardian:Harden+1","Guardian:ShieldCharger","Guardian:StasisField+1","Guardian:FuturePlans+1","Guardian:SentryBeam","Guardian:ExploitGems+1","Guardian:TimeCapacitor+1","Guardian:BaubleBeam+1","Guardian:EvasiveProtocol","expansioncontent:Chronoboost+1"],"relics":["Guardian:ModeShifter","downfall:HeartsMalice","aspiration:FrozenJewel","Nunchaku","SlaversCollar","CultistMask","Guardian:StasisUpgradeRelic","StuffTheSpire:CocoNut","InkBottle","hubris:MobiusCoin","aspiration:KaomsHeart"],"acts_visited":["Exordium","TheCity","TheBeyond"],"potions_floor_usage":[20,33,43],"damage_taken":[{"damage":0,"enemies":"Jaw Worm","floor":2,"turns":1},{"damage":0,"enemies":"Cultist","floor":5,"turns":1},{"damage":0,"enemies":"conspire:RoseBush","floor":6,"turns":1},{"damage":0,"enemies":"downfall:FleeingMerchant","floor":9,"turns":4},{"damage":2,"enemies":"Red Slaver","floor":11,"turns":4},{"damage":2,"enemies":"3 Sentries","floor":12,"turns":12},{"damage":0,"enemies":"2 Fungi Beasts","floor":14,"turns":4},{"damage":0,"enemies":"Exordium Thugs","floor":15,"turns":8},{"damage":3,"enemies":"downfall:Watcher","floor":16,"turns":13},{"damage":1,"enemies":"Spheric Guardian","floor":19,"turns":7},{"damage":13,"enemies":"Chosen","floor":20,"turns":8},{"damage":0,"enemies":"downfall:FleeingMerchant","floor":22,"turns":4},{"damage":0,"enemies":"conspire:HollyBat","floor":23,"turns":8},{"damage":8,"enemies":"Sentry and Sphere","floor":27,"turns":4},{"damage":4,"enemies":"Centurion and Healer","floor":31,"turns":5},{"damage":0,"enemies":"3 Cultists","floor":32,"turns":4},{"damage":8,"enemies":"downfall:Ironclad","floor":33,"turns":6},{"damage":5,"enemies":"3 Shapes","floor":36,"turns":7},{"damage":0,"enemies":"downfall:FleeingMerchant","floor":38,"turns":4},{"damage":12,"enemies":"3 Darklings","floor":39,"turns":5},{"damage":6,"enemies":"Sphere and 2 Shapes","floor":42,"turns":4},{"damage":0,"enemies":"downfall:FleeingMerchant","floor":43,"turns":4},{"damage":182,"enemies":"downfall:Silent","floor":50,"turns":7}],"seed_played":"3890132158563293276","potions_obtained":[{"floor":11,"key":"Strength Potion"},{"floor":12,"key":"Explosive Potion"},{"floor":14,"key":"BlessingOfTheForge"},{"floor":23,"key":"GamblersBrew"},{"floor":36,"key":"Fire Potion"}],"is_trial":false,"path_per_floor":["R","M","?","?","M","M","T","R","$","?","M","E","R","M","M","B",null,"R","M","M","?","$","M","T","R","?","M","?","R","T","M","M","B",null,"R","M","?","$","M","R","T","M","$","R","?","R","?","?","R","B"],"character_chosen":"GUARDIAN","items_purchased":["Guardian:TemporalStrike","Guardian:StasisUpgradeRelic","Guardian:BaubleBeam","aspiration:KaomsHeart"],"campfire_rested":0,"item_purchase_floors":[9,22,38,43],"current_hp_per_floor":[80,80,80,80,80,80,80,80,80,80,78,76,76,76,76,73,80,80,79,66,66,66,66,73,73,73,65,65,65,65,61,61,53,87,87,82,82,82,70,70,70,64,164,164,164,164,164,164,164,0,0,0],"gold":33,"neow_bonus":"THREE_ENEMY_KILL","is_daily":false,"chose_seed":false,"campfire_upgraded":11,"win_rate":0.0,"timestamp":1609572877,"path_taken":["R","M","?","?","?","?","T","R","$","?","M","E","R","?","M","BOSS","R","M","M","?","?","M","T","R","?","M","?","R","?","M","M","BOSS","R","M","?","$","M","R","T","M","?","R","?","R","?","?","R","BOSS"],"items_purchased_type":["Card","Relic","Card","Relic"],"build_version":"2020-12-22","purchased_purges":1,"victory":false,"max_hp_per_floor":[80,80,80,80,80,80,80,80,80,80,80,80,80,80,80,80,80,80,80,80,80,80,80,87,87,87,87,87,87,87,87,87,87,87,87,87,87,87,87,87,87,87,187,187,187,187,187,187,187,187,187,187],"relic_stats":{"Nunchaku":[19],"counters":[23,121],"obtain_stats":[{"SlaversCollar":17,"Guardian:StasisUpgradeRelic":22,"hubris:MobiusCoin":41,"Nunchaku":12,"Guardian:ModeShifter":0,"downfall:HeartsMalice":0,"StuffTheSpire:CocoNut":24,"aspiration:KaomsHeart":43,"CultistMask":21,"aspiration:FrozenJewel":7,"InkBottle":30},{"SlaversCollar":9,"Guardian:StasisUpgradeRelic":12,"hubris:MobiusCoin":20,"Nunchaku":6,"Guardian:ModeShifter":0,"downfall:HeartsMalice":0,"StuffTheSpire:CocoNut":13,"aspiration:KaomsHeart":22,"CultistMask":11,"aspiration:FrozenJewel":3,"InkBottle":14},{"SlaversCollar":45,"Guardian:StasisUpgradeRelic":64,"hubris:MobiusCoin":107,"Nunchaku":20,"Guardian:ModeShifter":0,"downfall:HeartsMalice":0,"StuffTheSpire:CocoNut":72,"aspiration:KaomsHeart":115,"CultistMask":60,"aspiration:FrozenJewel":0,"InkBottle":76}],"InkBottle":[29]},"card_choices":[{"not_picked":["Guardian:FuturePlans","Guardian:Gem_Yellow"],"picked":"Guardian:PiercingHide","floor":2},{"not_picked":["Guardian:Gem_Green","Guardian:Gem_Red"],"picked":"Guardian:Emergency","floor":5},{"not_picked":["Guardian:RollAttack","Guardian:ShieldSpikes"],"picked":"Guardian:Suspension","floor":6},{"not_picked":["Guardian:WalkerClaw","Guardian:Gem_Cyan"],"picked":"Guardian:Recover","floor":9},{"not_picked":["Guardian:TemporalStrike","Guardian:GemFire"],"picked":"Guardian:Planning","floor":11},{"not_picked":["Guardian:TemporalStrike","Guardian:PolyBeam"],"picked":"Guardian:ChargeCore","floor":12},{"not_picked":["Guardian:Recover","Guardian:ChargeCore"],"picked":"Guardian:Harden","floor":14},{"not_picked":["Guardian:Gem_Lightblue","Guardian:Gem_Yellow"],"picked":"Guardian:ShieldCharger","floor":15},{"not_picked":["Guardian:FastForward","Guardian:StasisStrike"],"picked":"Guardian:StasisField","floor":16},{"not_picked":["Guardian:Gem_White","Guardian:PrimingBeam+1"],"picked":"Guardian:FuturePlans","floor":19},{"not_picked":["Guardian:Recover+1","Guardian:RollAttack","Guardian:Reroute"],"picked":"SKIP","floor":20},{"not_picked":["Guardian:Reroute","Guardian:CrystalBeam"],"picked":"Guardian:SentryBeam","floor":22},{"not_picked":["Guardian:Emergency+1","Guardian:CrystalBeam+1","Guardian:Suspension+1"],"picked":"SKIP","floor":23},{"not_picked":["Guardian:Planning","Guardian:Preprogram+1","Guardian:Gem_Crimson"],"picked":"SKIP","floor":27},{"not_picked":["Guardian:Gem_Yellow","Guardian:Suspension+1","Guardian:Gem_Fragmented"],"picked":"SKIP","floor":31},{"not_picked":["Guardian:Gem_Cyan","Guardian:Suspension","Guardian:Gem_Lightblue"],"picked":"SKIP","floor":32},{"not_picked":["Guardian:Gem_Synthetic","Guardian:SphericShield"],"picked":"Guardian:ExploitGems","floor":33},{"not_picked":["Guardian:Repulse","Guardian:Recover+1","Guardian:FuturePlans+1"],"picked":"SKIP","floor":36},{"not_picked":["Guardian:VentSteam","Guardian:Reroute+1"],"picked":"Guardian:TimeCapacitor+1","floor":38},{"not_picked":["Guardian:Harden+1","Guardian:PrimingBeam+1"],"picked":"Guardian:EvasiveProtocol","floor":39},{"not_picked":["Guardian:Gem_Lightblue","Guardian:Recover+1","Guardian:Gem_Green"],"picked":"SKIP","floor":42},{"not_picked":["Guardian:RefractedBeam","Guardian:Gem_Orange","Guardian:Reroute"],"picked":"SKIP","floor":43},{"not_picked":["expansioncontent:SlimeTackle","expansioncontent:PrepareCrush"],"picked":"expansioncontent:Chronoboost","floor":48}],"player_experience":935764,"relics_obtained":[{"floor":7,"key":"aspiration:FrozenJewel"},{"floor":12,"key":"Nunchaku"},{"floor":24,"key":"StuffTheSpire:CocoNut"},{"floor":30,"key":"InkBottle"},{"floor":41,"key":"hubris:MobiusCoin"}],"event_choices":[{"damage_healed":0,"gold_gain":0,"player_choice":"Trade","damage_taken":0,"relics_obtained":["CultistMask"],"max_hp_gain":0,"max_hp_loss":0,"event_name":"FaceTrader","floor":21,"gold_loss":0},{"damage_healed":0,"gold_gain":0,"player_choice":"Ignored","damage_taken":0,"max_hp_gain":0,"max_hp_loss":0,"event_name":"Ghosts","floor":28,"gold_loss":0}],"is_beta":false,"boss_relics":[{"not_picked":["hubris:BlackHole","hubris:HollowSoul"],"picked":"SlaversCollar"},{"not_picked":["aspiration:DefectSkillbook","hubris:VirtuousBlindfold","Cursed Key"]}],"items_purged_floors":[22],"is_endless":false,"potions_floor_spawned":[11,12,14,15,23,27,31,32,36,42],"killed_by":"downfall:Silent","ascension_level":0}}