{"host":"zntn5kfpqqjb7mu3","time":1609579180,"event":{"mods":["AchievementEnabler","Aspiration","BaseMod","Better-Laid Plans","BetterRewards","Colored Map","Colored Powertips","DNKmod","Decade(王小明)","Friendly Minions","Marked Mod","Minty Spire (QoL Compilation)","Permanent Neow","Quick Restart","Rare Cards Sparkle","Relic Stats","Remove Card Discount Mod","Replay The Spire","StSLib","SuperFastMode","TestMod","Waifu the Spire","vexMod","【遗物卡牌】REMEMod","篝火指南"],"gold_per_floor":[10018,10037,9580,9580,9595,9625,9625,9640,9667,9480,9499,9533,9480,9494,9118,9219,9219,9231,8531,8541,8541,8481,7795,7820,7263,7289,7316,7316,7316,7334,7354,7064,7099,6923,7019,7019,7039,7039,6885,6903,6917,6832,6832,6666,6666,6458,6367,6382,6136,6151,5883,5883,5883,5808,5501,5526,5526],"floor_reached":58,"playtime":987,"items_purged":["Defend_B","Defend_B","Decade_Attack","Decade_Attack","Decade_Attack","Decade_Attack","KamenRide","FormRideGaruru"],"score":2440,"play_id":"4365817d-9996-4513-8a44-1af60e42bbee","local_time":"20210102171940","is_ascension_mode":true,"campfire_choices":[{"floor":7.0,"key":"RECALL"}],"circlet_count":0,"master_deck":["AscendersBane","Decade_SpecialSkill","Decade_Defend+1","Decade_Defend+1","Decade_Defend+1","Decade_Defend+1","REME_CopyPotion+1","Decade_Defend2","Blade_Metal","UnarmedAttack5+1","UnarmedAttack5+1","UnarmedAttack5+1","KamenRideKuuga","FormRideStorm","Hibiki_Attack1+1","UnarmedAttack8+1","NMDAZYYGL+1","FormRideFlame","FormRideStorm","Mind Blast+1","Violence","PrometheusPower","Mind Blast+1","Kabuto_ClockUp","UnarmedAttack1+1","Kuuga_GouramAttack+1","AutoVajin","AutoVajin+1","Decade_Illusion+1","Blade_Beat+1","AttackRide+1","RideBooker_Skill_1+1","PrometheusPower+1","REME_EyeOfCthun","Kabuto_ClockUp+1"],"relics":["Decadriver","TOEIDeficitBill","testmod-TestBox","REME_ComplimentaryCards","testmod-Brilliant","testmod-AscensionHeart","aspiration:DSix","Sling","Ice Cream","Vajra","Counterbalance","testmod-AssaultLearning","aspiration:Lifesprig","Ring of Chaos","Mirror","Replay:Rubber Ducky","DollysMirror","aspiration:HummingbirdHeart","aspiration:SeaSaltIceCream","Strawberry","Thread and Needle","Replay:Bottled Eggs","Blue Doll","ReplayTheSpireMod:Lightbulb","Membership Card","testmod-Alchemist","White Beast Statue","Turnip","SlaversCollar","REME_LimitBreaker","Replay:Baseball","testmod-IntensifyImprint","Sundial","Gremlin Horn","Guide Book","Lantern","vexMod:ScavengeHelm","testmod-Hope","Chameleon Ring","InkBottle","Oddly Smooth Stone","Whetstone","Replay:Towering Pillar of Hats"],"acts_visited":["Exordium","TheCity","TheBeyond","TheEnding"],"potions_floor_usage":[57,57,57],"damage_taken":[{"damage":0.0,"enemies":"Small Slimes","floor":1.0,"turns":1.0},{"damage":0.0,"enemies":"2 Louse","floor":2.0,"turns":1.0},{"damage":0.0,"enemies":"Jaw Worm","floor":5.0,"turns":1.0},{"damage":0.0,"enemies":"Lagavulin","floor":6.0,"turns":1.0},{"damage":0.0,"enemies":"Large Slime","floor":8.0,"turns":1.0},{"damage":0.0,"enemies":"Blue Slaver","floor":11.0,"turns":1.0},{"damage":0.0,"enemies":"3 Sentries","floor":12.0,"turns":1.0},{"damage":0.0,"enemies":"3 Louse","floor":14.0,"turns":1.0},{"damage":0.0,"enemies":"The Guardian","floor":16.0,"turns":1.0},{"damage":0.0,"enemies":"Chosen","floor":18.0,"turns":1.0},{"damage":0.0,"enemies":"3 Byrds","floor":20.0,"turns":1.0},{"damage":0.0,"enemies":"Replay:Snechameleon","floor":24.0,"turns":1.0},{"damage":0.0,"enemies":"Gremlin Leader","floor":27.0,"turns":1.0},{"damage":0.0,"enemies":"Centurion and Healer","floor":30.0,"turns":1.0},{"damage":0.0,"enemies":"Shelled Parasite and Fungi","floor":31.0,"turns":1.0},{"damage":0.0,"enemies":"Slavers","floor":33.0,"turns":1.0},{"damage":0.0,"enemies":"Automaton","floor":35.0,"turns":1.0},{"damage":0.0,"enemies":"3 Darklings","floor":37.0,"turns":1.0},{"damage":0.0,"enemies":"3 Shapes","floor":40.0,"turns":1.0},{"damage":0.0,"enemies":"3 Darklings","floor":41.0,"turns":1.0},{"damage":0.0,"enemies":"4 Shapes","floor":48.0,"turns":1.0},{"damage":0.0,"enemies":"Maw","floor":50.0,"turns":1.0},{"damage":0,"enemies":"Donu and Deca","floor":52,"turns":1},{"damage":0,"enemies":"Shield and Spear","floor":56,"turns":1},{"damage":1,"enemies":"The Heart","floor":57,"turns":2}],"seed_played":"3709515524127459110","potions_obtained":[{"floor":5.0,"key":"SkillPotion"},{"floor":6.0,"key":"Reflective Coating"},{"floor":40.0,"key":"Fire Potion"},{"floor":41.0,"key":"PowerPotion"}],"is_trial":false,"path_per_floor":["M","M","$","?","M","E","R","M","T","R","M","E","R","M","R_BF","B",null,"M","$","M","?","?","R","E","R","T","E","PTL","PTL","M","M","R","E","R_BF","B",null,"M","?","$","M","M","R","?","R","T","$","R","M","R","M","R","B",null,"R","$","E","B",null],"character_chosen":"Decade","items_purchased":["aspiration:DSix","Sling","Vajra","UnarmedAttack5","FormRideStorm","testmod-AssaultLearning","aspiration:Lifesprig","UnarmedAttack8","FormRideStorm","Mind Blast","Violence","Mirror","Replay:Rubber Ducky","DollysMirror","aspiration:HummingbirdHeart","aspiration:SeaSaltIceCream","FormRideGaruru","Thread and Needle","Replay:Bottled Eggs","Membership Card","testmod-Alchemist","Turnip","UnarmedAttack1+1","Kuuga_GouramAttack","REME_LimitBreaker","AutoVajin","Replay:Baseball","Blade_Beat+1","testmod-IntensifyImprint","AttackRide+1","Gremlin Horn","Guide Book","Lantern","RideBooker_Skill_1+1","vexMod:ScavengeHelm","testmod-Hope","Chameleon Ring","PrometheusPower+1","InkBottle","Oddly Smooth Stone","Whetstone","Replay:Towering Pillar of Hats","REME_EyeOfCthun"],"campfire_rested":0,"item_purchase_floors":[3,3,10,10,13,15,15,15,19,19,19,19,19,23,23,23,23,25,25,32,32,34,34,34,39,39,42,42,44,44,46,46,47,47,49,49,51,51,51,54,55,55,55],"current_hp_per_floor":[64,65,65,58,59,60,60,61,61,61,62,63,63,64,64,70,74,75,75,75,75,75,82,82,82,82,82,82,82,82,82,82,82,82,87,87,87,87,87,87,87,87,87,87,87,87,87,87,87,87,87,92,92,92,92,92,97],"gold":5526,"neow_bonus":"ONE_RARE_RELIC","is_daily":false,"chose_seed":false,"campfire_upgraded":0,"win_rate":0.0,"timestamp":1609579180,"path_taken":["M","M","$","?","M","E","R","M","T","R","M","E","R","M","R_BF","BOSS","M","$","M","?","?","R","E","R","T","E","PTL","PTL","M","M","R","E","R_BF","BOSS","M","?","$","M","M","R","?","R","T","$","R","M","R","M","R","BOSS","R","$","E","BOSS"],"items_purchased_type":["Relic","Relic","Relic","Card","Card","Relic","Relic","Card","Card","Card","Card","Relic","Relic","Relic","Relic","Relic","Card","Relic","Relic","Relic","Relic","Relic","Card","Card","Relic","Card","Relic","Card","Relic","Card","Relic","Relic","Relic","Card","Relic","Relic","Relic","Card","Relic","Relic","Relic","Relic","Card"],"build_version":"2020-12-22","purchased_purges":8,"victory":true,"max_hp_per_floor":[70,70,70,70,70,70,70,70,70,70,70,70,70,70,70,75,75,75,75,75,75,75,82,82,82,82,82,82,82,82,82,82,82,82,87,87,87,87,87,87,87,87,87,87,87,87,87,87,87,87,87,92,92,92,92,92,97],"relic_stats":{"Gremlin Horn":[0,0],"counters":[25,26],"Sundial":[0],"Turnip":[2],"Whetstone":["Hibiki_Attack1","UnarmedAttack8"],"obtain_stats":[{"Ice Cream":6,"aspiration:Lifesprig":15,"Lantern":47,"Gremlin Horn":46,"Vajra":10,"Decadriver":0,"Blue Doll":26,"Whetstone":55,"Sling":3,"testmod-AscensionHeart":0,"Replay:Rubber Ducky":19,"testmod-Brilliant":0,"testmod-Alchemist":32,"Chameleon Ring":51,"DollysMirror":23,"Sundial":45,"Strawberry":23,"Replay:Bottled Eggs":25,"aspiration:DSix":3,"InkBottle":51,"testmod-IntensifyImprint":44,"testmod-TestBox":0,"Replay:Towering Pillar of Hats":55,"vexMod:ScavengeHelm":49,"Counterbalance":12,"Guide Book":46,"Oddly Smooth Stone":54,"Thread and Needle":25,"Ring of Chaos":17,"aspiration:HummingbirdHeart":23,"TOEIDeficitBill":0,"aspiration:SeaSaltIceCream":23,"REME_LimitBreaker":39,"White Beast Statue":33,"SlaversCollar":36,"Replay:Baseball":42,"testmod-AssaultLearning":15,"testmod-Hope":49,"Turnip":34,"Membership Card":32,"Mirror":19,"ReplayTheSpireMod:Lightbulb":27,"REME_ComplimentaryCards":0},{"Ice Cream":4,"aspiration:Lifesprig":8,"Lantern":20,"Gremlin Horn":20,"Vajra":5,"Decadriver":0,"Blue Doll":12,"Whetstone":23,"Sling":2,"testmod-AscensionHeart":0,"Replay:Rubber Ducky":10,"testmod-Brilliant":0,"testmod-Alchemist":15,"Chameleon Ring":22,"DollysMirror":11,"Sundial":20,"Strawberry":11,"Replay:Bottled Eggs":12,"aspiration:DSix":2,"InkBottle":22,"testmod-IntensifyImprint":20,"testmod-TestBox":0,"Replay:Towering Pillar of Hats":23,"vexMod:ScavengeHelm":21,"Counterbalance":7,"Guide Book":20,"Oddly Smooth Stone":23,"Thread and Needle":12,"Ring of Chaos":9,"aspiration:HummingbirdHeart":11,"TOEIDeficitBill":0,"aspiration:SeaSaltIceCream":11,"REME_LimitBreaker":18,"White Beast Statue":16,"SlaversCollar":17,"Replay:Baseball":20,"testmod-AssaultLearning":8,"testmod-Hope":21,"Turnip":16,"Membership Card":15,"Mirror":10,"ReplayTheSpireMod:Lightbulb":13,"REME_ComplimentaryCards":0},{"Ice Cream":4,"aspiration:Lifesprig":8,"Lantern":20,"Gremlin Horn":20,"Vajra":5,"Decadriver":0,"Blue Doll":12,"Whetstone":23,"Sling":2,"testmod-AscensionHeart":0,"Replay:Rubber Ducky":10,"testmod-Brilliant":0,"testmod-Alchemist":15,"Chameleon Ring":22,"DollysMirror":11,"Sundial":20,"Strawberry":11,"Replay:Bottled Eggs":12,"aspiration:DSix":2,"InkBottle":22,"testmod-IntensifyImprint":20,"testmod-TestBox":0,"Replay:Towering Pillar of Hats":23,"vexMod:ScavengeHelm":21,"Counterbalance":7,"Guide Book":20,"Oddly Smooth Stone":23,"Thread and Needle":12,"Ring of Chaos":9,"aspiration:HummingbirdHeart":11,"TOEIDeficitBill":0,"aspiration:SeaSaltIceCream":11,"REME_LimitBreaker":18,"White Beast Statue":16,"SlaversCollar":17,"Replay:Baseball":20,"testmod-AssaultLearning":8,"testmod-Hope":21,"Turnip":16,"Membership Card":15,"Mirror":10,"ReplayTheSpireMod:Lightbulb":13,"REME_ComplimentaryCards":0}],"InkBottle":[1]},"card_choices":[{"not_picked":["FormRideTitan","UnarmedAttack5"],"picked":"Decade_Defend2","floor":1.0},{"not_picked":["Hibiki_Attack1","DenO_Gun"],"picked":"Blade_Metal","floor":2.0},{"not_picked":["AttackRide","FormRideTitan"],"picked":"UnarmedAttack5","floor":5.0},{"not_picked":["Hibiki_FEVER","DenO_Climax","UnarmedAttack9"],"picked":"SKIP","floor":6.0},{"not_picked":["RideBooker_Skill_1","FormRideDogga"],"picked":"UnarmedAttack5","floor":8.0},{"not_picked":["Decade_Illusion","RideBooker_Skill_1"],"picked":"KamenRideKuuga","floor":11.0},{"not_picked":["DecadeViolentEmotion","FormRideAxel","FormRideAxel"],"picked":"SKIP","floor":12.0},{"not_picked":["UnarmedAttack3","FormRideBasshaa"],"picked":"Hibiki_Attack1","floor":14.0},{"not_picked":["UnarmedAttack9","Kiva_Swallow"],"picked":"NMDAZYYGL","floor":16.0},{"not_picked":["Blade_Kick","KamenRideKabuto"],"picked":"FormRideFlame","floor":18.0},{"not_picked":["Decade_Dash2","Blade_Slash"],"picked":"PrometheusPower","floor":20.0},{"not_picked":["UnarmedAttack9","UnarmedAttack9","NMDAZYYGL"],"picked":"SKIP","floor":24.0},{"not_picked":["DecadeViolentEmotion","DenO_Climax","DecadeViolentEmotion"],"picked":"SKIP","floor":27.0},{"not_picked":["KamenRideKiva","Decade_Dash1","KamenRideKabuto"],"picked":"SKIP","floor":30.0},{"not_picked":["KamenRideDenO","DenO_Gun","Decade_Dash1"],"picked":"SKIP","floor":31.0},{"not_picked":["Kiva_Swallow","Hibiki_FEVER"],"picked":"Kabuto_ClockUp","floor":33.0},{"not_picked":["UnarmedAttack3","FormRideTitan","KamenRideDecade"],"picked":"SKIP","floor":37.0},{"not_picked":["Decade_Invisible","KamenRideHibiki"],"picked":"AutoVajin","floor":40.0},{"not_picked":["Kiva_Swallow","KamenRideHibiki"],"picked":"Decade_Illusion+1","floor":41.0},{"not_picked":["DragClaw","RideBooker_Skill_2","Blade_Slash"],"picked":"SKIP","floor":48.0},{"not_picked":["UnarmedAttack7","DragClaw","UnarmedAttack3"],"picked":"SKIP","floor":50.0},{"not_picked":["DenO_Climax","UnarmedAttack9"],"picked":"Kabuto_ClockUp","floor":56}],"player_experience":110428,"relics_obtained":[{"floor":6.0,"key":"Ice Cream"},{"floor":12.0,"key":"Counterbalance"},{"floor":26.0,"key":"Blue Doll"},{"floor":27.0,"key":"ReplayTheSpireMod:Lightbulb"},{"floor":33.0,"key":"White Beast Statue"},{"floor":45.0,"key":"Sundial"}],"event_choices":[{"damage_healed":0.0,"max_hp_gain":0.0,"max_hp_loss":0.0,"gold_gain":0.0,"event_name":"恩洛斯的盘子","player_choice":"Ignored","floor":4.0,"gold_loss":0.0,"damage_taken":7.0},{"damage_healed":0.0,"max_hp_gain":0.0,"max_hp_loss":0.0,"gold_gain":0.0,"event_name":"Back to Basics","player_choice":"Simplicity","floor":21.0,"gold_loss":0.0,"damage_taken":0.0,"cards_upgraded":["Decade_Defend","Decade_Defend","Decade_Defend","Decade_Defend"]},{"damage_healed":0.0,"max_hp_gain":0.0,"max_hp_loss":0.0,"gold_gain":0.0,"event_name":"给自己的盒子","player_choice":"Ignored","floor":38.0,"gold_loss":0.0,"damage_taken":0.0}],"is_beta":false,"boss_relics":[{"not_picked":["testmod-Nine","vexMod:FluxCapacitor"],"picked":"Ring of Chaos"},{"not_picked":["Velvet Choker","testmod-Fanaticism"],"picked":"SlaversCollar"}],"items_purged_floors":[3,3,10,10,10,10,13,23],"is_endless":false,"potions_floor_spawned":[5,6,14,16,18,20,27,31,35,37,40,41,48,50,56],"ascension_level":12}}