{"host":"jfjanrmpavyj4ikg","time":1609574575,"event":{"mods":["AchievementEnabler","BaseMod","BetterRewards","Colored Map","Colored Powertips","GifTheSpireLib","Hermit","Infinite Spire","Minty Spire (QoL Compilation)","Quick Restart","Rare Cards Sparkle","Replay The Spire","Shop Mod","StSLib","The Cursed","The Disciple","The Hierophant","The Necromancer"],"gold_per_floor":[116,116,116,128,53,68,80,96,96,125,25,25,25,41,41,138,138,148,0,0,19,37,37,37,37],"floor_reached":24,"playtime":2759,"items_purged":["Strike_Br","Strike_Br"],"score":198,"play_id":"067d8485-6f00-4506-b9f6-1070b2223d66","local_time":"20210102000255","is_ascension_mode":false,"campfire_choices":[{"data":"PatternShift","floor":13,"key":"SMITH"},{"floor":15,"key":"DIG"},{"floor":23,"key":"REST"}],"circlet_count":0,"master_deck":["Strike_Br","Strike_Br","Defend_Br","Defend_Br","SecondHand","PatternShift+1","ReapSow+10","Parity","Parity","ReapSow","LockedTornado+1","PrimeTime","Parity+1","LockedTurtyl"],"relics":["Chronometer","Vajra","infinitespire:CheckeredPen","Prayer Wheel","Replay:Multitool","SlaversCollar"],"acts_visited":["Exordium","TheCity"],"potions_floor_usage":[7,16,16,22,22,22],"damage_taken":[{"damage":2,"enemies":"2 Louse","floor":1,"turns":4},{"damage":0,"enemies":"Jaw Worm","floor":4,"turns":4},{"damage":0,"enemies":"Cultist","floor":6,"turns":4},{"damage":5,"enemies":"Large Slime","floor":7,"turns":8},{"damage":2,"enemies":"Blue Slaver","floor":8,"turns":6},{"damage":3,"enemies":"Replay:BlueRogue","floor":10,"turns":6},{"damage":0,"enemies":"3 Louse","floor":14,"turns":2},{"damage":42,"enemies":"Fading Forest","floor":16,"turns":10},{"damage":25,"enemies":"2 Thieves","floor":18,"turns":4},{"damage":13,"enemies":"3 Byrds","floor":21,"turns":6},{"damage":11,"enemies":"Shelled Parasite and Fungi","floor":22,"turns":9},{"damage":49,"enemies":"Centurion and Healer","floor":24,"turns":8}],"seed_played":"-6626371233922664003","potions_obtained":[{"floor":1,"key":"Weak Potion"},{"floor":10,"key":"AttackPotion"},{"floor":14,"key":"SkillPotion"},{"floor":16,"key":"Venom Potion"},{"floor":18,"key":"BlessingOfTheForge"},{"floor":21,"key":"Block Potion"}],"is_trial":false,"path_per_floor":["M","?","?","M","$","M","M","M","T","E","$","?","R","M","R_BF","B",null,"M","?","?","M","M","R","M"],"character_chosen":"CHRONO_CLASS","items_purchased":[],"campfire_rested":1,"item_purchase_floors":[],"current_hp_per_floor":[69,66,66,66,66,66,61,59,59,56,56,56,56,56,56,28,71,46,46,46,33,22,43,0,0],"gold":37,"neow_bonus":"TEN_PERCENT_HP_BONUS","is_daily":false,"chose_seed":false,"campfire_upgraded":1,"win_rate":0.0,"timestamp":1609574575,"path_taken":["M","?","?","M","$","M","?","M","T","E","$","?","R","M","R_BF","BOSS","M","?","?","M","M","R","M"],"items_purchased_type":[],"build_version":"2020-12-22","purchased_purges":2,"victory":false,"max_hp_per_floor":[71,71,71,71,71,71,71,71,71,71,71,71,71,71,71,71,71,71,71,71,71,71,71,71,71],"card_choices":[{"not_picked":["TickedOff","LockedMedicine","HandsUpC"],"picked":"SKIP","floor":1},{"not_picked":["BlueShift","LockedMedicine"],"picked":"ReapSow","floor":4},{"not_picked":["LockedAnchor","Echoward","AlternateTimeline"],"picked":"SKIP","floor":6},{"not_picked":["WatchCommand","LockedAnchor"],"picked":"Parity","floor":7},{"not_picked":["CrunchTime","Stagnate","HandsUpC"],"picked":"SKIP","floor":8},{"not_picked":["Flay","LockedScales","EscortCommand"],"picked":"SKIP","floor":10},{"not_picked":["DaylightSavings","HandsUpB"],"picked":"Parity","floor":14},{"not_picked":["LockedAnchor","SlimeSpray"],"picked":"ReapSow","floor":14},{"not_picked":["Engulf","BlueShift"],"picked":"LockedTornado+1","floor":18},{"not_picked":["Parity","WakeUpCall"],"picked":"PrimeTime","floor":18},{"not_picked":["AlternateTimeline","Tempo"],"picked":"Parity+1","floor":21},{"not_picked":["ReapSow","WatchCommand"],"picked":"LockedTurtyl","floor":21},{"not_picked":["Break+1","AlternateTimeline","Echoward"],"picked":"SKIP","floor":22},{"not_picked":["EscortCommand","WindUp+1","Echoward"],"picked":"SKIP","floor":22}],"player_experience":50822,"relics_obtained":[{"floor":9,"key":"infinitespire:CheckeredPen"},{"floor":10,"key":"Prayer Wheel"},{"floor":15,"key":"Replay:Multitool"}],"event_choices":[{"damage_healed":0,"gold_gain":0,"player_choice":"Success","damage_taken":3,"relics_obtained":["Vajra"],"max_hp_gain":0,"max_hp_loss":0,"event_name":"Scrap Ooze","floor":2,"gold_loss":0},{"cards_removed":["Defend_Br"],"damage_healed":0,"gold_gain":0,"player_choice":"Offered Basic","damage_taken":0,"max_hp_gain":0,"max_hp_loss":0,"event_name":"Bonfire Elementals","floor":3,"gold_loss":0},{"damage_healed":0,"gold_gain":0,"player_choice":"Paid Fearfully","damage_taken":0,"max_hp_gain":0,"max_hp_loss":0,"event_name":"Masked Bandits","floor":19,"gold_loss":148},{"damage_healed":0,"gold_gain":0,"player_choice":"Forge","damage_taken":0,"max_hp_gain":0,"max_hp_loss":0,"event_name":"Accursed Blacksmith","floor":20,"gold_loss":0,"cards_upgraded":["ReapSow"]}],"is_beta":false,"boss_relics":[{"not_picked":["Replay:Bronze Core","Tiny House"],"picked":"SlaversCollar"}],"items_purged_floors":[5,11],"is_endless":false,"potions_floor_spawned":[1,10,14,16,18,21],"killed_by":"Centurion and Healer","ascension_level":0}}