{"host":"n900smz9wr3yo27a","time":1609601294,"event":{"mods":["Arknights The Spire","BaseMod","CapriCore","GungeonMod","Hermit","Koishi","Lobotomy","Marisa£¨Ùöéë¡¡Øª×âÞÞ£©","Minty Spire (QoL Compilation)","Prisma Mod","Replay The Spire","StSLib","Td1madao Mod","The Animator","The Bug Knight","The Cursed","The Dragon Tamer","The Gatherer","The Hierophant","The Immortal","The Jungle","The Necromancer","The Poker Player","The Runesmith","WarShipGirlsR/??á´Ò³R mod"],"gold_per_floor":[119,135,135,150,150,150,162,187,264,282,347,372,372,385,385,486,486,503,503,514,31,46,46,75,95,122,122,122,122,122],"floor_reached":28,"playtime":1225,"items_purged":["DTMod:TargetDefense"],"score":325,"play_id":"84f94695-86b3-4f6f-9c61-84614c4788a5","local_time":"20210103002814","is_ascension_mode":false,"metric_token":1631,"campfire_choices":[{"data":"DTMod:DoubleHit","floor":6,"key":"SMITH"},{"floor":13,"key":"REST"},{"floor":15,"key":"REST"},{"floor":23,"key":"REST"}],"dtmod_dragon_data":[0,50,1,-1,8,0],"circlet_count":0,"master_deck":["DTMod:Strike+1","DTMod:Strike+1","DTMod:Strike+1","DTMod:Strike+1","DTMod:DoubleHit+1","DTMod:TargetDefense+1","DTMod:TargetDefense+1","DTMod:TargetDefense+1","DTMod:SwitchingTactic","DTMod:BreakAttack+1","DTMod:CleansingStrike","DTMod:FierySynthesis","DTMod:TagTeam","DTMod:Hide","DTMod:HeatWave","DTMod:BuildUp","DTMod:ShieldDrain","DTMod:ShadowImage","DTMod:Shift+1","DTMod:WarmUp","DTMod:CrossStep+1","DTMod:Training+1","DTMod:CrossStep"],"relics":["Runesmith:UraniumAnvil","Tiny Chest","Bag of Marbles","DemoMod:PinkGuonStone","DTMod:TheChair","MutagenicStrength","Pen Nib","Regal Pillow","ReplayTheSpireMod:TigerMarble"],"acts_visited":["Exordium","TheCity"],"potions_floor_usage":[8,8,20,24,24,24,25],"damage_taken":[{"damage":0,"enemies":"Small Slimes","floor":1,"turns":3},{"damage":0,"enemies":"2 Louse","floor":2,"turns":3},{"damage":0,"enemies":"Cultist","floor":4,"turns":3},{"damage":0,"enemies":"3 Louse","floor":7,"turns":2},{"damage":0,"enemies":"3 Sentries","floor":8,"turns":4},{"damage":0,"enemies":"Large Slime","floor":10,"turns":5},{"damage":8,"enemies":"Lagavulin Event","floor":11,"turns":5},{"damage":0,"enemies":"Gremlin Nob","floor":12,"turns":4},{"damage":0,"enemies":"Blue Slaver","floor":14,"turns":2},{"damage":14,"enemies":"Hexaghost","floor":16,"turns":11},{"damage":0,"enemies":"Chosen","floor":18,"turns":6},{"damage":0,"enemies":"2 Thieves","floor":20,"turns":3},{"damage":12,"enemies":"Snecko","floor":22,"turns":6},{"damage":0,"enemies":"Gremlin Leader","floor":24,"turns":6},{"damage":25,"enemies":"Centurion and Healer","floor":25,"turns":7},{"damage":4,"enemies":"Shelled Parasite and Fungi","floor":28,"turns":2}],"seed_played":"-9161747643327253490","potions_obtained":[{"floor":2,"key":"DuplicationPotion"},{"floor":4,"key":"SkillPotion"},{"floor":8,"key":"Explosive Potion"},{"floor":24,"key":"Fire Potion"}],"is_trial":false,"path_per_floor":["M","M","?","M","?","R","M","E","T","M","?","E","R","M","R","B",null,"M","?","M","$","M","R","E","M","T","?","M"],"character_chosen":"THE_DT","items_purchased":["DTMod:WarmUp","SkillPotion","BlessingOfTheForge","DistilledChaos","Pen Nib"],"campfire_rested":3,"item_purchase_floors":[21,21,21,21,21],"current_hp_per_floor":[45,45,45,45,45,45,45,45,45,45,37,44,52,52,52,38,52,52,52,52,52,40,52,52,27,27,27,23,23,23],"gold":122,"neow_bonus":"BOSS_RELIC","is_daily":false,"chose_seed":false,"campfire_upgraded":1,"win_rate":0.0,"timestamp":1609601294,"path_taken":["M","M","?","M","?","R","?","E","T","M","?","E","R","M","R","BOSS","M","?","M","$","M","R","E","M","T","?","M"],"items_purchased_type":["Card","Potion","Potion","Potion","Relic"],"build_version":"2020-12-22","purchased_purges":1,"victory":false,"max_hp_per_floor":[45,45,45,45,45,45,45,45,45,45,45,52,52,52,52,52,52,52,52,52,52,52,52,52,52,52,52,52,52,52],"card_choices":[{"not_picked":["DTMod:Punisher","DTMod:Cover"],"picked":"DTMod:BreakAttack","floor":1},{"not_picked":["DTMod:Cover","DTMod:BuildUp"],"picked":"DTMod:CleansingStrike","floor":2},{"not_picked":["DTMod:Training","DTMod:Feint"],"picked":"DTMod:FierySynthesis","floor":4},{"not_picked":["DTMod:Hide","DTMod:MagicField","DTMod:BreakAttack"],"picked":"SKIP","floor":7},{"not_picked":["DTMod:Hide","DTMod:TauntingStrike"],"picked":"DTMod:TagTeam","floor":8},{"not_picked":["DTMod:Punisher","DTMod:BreakAttack"],"picked":"DTMod:Hide","floor":10},{"not_picked":["DTMod:BalancedStrike","DTMod:FierySynthesis"],"picked":"DTMod:HeatWave","floor":11},{"not_picked":["DTMod:RecklessFlurry","DTMod:MasterPlan"],"picked":"DTMod:BuildUp","floor":12},{"not_picked":["DTMod:Weaken","DTMod:TauntingStrike"],"picked":"DTMod:ShieldDrain","floor":14},{"not_picked":["DTMod:FierySynthesis","DTMod:OpeningTactic"],"picked":"DTMod:ShadowImage","floor":16},{"not_picked":["DTMod:RecklessFlurry+1","DTMod:Astonish+1"],"picked":"DTMod:Shift+1","floor":18},{"not_picked":["DTMod:CleansingStrike","DTMod:RunningTactic","DTMod:BizarreTactic"],"picked":"SKIP","floor":20},{"not_picked":["DTMod:InvisibleFlame","DTMod:PurifyingFlame+1"],"picked":"DTMod:CrossStep+1","floor":22},{"not_picked":["DTMod:Conduct","DTMod:Feint+1"],"picked":"DTMod:Training+1","floor":24},{"not_picked":["DTMod:HeatWave","DTMod:BurningEnergy"],"picked":"DTMod:CrossStep","floor":25}],"player_experience":755407,"relics_obtained":[{"floor":8,"key":"Tiny Chest"},{"floor":12,"key":"DemoMod:PinkGuonStone"},{"floor":24,"key":"Regal Pillow"},{"floor":26,"key":"ReplayTheSpireMod:TigerMarble"}],"event_choices":[{"damage_healed":0,"gold_gain":0,"player_choice":"Upgraded","damage_taken":0,"max_hp_gain":0,"max_hp_loss":0,"event_name":"Upgrade Shrine","floor":5,"gold_loss":0,"cards_upgraded":["DTMod:BreakAttack"]},{"damage_healed":0,"gold_gain":0,"player_choice":"Searched \u00272\u0027 times","damage_taken":0,"relics_obtained":["Bag of Marbles"],"max_hp_gain":0,"max_hp_loss":0,"event_name":"Dead Adventurer","floor":11,"gold_loss":0},{"damage_healed":0,"gold_gain":0,"player_choice":"Inject Mutagens","damage_taken":0,"relics_obtained":["MutagenicStrength"],"max_hp_gain":0,"max_hp_loss":0,"event_name":"Drug Dealer","floor":19,"gold_loss":0},{"damage_healed":0,"gold_gain":0,"player_choice":"Simplicity","damage_taken":0,"max_hp_gain":0,"max_hp_loss":0,"event_name":"Back to Basics","floor":27,"gold_loss":0,"cards_upgraded":["DTMod:Strike","DTMod:Strike","DTMod:Strike","DTMod:Strike","DTMod:TargetDefense","DTMod:TargetDefense","DTMod:TargetDefense"]}],"is_beta":false,"boss_relics":[{"not_picked":["Honey Jar","ReplayTheSpireMod:DimensionalGlitch"],"picked":"DTMod:TheChair"}],"items_purged_floors":[21],"is_endless":false,"potions_floor_spawned":[2,4,8,22,24],"killed_by":"Shelled Parasite and Fungi","ascension_level":0}}