{"host":"p08oqmr389b4tgxi","time":1609546866,"event":{"mods":["Act Like it!","Arknights The Spire","BaseMod","Colored Powertips","Friendly Minions","Gensokyo","Hermit","Minty Spire (QoL Compilation)","Pale of the Ancients","Relic Stats","StSLib","The Alterego","The Marked","UnlockEverythingMod","Yakumo Yukari mod"],"gold_per_floor":[118,135,85,100,115,115,115,115],"floor_reached":7,"playtime":247,"items_purged":[],"score":43,"play_id":"17a98c73-1f24-452a-aa48-a6ae1bf65c6e","local_time":"20210102082106","is_ascension_mode":false,"campfire_choices":[{"data":"ats:Part Time Job","floor":6,"key":"SMITH"}],"circlet_count":0,"master_deck":["ats:Strike C","ats:Strike S","ats:Strike V","ats:Armor Crushing Shot","ats:Defend","ats:Defend","ats:Defend","ats:Defend","ats:Emotion Absorption","ats:Part Time Job+1","ats:Composite Medical Shells","ats:Hook Shot","ats:Explosion Area Strengthen"],"relics":["ats:Sanity","NeowsBlessing"],"acts_visited":["Exordium"],"potions_floor_usage":[7],"damage_taken":[{"damage":0.0,"enemies":"Jaw Worm","floor":1.0,"turns":1.0},{"damage":0,"enemies":"2 Louse","floor":2,"turns":1},{"damage":0,"enemies":"Cultist","floor":4,"turns":1},{"damage":34,"enemies":"Exordium Wildlife","floor":5,"turns":11},{"damage":64,"enemies":"Gremlin Nob","floor":7,"turns":6}],"seed_played":"-4742172245904163192","potions_obtained":[{"floor":4,"key":"SpeedPotion"}],"is_trial":false,"path_per_floor":["M","M","?","M","M","R","E"],"character_chosen":"DOCTOR_CLASS","items_purchased":[],"campfire_rested":0,"item_purchase_floors":[],"current_hp_per_floor":[72,72,72,72,44,44,0,0],"gold":115,"neow_bonus":"THREE_ENEMY_KILL","is_daily":false,"chose_seed":false,"campfire_upgraded":1,"win_rate":0.0,"timestamp":1609546866,"path_taken":["M","M","?","M","M","R","E"],"items_purchased_type":[],"build_version":"2020-12-22","purchased_purges":0,"victory":false,"max_hp_per_floor":[72,72,72,72,72,72,72,72],"relic_stats":{"counters":[5,20],"obtain_stats":[{"NeowsBlessing":0,"ats:Sanity":0},{"NeowsBlessing":0,"ats:Sanity":0},{"NeowsBlessing":0,"ats:Sanity":0}]},"card_choices":[{"not_picked":["ats:Revitalization","ats:Childhood Dance"],"picked":"ats:Part Time Job","floor":1},{"not_picked":["ats:Childhood Dance","ats:Mental Burst"],"picked":"ats:Composite Medical Shells","floor":2},{"not_picked":["ats:Shell Defense","ats:Flexible Camouflage"],"picked":"ats:Hook Shot","floor":4},{"not_picked":["ats:Chain Hook","ats:Charging Defense"],"picked":"ats:Explosion Area Strengthen","floor":5}],"player_experience":7280,"relics_obtained":[],"event_choices":[{"cards_removed":["ats:Strike G"],"damage_healed":0,"gold_gain":0,"player_choice":"Card Removal","damage_taken":0,"max_hp_gain":0,"max_hp_loss":0,"event_name":"The Cleric","floor":3,"gold_loss":50}],"is_beta":false,"boss_relics":[],"items_purged_floors":[],"is_endless":false,"potions_floor_spawned":[4],"killed_by":"Gremlin Nob","ascension_level":0}}