{"host":"xwqwvmlzre68xjvm","time":1609562274,"event":{"mods":["BaseMod","Colored Map","Colored Powertips","Hermit","Minty Spire (QoL Compilation)","Replay The Spire","StSLib","SuperFastMode","Td1madao Mod","The Bug Knight","The Cursed","The Hierophant","The Runesmith"],"gold_per_floor":[115,115,115,115,136,155,179,179,179,194,194,228,228,244,244,244,244],"floor_reached":16,"playtime":691,"items_purged":[],"score":102,"play_id":"80ca7d3f-7739-4aff-9e4b-402ef1621b85","local_time":"20210102133754","is_ascension_mode":false,"campfire_choices":[{"floor":11,"key":"REST"},{"data":"Genetic Algorithm","floor":13,"key":"SMITH"},{"data":"Defend_B","floor":15,"key":"PURGE"}],"circlet_count":0,"master_deck":["Strike_B","Strike_B","Strike_B","Defend_B","Defend_B+1","Defend_B+1","Zap","Gash","Genetic Algorithm+1","ReplayGash","Hologram","Leap","BootSequence","Chaos"],"relics":["Cracked Core","NeowsBlessing","Golden Idol","Mirror","Mercury Hourglass"],"acts_visited":["Exordium"],"potions_floor_usage":[12,12,12,16],"damage_taken":[{"damage":0,"enemies":"2 Louse","floor":1,"turns":1},{"damage":0,"enemies":"Small Slimes","floor":5,"turns":1},{"damage":0,"enemies":"Cultist","floor":6,"turns":1},{"damage":20,"enemies":"Large Slime","floor":7,"turns":6},{"damage":7,"enemies":"3 Louse","floor":10,"turns":3},{"damage":20,"enemies":"Gremlin Nob","floor":12,"turns":5},{"damage":0,"enemies":"Lots of Slimes","floor":14,"turns":2},{"damage":27,"enemies":"Slime Boss","floor":16,"turns":3}],"seed_played":"-3578250759003822550","potions_obtained":[{"floor":5,"key":"Regen Potion"},{"floor":6,"key":"DistilledChaos"},{"floor":10,"key":"DistilledChaos"},{"floor":14,"key":"DuplicationPotion"}],"is_trial":false,"path_per_floor":["M","?","?","?","M","M","M","?","T","M","R","E","R","M","R_BF","B"],"character_chosen":"DEFECT","items_purchased":[],"campfire_rested":1,"item_purchase_floors":[],"current_hp_per_floor":[75,68,53,35,35,35,15,15,15,8,30,24,24,24,24,0,0],"gold":244,"neow_bonus":"THREE_ENEMY_KILL","is_daily":false,"chose_seed":false,"campfire_upgraded":1,"win_rate":0.0,"timestamp":1609562274,"path_taken":["M","?","?","?","M","M","M","?","T","M","R","E","R","?","R_BF","BOSS"],"items_purchased_type":[],"build_version":"2020-12-22","purchased_purges":0,"victory":false,"max_hp_per_floor":[75,75,75,75,75,75,75,75,75,75,75,75,75,75,75,75,75],"card_choices":[{"not_picked":["Conserve Battery","ReplaySort"],"picked":"Gash","floor":1},{"not_picked":["Sweeping Beam","Hologram"],"picked":"Genetic Algorithm","floor":5},{"not_picked":["Force Field","Coolheaded"],"picked":"ReplayGash","floor":6},{"not_picked":["Doom and Gloom","Turbo"],"picked":"Hologram","floor":7},{"not_picked":["Melter","Compile Driver"],"picked":"Leap","floor":10},{"not_picked":["Sunder","ReplayTheSpireMod:Repulse"],"picked":"BootSequence","floor":12},{"not_picked":["Leap","Amplify"],"picked":"Chaos","floor":14}],"player_experience":21890,"relics_obtained":[{"floor":9,"key":"Mirror"},{"floor":12,"key":"Mercury Hourglass"}],"event_choices":[{"cards_removed":["Dualcast"],"damage_healed":0,"gold_gain":0,"player_choice":"Card Removal","damage_taken":7,"max_hp_gain":0,"max_hp_loss":0,"event_name":"Golden Wing","floor":2,"gold_loss":0},{"damage_healed":0,"gold_gain":0,"player_choice":"Entered Light","damage_taken":15,"max_hp_gain":0,"max_hp_loss":0,"event_name":"Shining Light","floor":3,"gold_loss":0,"cards_upgraded":["Defend_B","Defend_B"]},{"damage_healed":0,"gold_gain":0,"player_choice":"Take Damage","damage_taken":18,"relics_obtained":["Golden Idol"],"max_hp_gain":0,"max_hp_loss":0,"event_name":"Golden Idol","floor":4,"gold_loss":0},{"cards_removed":["Strike_B"],"damage_healed":0,"gold_gain":0,"player_choice":"Purged","damage_taken":0,"max_hp_gain":0,"max_hp_loss":0,"event_name":"Purifier","floor":8,"gold_loss":0}],"is_beta":false,"boss_relics":[],"items_purged_floors":[],"is_endless":false,"potions_floor_spawned":[5,6,10,14],"killed_by":"Slime Boss","ascension_level":0}}