{"host":"37dk0reb6x0du8wx","time":1609604531,"event":{"mods":["BaseMod","Colored Map","DeckTracker","Minty Spire (QoL Compilation)","Quick Restart","StSLib","The Dragon Tamer"],"gold_per_floor":[116,191,191,40,40,40,60,60,60,79,107,107,7,34,34,137,137,125,125,141,157,157,157,169,44,44,44,58,74,107,107,107],"floor_reached":31,"playtime":1031,"items_purged":["Defend_G","Strike_G","Strike_G+1"],"score":253,"play_id":"2715efa4-c6db-45c0-8f8b-db0cc7bf2758","local_time":"20210103012211","is_ascension_mode":true,"campfire_choices":[{"floor":6,"key":"REST"},{"floor":12,"key":"REST"},{"floor":15,"key":"REST"},{"floor":23,"key":"REST"},{"floor":27,"key":"REST"}],"circlet_count":0,"master_deck":["Strike_G","Strike_G","Defend_G","Defend_G","Defend_G","Defend_G","Survivor","Neutralize","Catalyst+1","Deadly Poison","Burst","Noxious Fumes","Deadly Poison","Bouncing Flask+1","Crippling Poison"],"relics":["Ring of the Snake","Nunchaku","Bottled Lightning","Dead Branch","Omamori","Sozu","Prayer Wheel","Darkstone Periapt"],"acts_visited":["Exordium","TheCity"],"potions_floor_usage":[16,28,28],"damage_taken":[{"damage":0,"enemies":"Small Slimes","floor":1,"turns":3},{"damage":1,"enemies":"2 Louse","floor":7,"turns":3},{"damage":0,"enemies":"Cultist","floor":10,"turns":5},{"damage":8,"enemies":"Gremlin Nob","floor":11,"turns":4},{"damage":23,"enemies":"3 Sentries","floor":14,"turns":8},{"damage":33,"enemies":"Hexaghost","floor":16,"turns":9},{"damage":18,"enemies":"2 Thieves","floor":18,"turns":4},{"damage":19,"enemies":"Spheric Guardian","floor":20,"turns":4},{"damage":9,"enemies":"Chosen and Byrds","floor":21,"turns":5},{"damage":23,"enemies":"Centurion and Healer","floor":24,"turns":4},{"damage":7,"enemies":"3 Cultists","floor":28,"turns":4},{"damage":7,"enemies":"Sentry and Sphere","floor":29,"turns":4},{"damage":20,"enemies":"Gremlin Leader","floor":30,"turns":7},{"damage":16,"enemies":"Centurion and Healer","floor":31,"turns":2}],"seed_played":"6934024791267763797","potions_obtained":[{"floor":1,"key":"Dexterity Potion"},{"floor":14,"key":"GamblersBrew"},{"floor":16,"key":"DistilledChaos"}],"is_trial":false,"path_per_floor":["M","?","?","$","?","R","M","$","T","M","E","R","$","E","R","B",null,"M","?","M","M","?","R","M","$","T","R","M","M","E","M"],"character_chosen":"THE_SILENT","items_purchased":["Catalyst"],"campfire_rested":5,"item_purchase_floors":[4],"current_hp_per_floor":[70,59,59,59,45,66,65,65,65,65,57,70,70,47,68,35,70,52,52,33,24,24,45,22,22,22,43,36,29,9,0,0],"gold":107,"neow_bonus":"RANDOM_COMMON_RELIC","is_daily":false,"chose_seed":false,"campfire_upgraded":0,"win_rate":0.0,"timestamp":1609604531,"path_taken":["M","?","?","$","?","R","M","$","T","M","E","R","$","E","R","BOSS","M","?","?","M","?","R","M","$","T","R","M","M","E","M"],"items_purchased_type":["Card"],"build_version":"2020-12-22","purchased_purges":3,"victory":false,"max_hp_per_floor":[70,70,70,70,70,70,70,70,70,70,70,70,70,70,70,70,70,70,70,70,70,70,70,70,70,70,70,70,70,70,70,70],"card_choices":[{"not_picked":["Masterful Stab","Blur","Quick Slash"],"picked":"SKIP","floor":1},{"not_picked":["Caltrops","Leg Sweep","Bane"],"picked":"SKIP","floor":7},{"not_picked":["Blur","PiercingWail"],"picked":"Deadly Poison","floor":10},{"not_picked":["Setup","Outmaneuver","Escape Plan"],"picked":"SKIP","floor":11},{"not_picked":["Tactician","Bane","Slice"],"picked":"SKIP","floor":14},{"not_picked":["Envenom","Venomology"],"picked":"Burst","floor":16},{"not_picked":["Setup","Quick Slash+1"],"picked":"Noxious Fumes","floor":18},{"not_picked":["Catalyst","Underhanded Strike"],"picked":"Deadly Poison","floor":20},{"not_picked":["Outmaneuver+1","All Out Attack+1"],"picked":"Bouncing Flask+1","floor":21},{"not_picked":["Escape Plan","Dodge and Roll+1","Bane"],"picked":"SKIP","floor":24},{"not_picked":["Dodge and Roll","Blade Dance","Flying Knee"],"picked":"SKIP","floor":28},{"not_picked":["Outmaneuver","Underhanded Strike+1","Calculated Gamble"],"picked":"SKIP","floor":28},{"not_picked":["PiercingWail","Cloak And Dagger"],"picked":"Crippling Poison","floor":29},{"not_picked":["Backflip","PiercingWail+1","Tactician"],"picked":"SKIP","floor":29},{"not_picked":["Leg Sweep","Doppelganger","Prepared"],"picked":"SKIP","floor":30}],"player_experience":138061,"relics_obtained":[{"floor":9,"key":"Bottled Lightning"},{"floor":11,"key":"Dead Branch"},{"floor":14,"key":"Omamori"},{"floor":26,"key":"Prayer Wheel"},{"floor":30,"key":"Darkstone Periapt"}],"event_choices":[{"damage_healed":0,"gold_gain":75,"player_choice":"Gather Gold","damage_taken":11,"max_hp_gain":0,"max_hp_loss":0,"event_name":"World of Goop","floor":2,"gold_loss":0},{"cards_removed":["Strike_G"],"damage_healed":0,"gold_gain":0,"player_choice":"Forget","damage_taken":0,"max_hp_gain":0,"max_hp_loss":0,"event_name":"Living Wall","floor":3,"gold_loss":0},{"damage_healed":0,"gold_gain":0,"player_choice":"Entered Light","damage_taken":14,"max_hp_gain":0,"max_hp_loss":0,"event_name":"Shining Light","floor":5,"gold_loss":0,"cards_upgraded":["Strike_G","Catalyst"]},{"damage_healed":0,"gold_gain":0,"player_choice":"0 cards matched","damage_taken":0,"max_hp_gain":0,"max_hp_loss":0,"event_name":"Match and Keep!","floor":19,"gold_loss":0,"cards_obtained":[]},{"damage_healed":0,"gold_gain":0,"player_choice":"Ignored","damage_taken":0,"max_hp_gain":0,"max_hp_loss":0,"event_name":"Ghosts","floor":22,"gold_loss":0}],"is_beta":false,"boss_relics":[{"not_picked":["Fusion Hammer","Astrolabe"],"picked":"Sozu"}],"items_purged_floors":[4,13,25],"is_endless":false,"potions_floor_spawned":[1,14,16,18,20],"killed_by":"Centurion and Healer","ascension_level":2}}