{"host":"kzgs6j41p44kseun","time":1609556450,"event":{"mods":["AchievementEnabler","Aspiration","BaseMod","Better Third Choice","Colored Powertips","Conspire","Downfall","Hero for Fun","Highlight Path","Hubris","Minty Spire (QoL Compilation)","StSLib","The Saiyan","Yuri Mod"],"gold_per_floor":[19,38,51,67,67,95,95,125,125,125,142,162,175,202,202,306,306,318,318,24,24,24,52,52,52,52,52,52,52,69,69,69,172,172,192,211,239,239,289,618,175,125,125,145,158,158,158,172,172,172,172,172,17,49,49],"floor_reached":56,"playtime":1058,"items_purged":["Defend_Y","Defend_Y"],"score":1603,"play_id":"93869a67-c3e0-414b-bd01-6c83a7248d76","local_time":"20210101210050","is_ascension_mode":false,"campfire_choices":[{"floor":7,"key":"RECALL"},{"data":"Side_Hop","floor":15,"key":"SMITH"},{"data":"Serious_Punch","floor":24,"key":"SMITH"},{"data":"Serious_Side_Hops","floor":28,"key":"SMITH"},{"data":"Consecutive_Normal_Punch","floor":32,"key":"SMITH"},{"data":"Get_Hopes_Up","floor":46,"key":"SMITH"},{"data":"Hip_Strike","floor":49,"key":"SMITH"},{"data":"Wear_Disguise","floor":52,"key":"SMITH"}],"circlet_count":0,"master_deck":["Strike_Y","Strike_Y","Strike_Y","Strike_Y","Strike_Y","Defend_Y","Defend_Y","Defend_Y","Slap","Yawn","Do_Nothing","Wear_Disguise+1","Hip_Strike+1","Side_Hop+1","Toss_Stone","Normal_Punch","Serious_Side_Hops+1","Toss_Stone","Serious_Punch+1","Yawn","Consecutive_Normal_Punch+1","Get_Hopes_Up+1","Do_Nothing+1"],"relics":["Cape","aspiration:BabyByrd","Toy Ornithopter","Odd Mushroom","Shuriken","aspiration:FutureDiary","aspiration:Lifesprig","Chemical X","Bag of Preparation","Unceasing Top","aspiration:RitualStick","Black Star","Smiling Mask","Turnip","Frozen Egg 2","Old Coin","Omamori","Ornamental Fan","conspire:DeflatedDodgeball","Nunchaku","Happy Flower","Vajra"],"acts_visited":["Exordium","TheCity","TheBeyond","TheEnding"],"potions_floor_usage":[],"damage_taken":[{"damage":0,"enemies":"Jaw Worm","floor":1,"turns":1},{"damage":0,"enemies":"Small Slimes","floor":2,"turns":1},{"damage":0,"enemies":"Cultist","floor":3,"turns":1},{"damage":0,"enemies":"3 Louse","floor":4,"turns":1},{"damage":0,"enemies":"Gremlin Nob","floor":6,"turns":1},{"damage":0,"enemies":"The Mushroom Lair","floor":8,"turns":1},{"damage":0,"enemies":"Exordium Wildlife","floor":11,"turns":1},{"damage":0,"enemies":"2 Fungi Beasts","floor":12,"turns":1},{"damage":0,"enemies":"Blue Slaver","floor":13,"turns":1},{"damage":0,"enemies":"Lagavulin","floor":14,"turns":1},{"damage":0,"enemies":"Slime Boss","floor":16,"turns":1},{"damage":0,"enemies":"2 Thieves","floor":18,"turns":1},{"damage":0,"enemies":"Gremlin Leader","floor":23,"turns":1},{"damage":0,"enemies":"Shell Parasite","floor":30,"turns":1},{"damage":0,"enemies":"conspire:MysteriousRune","floor":33,"turns":1},{"damage":0,"enemies":"Orb Walker","floor":35,"turns":1},{"damage":0,"enemies":"3 Darklings","floor":36,"turns":2},{"damage":0,"enemies":"conspire:MimicChest","floor":37,"turns":1},{"damage":0,"enemies":"Mind Bloom Boss Battle","floor":39,"turns":1},{"damage":0,"enemies":"Reptomancer","floor":40,"turns":1},{"damage":0,"enemies":"Transient","floor":44,"turns":1},{"damage":0,"enemies":"Maw","floor":45,"turns":1},{"damage":0,"enemies":"Writhing Mass","floor":48,"turns":1},{"damage":0,"enemies":"Donu and Deca","floor":50,"turns":1},{"damage":0,"enemies":"Shield and Spear","floor":54,"turns":1},{"damage":0,"enemies":"The Heart","floor":55,"turns":3}],"seed_played":"-2895021549036721643","potions_obtained":[{"floor":4,"key":"champ:CounterPotion"},{"floor":8,"key":"Block Potion"},{"floor":11,"key":"LiquidMemories"}],"is_trial":false,"path_per_floor":["M","M","M","M","?","E","R","?","T","?","M","M","M","E","R","B",null,"M","?","$","?","$","E","R","$","T","$","R","?","M","$","R","B",null,"M","M","?","?","?","E","$","$","T","M","M","R","?","M","R","B",null,"R","$","E","B",null],"character_chosen":"OPM","items_purchased":["aspiration:Lifesprig","Chemical X","Omamori","Ornamental Fan","Nunchaku"],"campfire_rested":0,"item_purchase_floors":[20,20,41,41,53],"current_hp_per_floor":[1098,1098,1098,1098,1098,1098,1098,1098,1098,1098,1098,1098,1098,1098,1098,1098,1098,1098,1098,1098,1098,1098,1098,1098,1098,1098,1098,1098,1098,1098,1098,1098,1098,1098,1098,1098,1098,1098,1098,1098,1098,1098,1098,1098,1098,1098,1098,1098,1098,1098,1098,1098,1098,1098,1098],"gold":49,"neow_bonus":"TEN_PERCENT_HP_BONUS","is_daily":false,"chose_seed":false,"campfire_upgraded":7,"win_rate":0.0,"timestamp":1609556450,"path_taken":["M","M","M","M","?","E","R","?","T","?","M","?","M","E","R","BOSS","M","?","$","?","?","E","R","$","T","?","R","?","M","$","R","BOSS","M","M","?","?","?","E","?","$","T","?","M","R","?","M","R","BOSS","R","$","E","BOSS"],"items_purchased_type":["Relic","Relic","Relic","Relic","Relic"],"build_version":"2020-12-22","purchased_purges":2,"victory":true,"max_hp_per_floor":[1098,1098,1098,1098,1098,1098,1098,1098,1098,1098,1098,1098,1098,1098,1098,1098,1098,1098,1098,1098,1098,1098,1098,1098,1098,1098,1098,1098,1098,1098,1098,1098,1098,1098,1098,1098,1098,1098,1098,1098,1098,1098,1098,1098,1098,1098,1098,1098,1098,1098,1098,1098,1098,1098,1098],"card_choices":[{"not_picked":["Side_Hop","Hop"],"picked":"Slap","floor":1},{"not_picked":["Slap","Hop"],"picked":"Yawn","floor":2},{"not_picked":["Side_Hop","Yawn"],"picked":"Do_Nothing","floor":3},{"not_picked":["Side_Hop","Yawn"],"picked":"Wear_Disguise","floor":4},{"not_picked":["Do_Nothing","Toss_Stone"],"picked":"Hip_Strike","floor":6},{"not_picked":["Slap","Hop"],"picked":"Side_Hop","floor":8},{"not_picked":["Wear_Disguise","Hop"],"picked":"Toss_Stone","floor":11},{"not_picked":["Hop","Do_Nothing"],"picked":"Normal_Punch","floor":12},{"not_picked":["Consecutive_Normal_Punch","Do_Nothing"],"picked":"Serious_Side_Hops","floor":13},{"not_picked":["Yawn","Slap"],"picked":"Toss_Stone","floor":14},{"not_picked":["Get_Hopes_Up","Terrifying_Presence"],"picked":"Serious_Punch","floor":16},{"not_picked":["Do_Nothing","Hop"],"picked":"Yawn","floor":18},{"not_picked":["Toss_Stone","Slap"],"picked":"Consecutive_Normal_Punch","floor":23},{"not_picked":["Side_Hop+1","Ignore","Toss_Stone"],"picked":"SKIP","floor":30},{"not_picked":["Terrifying_Presence","Serious_Punch"],"picked":"Get_Hopes_Up","floor":33},{"not_picked":["Ignore","Yawn","Slap"],"picked":"SKIP","floor":35},{"not_picked":["Normal_Punch","Hop+1","Do_Nothing"],"picked":"SKIP","floor":36},{"not_picked":["Consecutive_Normal_Punch+1","Yawn+1"],"picked":"Do_Nothing+1","floor":39},{"not_picked":["Side_Hop+1","Normal_Punch+1","Consecutive_Normal_Punch+1"],"picked":"SKIP","floor":40},{"not_picked":["Do_Nothing","Yawn+1","Slap+1"],"picked":"SKIP","floor":44},{"not_picked":["Consecutive_Normal_Punch","Hop","Wear_Disguise+1"],"picked":"SKIP","floor":45},{"not_picked":["Ignore+1","Toss_Stone+1","Side_Hop"],"picked":"SKIP","floor":48},{"not_picked":["Yawn+1","Hop+1","Slap"],"picked":"SKIP","floor":54}],"player_experience":102548,"relics_obtained":[{"floor":6,"key":"Toy Ornithopter"},{"floor":8,"key":"Odd Mushroom"},{"floor":14,"key":"Shuriken"},{"floor":23,"key":"Bag of Preparation"},{"floor":26,"key":"Unceasing Top"},{"floor":37,"key":"Smiling Mask"},{"floor":39,"key":"Turnip"},{"floor":40,"key":"Frozen Egg 2"},{"floor":40,"key":"Old Coin"},{"floor":43,"key":"conspire:DeflatedDodgeball"},{"floor":54,"key":"Happy Flower"},{"floor":54,"key":"Vajra"}],"event_choices":[{"damage_healed":0,"gold_gain":0,"player_choice":"Fought Mushrooms","damage_taken":0,"max_hp_gain":0,"max_hp_loss":0,"event_name":"Mushrooms","floor":8,"gold_loss":0},{"damage_healed":0,"gold_gain":0,"player_choice":"Leave","damage_taken":0,"max_hp_gain":0,"max_hp_loss":0,"event_name":"conspire:Investor","floor":10,"gold_loss":0},{"damage_healed":0,"gold_gain":0,"player_choice":"Ignored","damage_taken":0,"max_hp_gain":0,"max_hp_loss":0,"event_name":"Vampires","floor":21,"gold_loss":0},{"damage_healed":0,"gold_gain":0,"player_choice":"Fight","damage_taken":0,"max_hp_gain":0,"max_hp_loss":0,"event_name":"MindBloom","floor":39,"gold_loss":0},{"damage_healed":0,"gold_gain":0,"player_choice":"Memory 1","damage_taken":0,"max_hp_gain":0,"max_hp_loss":0,"event_name":"SensoryStone","floor":47,"gold_loss":0}],"is_beta":false,"boss_relics":[{"not_picked":["hubris:Stopwatch","aspiration:RitualDagger"],"picked":"aspiration:FutureDiary"},{"not_picked":["Busted Crown","hubris:BlackHole"],"picked":"Black Star"}],"items_purged_floors":[41,42],"is_endless":false,"potions_floor_spawned":[4,8,11,14,18,36,39,44,45,54],"ascension_level":0}}