{"host":"qgru5siit3fz0wh9","time":1609586305,"event":{"mods":["AchievementEnabler","BaseMod","Highlight Path","Minty Spire (QoL Compilation)"],"gold_per_floor":[360,360,24,41,41,67,67,67,67,96,21,21,36,48,48,153,153,167,177,102,120,134,134,134,134],"floor_reached":24,"playtime":1216,"items_purged":["Normality"],"score":247,"play_id":"f26a14dc-2379-4a1a-a421-cd7812f9405d","local_time":"20210102121825","is_ascension_mode":true,"campfire_choices":[{"data":"Tempest","floor":8,"key":"SMITH"},{"data":"Storm","floor":15,"key":"SMITH"},{"floor":23,"key":"REST"}],"circlet_count":0,"master_deck":["Strike_B","Strike_B","Strike_B","Defend_B","Defend_B","Defend_B","Defend_B","Zap","Dualcast","Turbo","Tempest+1","Hello World","Redo","BootSequence","Storm+1","Parasite","Chill","Capacitor","Machine Learning","Lockon","Conserve Battery","Turbo","White Noise+1"],"relics":["Cracked Core","Cables","MealTicket","Blood Vial","Pantograph","Meat on the Bone","Inserter"],"acts_visited":["Exordium","TheCity"],"potions_floor_usage":[6,6,6,10,16,22],"damage_taken":[{"damage":3,"enemies":"Jaw Worm","floor":1,"turns":4},{"damage":1,"enemies":"Cultist","floor":4,"turns":3},{"damage":25,"enemies":"3 Sentries","floor":6,"turns":4},{"damage":14,"enemies":"Gremlin Nob","floor":10,"turns":3},{"damage":0,"enemies":"2 Louse","floor":13,"turns":1},{"damage":8,"enemies":"Large Slime","floor":14,"turns":3},{"damage":14,"enemies":"The Guardian","floor":16,"turns":10},{"damage":32,"enemies":"Spheric Guardian","floor":18,"turns":5},{"damage":23,"enemies":"Chosen","floor":19,"turns":5},{"damage":23,"enemies":"Centurion and Healer","floor":21,"turns":9},{"damage":30,"enemies":"Chosen and Byrds","floor":22,"turns":6},{"damage":53,"enemies":"Gremlin Leader","floor":24,"turns":5}],"seed_played":"-1680212706657076467","potions_obtained":[{"floor":1,"key":"Explosive Potion"},{"floor":2,"key":"SkillPotion"},{"floor":2,"key":"LiquidMemories"},{"floor":4,"key":"Fruit Juice"},{"floor":6,"key":"DistilledChaos"},{"floor":14,"key":"FocusPotion"},{"floor":16,"key":"SpeedPotion"},{"floor":18,"key":"Strength Potion"}],"is_trial":false,"path_per_floor":["M","?","$","M","?","E","?","R","T","E","$","?","M","M","R","B",null,"M","M","?","M","M","R","E"],"character_chosen":"DEFECT","items_purchased":["Cables","Storm"],"campfire_rested":1,"item_purchase_floors":[3,11],"current_hp_per_floor":[72,72,72,71,71,51,51,51,51,39,54,74,76,70,70,66,80,48,39,39,30,14,38,0,0],"gold":134,"neow_bonus":"TWO_FIFTY_GOLD","is_daily":false,"chose_seed":false,"campfire_upgraded":2,"win_rate":0.0,"timestamp":1609586305,"path_taken":["M","?","$","?","?","E","?","R","T","E","$","?","?","?","R","BOSS","M","?","?","M","M","R","E"],"items_purchased_type":["Relic","Card"],"build_version":"2020-12-22","purchased_purges":1,"victory":false,"max_hp_per_floor":[75,75,75,75,75,80,80,80,80,80,80,80,80,80,80,80,80,80,80,80,80,80,80,80,80],"card_choices":[{"not_picked":["Capacitor","Rebound"],"picked":"Turbo","floor":1},{"not_picked":["Beam Cell","Static Discharge"],"picked":"Tempest","floor":4},{"not_picked":["Go for the Eyes","Hello World"],"picked":"Redo","floor":6},{"not_picked":["Static Discharge","Chill"],"picked":"BootSequence","floor":10},{"not_picked":["Coolheaded","Blizzard"],"picked":"Chill","floor":13},{"not_picked":["Steam","Cold Snap"],"picked":"Capacitor","floor":14},{"not_picked":["Multi-Cast","Rainbow"],"picked":"Machine Learning","floor":16},{"not_picked":["Compile Driver","Sweeping Beam"],"picked":"Lockon","floor":18},{"not_picked":["Streamline","Hyperbeam"],"picked":"Conserve Battery","floor":19},{"not_picked":["Storm","Cold Snap+1"],"picked":"Turbo","floor":21},{"not_picked":["Streamline+1","Hologram+1"],"picked":"White Noise+1","floor":22}],"player_experience":377215,"relics_obtained":[{"floor":6,"key":"MealTicket"},{"floor":9,"key":"Pantograph"},{"floor":10,"key":"Meat on the Bone"}],"event_choices":[{"damage_healed":0,"gold_gain":0,"player_choice":"Got Potions","damage_taken":0,"max_hp_gain":0,"max_hp_loss":0,"event_name":"Lab","floor":2,"gold_loss":0},{"damage_healed":0,"gold_gain":0,"cards_transformed":["Strike_B"],"player_choice":"Change","damage_taken":0,"max_hp_gain":0,"max_hp_loss":0,"event_name":"Living Wall","floor":5,"gold_loss":0,"cards_obtained":["Hello World"]},{"damage_healed":0,"gold_gain":0,"player_choice":"Box","damage_taken":0,"relics_obtained":["Blood Vial"],"max_hp_gain":0,"max_hp_loss":0,"event_name":"Big Fish","floor":7,"gold_loss":0,"cards_obtained":["Regret"]},{"damage_healed":20,"gold_gain":0,"player_choice":"Healed and dodged fight","damage_taken":0,"max_hp_gain":0,"max_hp_loss":0,"event_name":"Mushrooms","floor":12,"gold_loss":0,"cards_obtained":["Parasite"]},{"cards_removed":["Regret"],"damage_healed":0,"gold_gain":0,"player_choice":"Gave Gold","damage_taken":0,"max_hp_gain":0,"max_hp_loss":0,"event_name":"Beggar","floor":20,"gold_loss":75}],"is_beta":false,"boss_relics":[{"not_picked":["Fusion Hammer","Astrolabe"],"picked":"Inserter"}],"items_purged_floors":[3],"is_endless":false,"potions_floor_spawned":[1,4,6,14,16,18],"killed_by":"Gremlin Leader","ascension_level":4}}