{"host":"n4oa921u88t6jog9","time":1609590856,"event":{"mods":["AchievementEnabler","BaseMod","DeckTracker","Keyboard Shortcuts","Minty Spire (QoL Compilation)","Quick Restart","StSLib","SuperFastMode"],"gold_per_floor":[12,24,38,38,55,55,87,12,12,40,40,50,60,60,60,133,133,147,72,72,86,106,106,106],"floor_reached":23,"playtime":828,"items_purged":["Strike_G"],"score":367,"play_id":"9b540444-a227-4a2e-ab80-7a77bc08fe40","local_time":"20210102213416","is_ascension_mode":true,"campfire_choices":[{"data":"Apotheosis","floor":6.0,"key":"SMITH"},{"floor":15.0,"key":"REST"}],"circlet_count":0,"master_deck":["AscendersBane","Strike_G","Strike_G","Strike_G","Strike_G","Defend_G","Defend_G","Defend_G","Defend_G","Survivor","Neutralize","Apotheosis+1","Cloak And Dagger","Accuracy","Choke","Finisher","Cloak And Dagger","Crippling Poison","Adrenaline","Tactician","Reflex+1","Cloak And Dagger"],"relics":["Ring of the Snake","Pantograph","Gremlin Horn","Odd Mushroom","Ornamental Fan","Cursed Key"],"acts_visited":["Exordium","TheCity"],"potions_floor_usage":[],"damage_taken":[{"damage":0.0,"enemies":"Cultist","floor":1.0,"turns":4.0},{"damage":1.0,"enemies":"Small Slimes","floor":2.0,"turns":3.0},{"damage":6.0,"enemies":"Jaw Worm","floor":3.0,"turns":5.0},{"damage":3.0,"enemies":"2 Fungi Beasts","floor":5.0,"turns":4.0},{"damage":4.0,"enemies":"Lagavulin","floor":7.0,"turns":9.0},{"damage":6.0,"enemies":"The Mushroom Lair","floor":10.0,"turns":3.0},{"damage":7.0,"enemies":"Large Slime","floor":12.0,"turns":4.0},{"damage":17.0,"enemies":"Exordium Wildlife","floor":13.0,"turns":3.0},{"damage":10.0,"enemies":"Hexaghost","floor":16.0,"turns":9.0},{"damage":0,"enemies":"Spheric Guardian","floor":18,"turns":3},{"damage":23,"enemies":"2 Thieves","floor":21,"turns":5},{"damage":33,"enemies":"Snake Plant","floor":22,"turns":7},{"damage":10,"enemies":"Gremlin Leader","floor":23,"turns":1}],"seed_played":"7684526650638417138","potions_obtained":[{"floor":1.0,"key":"LiquidMemories"},{"floor":2.0,"key":"ColorlessPotion"},{"floor":3.0,"key":"EssenceOfSteel"},{"floor":12.0,"key":"Swift Potion"},{"floor":22,"key":"EssenceOfSteel"}],"is_trial":false,"path_per_floor":["M","M","M","?","M","R","E","$","T","?","$","M","M","?","R","B",null,"M","?","?","M","M","E"],"character_chosen":"THE_SILENT","items_purchased":[],"campfire_rested":1,"item_purchase_floors":[],"current_hp_per_floor":[59,58,52,57,54,54,50,50,50,44,44,37,20,2,23,38,63,63,63,63,40,7,0,0],"gold":106,"neow_bonus":"RANDOM_COLORLESS_2","is_daily":false,"chose_seed":false,"campfire_upgraded":1,"win_rate":0.0,"timestamp":1609590856,"path_taken":["M","M","M","?","M","R","E","$","T","?","$","M","M","?","R","BOSS","M","?","?","M","M","E"],"items_purchased_type":[],"build_version":"2020-12-22","purchased_purges":1,"victory":false,"max_hp_per_floor":[66,66,66,71,71,71,71,71,71,71,71,71,71,71,71,71,71,71,71,71,71,71,71,71],"card_choices":[{"not_picked":["Magnetism","Master of Strategy"],"picked":"Apotheosis","floor":0.0},{"not_picked":["Slice","PiercingWail"],"picked":"Cloak And Dagger","floor":1.0},{"not_picked":["Prepared","Catalyst"],"picked":"Accuracy","floor":2.0},{"not_picked":["Masterful Stab","Eviscerate","Backstab"],"picked":"SKIP","floor":3.0},{"not_picked":["Underhanded Strike","Bouncing Flask"],"picked":"Choke","floor":5.0},{"not_picked":["Eviscerate","Dagger Spray"],"picked":"Finisher","floor":7.0},{"not_picked":["Dash","Acrobatics"],"picked":"Cloak And Dagger","floor":10.0},{"not_picked":["PiercingWail","Prepared","Setup"],"picked":"SKIP","floor":12.0},{"not_picked":["Masterful Stab","Slice"],"picked":"Crippling Poison","floor":13.0},{"not_picked":["After Image","Unload"],"picked":"Adrenaline","floor":16.0},{"not_picked":["Deflect+1","Poisoned Stab"],"picked":"Tactician","floor":18},{"not_picked":["Dash","Dodge and Roll"],"picked":"Reflex+1","floor":21},{"not_picked":["Outmaneuver+1","Setup"],"picked":"Cloak And Dagger","floor":22}],"player_experience":378310,"relics_obtained":[{"floor":7.0,"key":"Pantograph"},{"floor":9.0,"key":"Gremlin Horn"},{"floor":10.0,"key":"Odd Mushroom"}],"event_choices":[{"damage_healed":0.0,"max_hp_gain":5.0,"max_hp_loss":0.0,"gold_gain":0.0,"event_name":"Big Fish","player_choice":"Donut","floor":4.0,"gold_loss":0.0,"damage_taken":0.0},{"damage_healed":0.0,"max_hp_gain":0.0,"max_hp_loss":0.0,"gold_gain":0.0,"event_name":"Mushrooms","player_choice":"Fought Mushrooms","floor":10.0,"gold_loss":0.0,"damage_taken":0.0},{"damage_healed":0.0,"max_hp_gain":0.0,"max_hp_loss":0.0,"gold_gain":0.0,"event_name":"Scrap Ooze","player_choice":"Success","floor":14.0,"gold_loss":0.0,"damage_taken":18.0,"relics_obtained":["Ornamental Fan"]},{"cards_removed":["Defend_G"],"damage_healed":0,"gold_gain":0,"player_choice":"Gave Gold","damage_taken":0,"max_hp_gain":0,"max_hp_loss":0,"event_name":"Beggar","floor":19,"gold_loss":75},{"damage_healed":0,"gold_gain":0,"player_choice":"Ignored","damage_taken":0,"max_hp_gain":0,"max_hp_loss":0,"event_name":"Vampires","floor":20,"gold_loss":0}],"is_beta":false,"boss_relics":[{"not_picked":["Snecko Eye","Tiny House"],"picked":"Cursed Key"}],"items_purged_floors":[8],"is_endless":false,"potions_floor_spawned":[1,2,3,7,12,22],"killed_by":"Gremlin Leader","ascension_level":18}}