{"host":"gfcy6tva0ju5i6qm","time":1609631612,"event":{"mods":["AchievementEnabler","Act Like it!","Bartender","BaseMod","Best Route Mod","Better Altar","Better Match","Better Note","Better Sensory Stone","Better Skull","Block Reminder","Colored Map","Colored Powertips","DeckTracker","Energized Spire","Friendly Minions","GifTheSpireLib","Hermit","Jorbs\u0027s Wanderer Trilogy","Minty Spire (QoL Compilation)","Rare Cards Sparkle","Shop Mod","StSLib","The Bladedancer","The Bug Knight","The Cursed","The Disciple","The Hierophant","The Judge","The Servant 0.9.4","TheFirefly","everything is the same but u backflip on backflip"],"gold_per_floor":[12,28,28,47,64,64,389,389,389,401,401,413,447,467,467,572,572,586,586,586,586,586,586,586],"floor_reached":23,"playtime":1256,"items_purged":[],"score":264,"play_id":"31e63256-defa-48ec-ab25-1ea4f8de064a","local_time":"20210102185332","is_ascension_mode":true,"campfire_choices":[{"data":"Searing Blow","floor":6.0,"key":"SMITH"},{"data":"Searing Blow+1","floor":8.0,"key":"SMITH"},{"data":"Searing Blow+2","floor":11.0,"key":"SMITH"},{"data":"Searing Blow+3","floor":15.0,"key":"SMITH"}],"circlet_count":0,"master_deck":["Bash","Sadistic Nature","Searing Blow+4","True Grit","Sword Boomerang","Battle Trance","Clothesline+1","Shrug It Off","Flame Barrier","Dark Embrace+1","Berserk","Pommel Strike","True Grit","Sever Soul","Dark Embrace","Blood for Blood","Spot Weakness","Shrug It Off","Carnage","Infernal Blade","Ghostly","Ghostly","Ghostly","Ghostly","Ghostly","RitualDagger"],"relics":["Burning Blood","Old Coin","Singing Bowl","Odd Mushroom","Pandora\u0027s Box"],"acts_visited":["Exordium","TheCity"],"potions_floor_usage":[16,23],"damage_taken":[{"damage":17.0,"enemies":"2 Louse","floor":1.0,"turns":5.0},{"damage":5.0,"enemies":"Small Slimes","floor":2.0,"turns":3.0},{"damage":0.0,"enemies":"Cultist","floor":4.0,"turns":3.0},{"damage":45.0,"enemies":"Exordium Wildlife","floor":5.0,"turns":8.0},{"damage":24.0,"enemies":"Gremlin Nob","floor":7.0,"turns":4.0},{"damage":6.0,"enemies":"Looter","floor":10.0,"turns":2.0},{"damage":0.0,"enemies":"Large Slime","floor":12.0,"turns":3.0},{"damage":19.0,"enemies":"Lagavulin","floor":13.0,"turns":8.0},{"damage":18.0,"enemies":"The Mushroom Lair","floor":14.0,"turns":4.0},{"damage":8,"enemies":"The Guardian","floor":16,"turns":9},{"damage":38,"enemies":"2 Thieves","floor":18,"turns":4},{"damage":22,"enemies":"Slavers","floor":23,"turns":1}],"seed_played":"8019994031651063249","potions_obtained":[{"floor":5.0,"key":"Explosive Potion"},{"floor":7.0,"key":"Weak Potion"},{"floor":12.0,"key":"FairyPotion"},{"floor":13.0,"key":"ElixirPotion"},{"floor":14.0,"key":"DistilledChaos"},{"floor":16,"key":"Weak Potion"},{"floor":18,"key":"LiquidBronze"}],"is_trial":false,"path_per_floor":["M","M","?","M","M","R","E","R","T","M","R","M","E","?","R","B",null,"M","?","?","?","?","E"],"character_chosen":"IRONCLAD","items_purchased":[],"campfire_rested":0,"item_purchase_floors":[],"current_hp_per_floor":[69,70,63,69,30,30,12,12,12,12,12,18,30,20,20,18,82,50,50,41,35,20,0,0],"gold":586,"neow_bonus":"RANDOM_COLORLESS_2","is_daily":false,"chose_seed":false,"campfire_upgraded":4,"win_rate":0.0,"timestamp":1609631612,"path_taken":["M","M","?","M","M","R","E","R","T","M","R","M","E","?","R","BOSS","M","?","?","?","?","E"],"items_purchased_type":[],"build_version":"2020-12-22","purchased_purges":0,"victory":false,"max_hp_per_floor":[80,80,80,80,80,80,80,80,80,80,80,80,80,82,82,82,82,82,82,41,41,41,41,41],"card_choices":[{"not_picked":["Violence","Chrysalis"],"picked":"Sadistic Nature","floor":0.0},{"not_picked":["Iron Wave","Sword Boomerang"],"picked":"Searing Blow","floor":1.0},{"not_picked":["Fire Breathing","Burning Pact"],"picked":"True Grit","floor":2.0},{"not_picked":["Havoc","Anger"],"picked":"Sword Boomerang","floor":4.0},{"not_picked":["Rage","Pommel Strike"],"picked":"Battle Trance","floor":5.0},{"not_picked":["Infernal Blade","Rage"],"picked":"Clothesline","floor":7.0},{"not_picked":["Bludgeon","Body Slam"],"picked":"Shrug It Off","floor":10.0},{"not_picked":["Twin Strike","Clothesline"],"picked":"Flame Barrier","floor":12.0},{"not_picked":["Burning Pact","Reckless Charge"],"picked":"Dark Embrace","floor":13.0},{"not_picked":["Havoc","Sword Boomerang","Clash"],"picked":"Singing Bowl","floor":14.0},{"not_picked":["Limit Break","Barricade"],"picked":"Berserk","floor":16},{"not_picked":["True Grit","Carnage"],"picked":"Infernal Blade","floor":18}],"player_experience":435149,"relics_obtained":[{"floor":7.0,"key":"Old Coin"},{"floor":13.0,"key":"Singing Bowl"},{"floor":14.0,"key":"Odd Mushroom"}],"event_choices":[{"cards_removed":["Strike_R"],"damage_healed":0.0,"max_hp_gain":0.0,"max_hp_loss":0.0,"gold_gain":0.0,"event_name":"Golden Wing","player_choice":"Card Removal","floor":3.0,"gold_loss":0.0,"damage_taken":7.0},{"damage_healed":0.0,"max_hp_gain":0.0,"max_hp_loss":0.0,"gold_gain":0.0,"event_name":"Mushrooms","player_choice":"Fought Mushrooms","floor":14.0,"gold_loss":0.0,"damage_taken":0.0},{"damage_healed":0,"gold_gain":0,"player_choice":"Ignored","damage_taken":0,"max_hp_gain":0,"max_hp_loss":0,"event_name":"betterNote:BetterNote","floor":19,"gold_loss":0,"cards_obtained":["Whirlwind"]},{"damage_healed":0,"gold_gain":0,"player_choice":"Became a Ghost","damage_taken":0,"max_hp_gain":0,"max_hp_loss":41,"event_name":"Ghosts","floor":20,"gold_loss":0,"cards_obtained":["Ghostly","Ghostly","Ghostly","Ghostly","Ghostly"]},{"damage_healed":0,"gold_gain":0,"player_choice":"Joined the Cult","damage_taken":6,"max_hp_gain":0,"max_hp_loss":0,"event_name":"Nest","floor":21,"gold_loss":0,"cards_obtained":["RitualDagger"]},{"damage_healed":0,"gold_gain":0,"player_choice":"UP UP ","damage_taken":19,"relics_obtained":[],"max_hp_gain":0,"max_hp_loss":0,"event_name":"betterSkull:BetterSkull","floor":22,"gold_loss":0,"cards_upgraded":["Dark Embrace","Clothesline"]}],"is_beta":false,"boss_relics":[{"not_picked":["energizedSpire:EnergizedDie","Black Star"],"picked":"Pandora\u0027s Box"}],"items_purged_floors":[],"is_endless":false,"potions_floor_spawned":[5,7,12,13,14,16,18],"killed_by":"Slavers","ascension_level":4}}