{"host":"3vww328me7evlv6h","time":1609611284,"event":{"mods":["BaseMod","BetterRewards","Minty Spire (QoL Compilation)","Relic Stats","StSLib","SuperFastMode"],"gold_per_floor":[110,122,142,4,21,21,21,21,21,35,35,54,80,93,93,166,166,166],"floor_reached":17,"playtime":549,"items_purged":["Strike_B","Strike_B","Strike_B"],"score":262,"play_id":"893fd714-5c78-404c-aed6-e0da29d84d70","local_time":"20210102191444","is_ascension_mode":true,"campfire_choices":[{"data":"Barrage","floor":6,"key":"SMITH"},{"data":"Cold Snap","floor":8,"key":"SMITH"},{"data":"Coolheaded","floor":11,"key":"SMITH"},{"data":"Ball Lightning","floor":15,"key":"SMITH"}],"circlet_count":0,"master_deck":["AscendersBane","Strike_B","Defend_B","Defend_B","Defend_B","Defend_B","Dualcast","Cold Snap+1","Ball Lightning+1","Sweeping Beam","Coolheaded+1","Compile Driver","Barrage+1","Hologram","Electrodynamics","Glacier","Biased Cognition"],"relics":["Cracked Core","Membership Card","DataDisk","Bag of Preparation","Symbiotic Virus","Gremlin Horn","WingedGreaves","Sozu"],"acts_visited":["Exordium","TheCity"],"potions_floor_usage":[],"damage_taken":[{"damage":4.0,"enemies":"Jaw Worm","floor":1.0,"turns":4.0},{"damage":0,"enemies":"Cultist","floor":2,"turns":3},{"damage":0,"enemies":"2 Louse","floor":3,"turns":2},{"damage":0,"enemies":"Blue Slaver","floor":5,"turns":4},{"damage":6,"enemies":"3 Louse","floor":10,"turns":2},{"damage":5,"enemies":"Large Slime","floor":12,"turns":3},{"damage":11,"enemies":"Lagavulin","floor":13,"turns":6},{"damage":0,"enemies":"Looter","floor":14,"turns":3},{"damage":2,"enemies":"The Guardian","floor":16,"turns":14}],"seed_played":"4855539140135808332","potions_obtained":[{"floor":5,"key":"Energy Potion"},{"floor":12,"key":"Weak Potion"},{"floor":13,"key":"Strength Potion"},{"floor":14,"key":"DuplicationPotion"}],"is_trial":false,"path_per_floor":["M","M","M","$","M","R","?","R","T","M","R","M","E","M","R","B",null],"character_chosen":"DEFECT","items_purchased":["Membership Card","Cold Snap","Ball Lightning","DataDisk","Sweeping Beam","Coolheaded","Bag of Preparation"],"campfire_rested":0,"item_purchase_floors":[0,0,0,0,0,0,4],"current_hp_per_floor":[48,48,48,48,48,48,48,48,48,42,42,37,26,26,26,24,62,62],"gold":166,"neow_bonus":"","is_daily":false,"chose_seed":false,"campfire_upgraded":4,"win_rate":0.0,"timestamp":1609611284,"path_taken":["M","M","M","$","M","R","?","R","T","M","R","M","E","?","R","BOSS"],"items_purchased_type":["Relic","Card","Card","Relic","Card","Card","Relic"],"build_version":"2020-12-22","purchased_purges":3,"victory":false,"max_hp_per_floor":[75,75,75,75,75,75,75,75,75,75,75,75,75,75,75,75,75,75],"relic_stats":{"Sozu":0,"Gremlin Horn":[2,2],"counters":[9,41],"Bag of Preparation":[12],"obtain_stats":[{"Sozu":17,"Regal Pillow":0,"DataDisk":0,"Gremlin Horn":9,"WingedGreaves":13,"Bag of Preparation":4,"Membership Card":0,"Cracked Core":0,"Symbiotic Virus":7},{"Sozu":9,"Regal Pillow":0,"DataDisk":0,"Gremlin Horn":4,"WingedGreaves":7,"Bag of Preparation":3,"Membership Card":0,"Cracked Core":0,"Symbiotic Virus":4},{"Sozu":41,"Regal Pillow":0,"DataDisk":0,"Gremlin Horn":13,"WingedGreaves":24,"Bag of Preparation":9,"Membership Card":0,"Cracked Core":0,"Symbiotic Virus":13}]},"card_choices":[{"not_picked":["White Noise","Coolheaded"],"picked":"Compile Driver","floor":1.0},{"not_picked":["Gash","White Noise","Rip and Tear"],"picked":"SKIP","floor":2},{"not_picked":["Steam","Steam Power","Sweeping Beam"],"picked":"SKIP","floor":3},{"not_picked":["Conserve Battery","Streamline"],"picked":"Barrage","floor":5},{"not_picked":["Tempest","Self Repair"],"picked":"Hologram","floor":10},{"not_picked":["Leap","Beam Cell","Stack"],"picked":"SKIP","floor":12},{"not_picked":["Redo","Leap"],"picked":"Electrodynamics","floor":13},{"not_picked":["Sweeping Beam","Stack"],"picked":"Glacier","floor":14},{"not_picked":["Creative AI","Fission"],"picked":"Biased Cognition","floor":16}],"player_experience":286808,"relics_obtained":[{"floor":9,"key":"Gremlin Horn"},{"floor":13,"key":"WingedGreaves"}],"event_choices":[{"damage_healed":0,"gold_gain":0,"player_choice":"Gave Potion","damage_taken":0,"relics_obtained":["Symbiotic Virus"],"max_hp_gain":0,"max_hp_loss":0,"event_name":"WeMeetAgain","floor":7,"gold_loss":0}],"is_beta":false,"boss_relics":[{"not_picked":["Pandora\u0027s Box","Velvet Choker"],"picked":"Sozu"}],"items_purged_floors":[0,0,4],"is_endless":false,"potions_floor_spawned":[5,12,13,14,16],"ascension_level":13}}