{"host":"28bpuzdckreop5i0","time":1609569652,"event":{"mods":["Act Like it!","Aspiration","BaseMod","Beaked The Cultist","Best Route Mod","BetterRewards","Challenge The Spire","Conspire","Defuse TimeMaze Blight","Downfall","Energized Spire","GifTheSpireLib","Googly Eyes","Hubris","Infinite Spire","Lobotomy","Mimic Mod","Minty Spire (QoL Compilation)","Relic Stats","Shop Mod","Spicy Shops","StSLib","Stuff the Spire","The Awakened One except there are too many feathers","The Construct","The Cursed","The Disciple","The Hierophant","The IronCluck","The Jungle","Thieving Mod","Transform Curses","Wandering Minibosses","slay the spire mod where everything is the same but ironclad has a cowboy hat"],"gold_per_floor":[111,63,63,77,132,132,132,147,173,173,137,52,52,70,70,174,174,187,187,187],"floor_reached":19,"playtime":824,"items_purged":[],"score":155,"play_id":"50217eda-e251-46d2-a06a-5989455b95f9","local_time":"20210102004052","is_ascension_mode":false,"campfire_choices":[{"data":"Acrobatics","floor":6,"key":"SMITH"},{"floor":13,"key":"REST"},{"data":"Dagger Throw","floor":15,"key":"SMITH"}],"circlet_count":0,"master_deck":["Strike_G","Strike_G","Strike_G","Strike_G","Strike_G","Defend_G","Defend_G","Defend_G","Defend_G","Defend_G","Survivor","Neutralize","Reflex+1","Underhanded Strike+1","Acrobatics+1","Blind","StuffTheSpire:BrimstoneBlast","Tactician","Dagger Throw+1","Acrobatics","Tools of the Trade","Deadly Poison+1"],"relics":["Ring of the Snake","aspiration:Nostalgia","TheCursedMod:BlackMagic101","Boot","hubris:Towel","conspire:SeveredTorchhead"],"acts_visited":["Exordium","TheCity"],"potions_floor_usage":[16],"damage_taken":[{"damage":0,"enemies":"Small Slimes","floor":1,"turns":3},{"damage":14,"enemies":"Jaw Worm","floor":4,"turns":4},{"damage":0,"enemies":"Cultist","floor":8,"turns":3},{"damage":4,"enemies":"2 Fungi Beasts","floor":14,"turns":3},{"damage":47,"enemies":"The Guardian","floor":16,"turns":13},{"damage":32,"enemies":"conspire:FuzzyDice","floor":18,"turns":5},{"damage":10,"enemies":"Shell Parasite","floor":19,"turns":5}],"seed_played":"-6618689449264808732","potions_obtained":[{"floor":4,"key":"Swift Potion"},{"floor":8,"key":"CunningPotion"}],"is_trial":false,"path_per_floor":["M","$","?","M","?","R","?","M","T","?","?","$","R","M","R","B",null,"M","M"],"character_chosen":"THE_SILENT","items_purchased":["Underhanded Strike","Tactician","Dagger Throw"],"campfire_rested":1,"item_purchase_floors":[2,12,12],"current_hp_per_floor":[70,70,56,42,42,42,42,42,42,42,42,42,63,59,59,12,70,38,28,28],"gold":187,"neow_bonus":"NOSTALGIA","is_daily":false,"chose_seed":false,"campfire_upgraded":2,"win_rate":0.0,"timestamp":1609569652,"path_taken":["M","$","?","M","?","R","?","?","T","?","?","$","R","M","R","BOSS","M","M"],"items_purchased_type":["Card","Card","Card"],"build_version":"2020-12-22","purchased_purges":0,"victory":false,"max_hp_per_floor":[70,70,70,70,70,70,70,70,70,70,70,70,70,70,70,70,70,70,70,70],"relic_stats":{"counters":[7,35],"Boot":[47],"obtain_stats":[{"conspire:SeveredTorchhead":17,"TheCursedMod:BlackMagic101":0,"aspiration:Nostalgia":0,"hubris:Towel":10,"Boot":9,"Ring of the Snake":0},{"conspire:SeveredTorchhead":5,"TheCursedMod:BlackMagic101":0,"aspiration:Nostalgia":0,"hubris:Towel":3,"Boot":3,"Ring of the Snake":0},{"conspire:SeveredTorchhead":26,"TheCursedMod:BlackMagic101":0,"aspiration:Nostalgia":0,"hubris:Towel":10,"Boot":10,"Ring of the Snake":0}],"Ring of the Snake":[14]},"card_choices":[{"not_picked":["Sucker Punch","Outmaneuver"],"picked":"Reflex","floor":1},{"not_picked":["Deadly Poison","Blade Dance"],"picked":"Acrobatics","floor":4},{"not_picked":["Choke","Blur"],"picked":"StuffTheSpire:BrimstoneBlast","floor":8},{"not_picked":["StuffTheSpire:Sprint","hubris:SlightOfHand"],"picked":"Acrobatics","floor":14},{"not_picked":["After Image","Grand Finale"],"picked":"Tools of the Trade","floor":16},{"not_picked":["hubris:SlightOfHand","Accuracy"],"picked":"Deadly Poison+1","floor":18}],"player_experience":934940,"relics_obtained":[{"floor":9,"key":"Boot"}],"event_choices":[{"damage_healed":0,"gold_gain":0,"player_choice":"Entered Light","damage_taken":14,"max_hp_gain":0,"max_hp_loss":0,"event_name":"Shining Light","floor":3,"gold_loss":0,"cards_upgraded":["Reflex","Underhanded Strike"]},{"damage_healed":0,"gold_gain":55,"player_choice":"Gained Gold","damage_taken":0,"max_hp_gain":0,"max_hp_loss":0,"event_name":"Golden Wing","floor":5,"gold_loss":0},{"damage_healed":0,"gold_gain":0,"player_choice":"1 cards matched","damage_taken":0,"max_hp_gain":0,"max_hp_loss":0,"event_name":"Match and Keep!","floor":7,"gold_loss":0,"cards_obtained":["Blind"]},{"damage_healed":0,"gold_gain":0,"player_choice":"Left Gold","damage_taken":0,"max_hp_gain":0,"max_hp_loss":0,"event_name":"World of Goop","floor":11,"gold_loss":36}],"is_beta":false,"boss_relics":[{"not_picked":["Velvet Choker","Busted Crown"],"picked":"conspire:SeveredTorchhead"}],"items_purged_floors":[],"is_endless":false,"potions_floor_spawned":[4,8],"killed_by":"Shell Parasite","ascension_level":0}}