{"host":"4qin5krp9hszysdc","time":1609568931,"event":{"mods":["AchievementEnabler","BaseMod","BetterRewards","Infinite Spire","Minty Spire (QoL Compilation)","Quick Restart","StSLib"],"gold_per_floor":[109,159,173,187,205,240,240,257,284,297,328,328,35,54,54,147,147,166,7,22,42,42,42],"floor_reached":22,"playtime":1601,"items_purged":[],"score":350,"play_id":"adeabb19-3c58-43ff-a365-d1121c094e18","local_time":"20210102012851","is_ascension_mode":true,"campfire_choices":[{"floor":7,"key":"REST"},{"floor":15,"key":"REST"}],"circlet_count":0,"master_deck":["AscendersBane","Strike_P+1","Strike_P","Strike_P+1","Strike_P","Defend_P","Defend_P+1","Defend_P","Defend_P","Vigilance","FlyingSleeves","ThirdEye+1","Swivel","Protect+1","LessonLearned+1","Wallop+1","CutThroughFate+1","EmptyMind","Consecrate","SashWhip","JustLucky","Alpha","Vault","FlurryOfBlows","EmptyFist","Devotion","FearNoEvil+1"],"relics":["PureWater","Tiny Chest","Vajra","Omamori","Golden Idol","Kunai","infinitespire:Cupcake"],"acts_visited":["Exordium","TheCity"],"potions_floor_usage":[6],"damage_taken":[{"damage":1,"enemies":"Small Slimes","floor":1,"turns":5},{"damage":17,"enemies":"infinitespire:Voidling","floor":3,"turns":8},{"damage":8,"enemies":"2 Louse","floor":4,"turns":4},{"damage":1,"enemies":"Blue Slaver","floor":5,"turns":6},{"damage":34,"enemies":"Gremlin Nob","floor":6,"turns":6},{"damage":1,"enemies":"Large Slime","floor":8,"turns":13},{"damage":6,"enemies":"Gremlin Gang","floor":10,"turns":6},{"damage":7,"enemies":"3 Sentries","floor":11,"turns":8},{"damage":1,"enemies":"2 Fungi Beasts","floor":14,"turns":5},{"damage":11,"enemies":"The Guardian","floor":16,"turns":10},{"damage":9,"enemies":"3 Byrds","floor":18,"turns":7},{"damage":13,"enemies":"Spheric Guardian","floor":20,"turns":5},{"damage":14,"enemies":"Shelled Parasite and Fungi","floor":21,"turns":9},{"damage":18,"enemies":"Centurion and Healer","floor":22,"turns":4}],"seed_played":"-7738775217367781727","potions_obtained":[{"floor":1,"key":"PowerPotion"},{"floor":6,"key":"Regen Potion"},{"floor":8,"key":"Ancient Potion"},{"floor":21,"key":"SmokeBomb"}],"is_trial":false,"path_per_floor":["M","?","M","M","M","E","R","M","T","M","E","?","$","M","R","B",null,"M","$","M","M","M"],"character_chosen":"WATCHER","items_purchased":["FlyingSleeves","ThirdEye","Kunai","JustLucky","EmptyFist","Devotion"],"campfire_rested":2,"item_purchase_floors":[0,0,13,13,19,19],"current_hp_per_floor":[60,60,58,50,49,15,35,34,34,28,21,21,21,20,38,27,53,44,44,31,17,0,0],"gold":42,"neow_bonus":"","is_daily":false,"chose_seed":false,"campfire_upgraded":0,"win_rate":0.0,"timestamp":1609568931,"path_taken":["M","?","M","M","?","E","R","M","T","M","E","?","$","M","R","BOSS","M","$","M","M","M"],"items_purchased_type":["Card","Card","Relic","Card","Card","Card"],"build_version":"2020-12-22","purchased_purges":0,"victory":false,"max_hp_per_floor":[68,68,68,68,68,68,68,68,68,68,68,62,62,62,62,62,62,62,62,62,62,62,62],"card_choices":[{"not_picked":["Prostrate","ReachHeaven"],"picked":"Protect","floor":1},{"not_picked":["PathToVictory","EmptyFist"],"picked":"LessonLearned","floor":3},{"not_picked":["CrushJoints","Pray"],"picked":"Wallop","floor":4},{"not_picked":["FollowUp","FlurryOfBlows"],"picked":"CutThroughFate","floor":5},{"not_picked":["SignatureMove","Nirvana"],"picked":"EmptyMind","floor":6},{"not_picked":["Prostrate","Evaluate"],"picked":"Consecrate","floor":8},{"not_picked":["FollowUp","Protect"],"picked":"SashWhip","floor":10},{"not_picked":["Nirvana","FlurryOfBlows","Evaluate"],"picked":"SKIP","floor":11},{"not_picked":["Collect","Alpha","Consecrate"],"picked":"SKIP","floor":14},{"not_picked":["Collect","Consecrate"],"picked":"Alpha","floor":14},{"not_picked":["Omniscience","Brilliance"],"picked":"Vault","floor":16},{"not_picked":["Swivel","Study"],"picked":"FlurryOfBlows","floor":18},{"not_picked":["ThirdEye","ClearTheMind"],"picked":"FearNoEvil","floor":20},{"not_picked":["SashWhip","ThirdEye","FlyingSleeves"],"picked":"SKIP","floor":21}],"player_experience":2746956,"relics_obtained":[{"floor":6,"key":"Tiny Chest"},{"floor":9,"key":"Vajra"},{"floor":11,"key":"Omamori"}],"event_choices":[{"damage_healed":0,"gold_gain":50,"player_choice":"Pray","damage_taken":0,"max_hp_gain":0,"max_hp_loss":0,"event_name":"Golden Shrine","floor":2,"gold_loss":0},{"damage_healed":0,"gold_gain":0,"player_choice":"Lose Max HP","damage_taken":0,"relics_obtained":["Golden Idol"],"max_hp_gain":0,"max_hp_loss":6,"event_name":"Golden Idol","floor":12,"gold_loss":0}],"is_beta":false,"boss_relics":[{"not_picked":["Philosopher\u0027s Stone","Cursed Key"],"picked":"infinitespire:Cupcake"}],"items_purged_floors":[],"is_endless":false,"potions_floor_spawned":[1,6,8,10,16,21],"killed_by":"Centurion and Healer","ascension_level":15}}