{"host":"yks98ofmy52hj7my","time":1609623119,"event":{"mods":["BaseMod","Block Reminder","Colored Powertips","Hubris","Minty Spire (QoL Compilation)","Rare Cards Sparkle","Replay The Spire","StSLib"],"gold_per_floor":[152,152,188,188,219,219,269,269,269,344,344,451,451,479,479,479,479],"floor_reached":16,"playtime":758,"items_purged":["Looming Evil"],"score":174,"play_id":"748e459e-1e73-4f59-9d4d-96bb6a9f20bb","local_time":"20210102193159","is_ascension_mode":true,"campfire_choices":[{"data":"HandOfGreed","floor":6,"key":"SMITH"},{"floor":11,"key":"RECALL"},{"floor":15,"key":"REST"}],"circlet_count":0,"master_deck":["AscendersBane","Strike_R","Strike_R","Strike_R","Strike_R","Defend_R","Defend_R","Defend_R","Defend_R","Bash","Defend_B","hubris:Strike_Merchant","Iron Wave","Shrug It Off","Entrench","Dark Embrace","hubris:Despair","Offering","ReplayTheSpireMod:Trickstab+1"],"relics":["Burning Blood","Ring of Panic","StrikeDummy","hubris:Towel","Darkstone Periapt","ReplayTheSpireMod:CursedCoin","Vajra","Iron Hammer"],"acts_visited":["Exordium"],"potions_floor_usage":[7,12,14],"damage_taken":[{"damage":10,"enemies":"Small Slimes","floor":1,"turns":4},{"damage":1,"enemies":"Cultist","floor":3,"turns":3},{"damage":2,"enemies":"2 Louse","floor":5,"turns":2},{"damage":10,"enemies":"Lagavulin","floor":7,"turns":10},{"damage":36,"enemies":"3 Sentries","floor":12,"turns":10},{"damage":43,"enemies":"Lagavulin","floor":14,"turns":6},{"damage":52,"enemies":"Fading Forest","floor":16,"turns":5}],"seed_played":"-8752588526031006048","potions_obtained":[{"floor":3,"key":"Dexterity Potion"},{"floor":5,"key":"Reflective Coating"},{"floor":7,"key":"Adrenaline Potion"}],"is_trial":false,"path_per_floor":["M","?","M","?","M","R","E","?","T","$","R","E","?","E","R","B"],"character_chosen":"IRONCLAD","items_purchased":["ReplayTheSpireMod:CursedCoin"],"campfire_rested":1,"item_purchase_floors":[10],"current_hp_per_floor":[68,68,73,73,77,77,73,73,73,79,79,49,49,12,37,0,0],"gold":479,"neow_bonus":"RANDOM_COLORLESS_2","is_daily":false,"chose_seed":false,"campfire_upgraded":1,"win_rate":0.0,"timestamp":1609623119,"path_taken":["M","?","?","?","M","R","E","?","T","$","R","E","?","E","R","BOSS"],"items_purchased_type":["Relic"],"build_version":"2020-12-22","purchased_purges":1,"victory":false,"max_hp_per_floor":[80,80,80,80,80,80,80,80,80,86,86,86,86,86,86,86,86],"card_choices":[{"not_picked":["Mayhem","Chrysalis"],"picked":"HandOfGreed","floor":0},{"not_picked":["Heavy Blade","Body Slam"],"picked":"Iron Wave","floor":1},{"not_picked":["Power Through","ReplayReversal"],"picked":"Shrug It Off","floor":3},{"not_picked":["Cleave","ReplayTheSpireMod:LeadingStrike"],"picked":"Entrench","floor":5},{"not_picked":["Thunderclap","Sword Boomerang"],"picked":"Dark Embrace","floor":7},{"not_picked":["Bloodletting","ReplayTheSpireMod:Strike From Hell"],"picked":"Offering","floor":12},{"not_picked":["Feel No Pain","Searing Blow","hubris:ReadiedAction"],"picked":"SKIP","floor":14}],"player_experience":466192,"relics_obtained":[{"floor":4,"key":"Ring of Panic"},{"floor":7,"key":"StrikeDummy"},{"floor":9,"key":"Darkstone Periapt"},{"floor":12,"key":"Vajra"},{"floor":14,"key":"Iron Hammer"}],"event_choices":[{"cards_removed":["Strike_R"],"damage_healed":0,"gold_gain":0,"player_choice":"Purged","damage_taken":0,"max_hp_gain":0,"max_hp_loss":0,"event_name":"Purifier","floor":2,"gold_loss":0}],"is_beta":false,"boss_relics":[],"items_purged_floors":[10],"is_endless":false,"potions_floor_spawned":[3,5,7],"killed_by":"Fading Forest","ascension_level":10}}