{"host":"tiwza2kisyyrpq7h","time":1609628074,"event":{"mods":["BaseMod","Colored Powertips","Minty Spire (QoL Compilation)","Quick Restart","Rare Cards Sparkle","StSLib","SuperFastMode","The Servant 0.9.4","óô»ðÖ¸ÄÏ"],"gold_per_floor":[116,266,276,276,32,58,58,58,58,84,97,128,185,185,185,263,263,274,293,293,307,322,322,347,360,360,389,389,422,21,21,21,98,98,115,26,26,26,26,58,83,113,113,144,144,179,0,13,13,13,13,13,13,13,40,40],"floor_reached":57,"playtime":3125,"items_purged":["Doubt","Strike_S"],"score":3405,"play_id":"3ddb23ad-7f32-404a-8b6e-55398a2820a8","local_time":"20210103065434","is_ascension_mode":true,"campfire_choices":[{"data":"Solidify","floor":7.0,"key":"SMITH"},{"data":"Moondial","floor":15.0,"key":"SMITH"},{"data":"FloweringNight","floor":23.0,"key":"SMITH"},{"data":"TimeTheft","floor":28.0,"key":"SMITH"},{"data":"SilverBlades","floor":32.0,"key":"SMITH"},{"floor":45.0,"key":"RECALL"},{"data":"Duplication","floor":49.0,"key":"SMITH"},{"data":"BottledTime","floor":53.0,"key":"SMITH"}],"circlet_count":0,"master_deck":["AscendersBane","Strike_S+1","Defend_S","Defend_S+1","KidneyShot+1","Exchange","Rearm","Solidify+1","Starlight+1","Replace","Moondial+1","Rearm+1","TimeTheft+1","FloweringNight+1","BottledTime+1","MoonPhase","ShiftingGears+1","Moonlight+1","SpecialFormula","FloweringNight","SilverBlades+1","Manipulate","Madness","FlawlessForm","SilverBlades","KillingDoll+1","Panache","Master of Strategy","Master of Strategy","Reset","Duplication+1","Orbit+1","Advance","Shuttle","Alleviate"],"relics":["Uniform","NeowsBlessing","Pear","Lee\u0027s Waffle","Molten Egg 2","PocketWatch","Whetstone","Juzu Bracelet","Pantograph","Coffee Dripper","War Paint","Broom","Gremlin Horn","Ancient Tea Set","Happy Flower","Empty Cage","Potion Belt","CaptainsWheel","PreservedInsect","Meat on the Bone","Omamori","Red Mask","StrikeDummy"],"acts_visited":["Exordium","TheCity","TheBeyond","TheEnding"],"potions_floor_usage":[56],"damage_taken":[{"damage":0.0,"enemies":"Jaw Worm","floor":1.0,"turns":1.0},{"damage":0.0,"enemies":"Small Slimes","floor":3.0,"turns":1.0},{"damage":0.0,"enemies":"3 Sentries","floor":6.0,"turns":2.0},{"damage":15.0,"enemies":"Lagavulin","floor":10.0,"turns":6.0},{"damage":2.0,"enemies":"2 Louse","floor":11.0,"turns":2.0},{"damage":0.0,"enemies":"3 Sentries","floor":12.0,"turns":3.0},{"damage":33.0,"enemies":"Gremlin Nob","floor":13.0,"turns":4.0},{"damage":13.0,"enemies":"Hexaghost","floor":16.0,"turns":9.0},{"damage":0.0,"enemies":"2 Thieves","floor":18.0,"turns":2.0},{"damage":5.0,"enemies":"Shell Parasite","floor":19.0,"turns":3.0},{"damage":6.0,"enemies":"Centurion and Healer","floor":21.0,"turns":4.0},{"damage":0.0,"enemies":"Cultist and Chosen","floor":22.0,"turns":3.0},{"damage":16.0,"enemies":"Slavers","floor":24.0,"turns":4.0},{"damage":2.0,"enemies":"Snake Plant","floor":25.0,"turns":4.0},{"damage":0.0,"enemies":"Book of Stabbing","floor":27.0,"turns":3.0},{"damage":7.0,"enemies":"Slavers","floor":29.0,"turns":2.0},{"damage":0.0,"enemies":"Automaton","floor":33.0,"turns":5.0},{"damage":0.0,"enemies":"3 Shapes","floor":35.0,"turns":3.0},{"damage":0.0,"enemies":"Giant Head","floor":40.0,"turns":2.0},{"damage":0.0,"enemies":"Mind Bloom Boss Battle","floor":41.0,"turns":2.0},{"damage":6.0,"enemies":"Reptomancer","floor":42.0,"turns":2.0},{"damage":0.0,"enemies":"Giant Head","floor":44.0,"turns":4.0},{"damage":0.0,"enemies":"Reptomancer","floor":46.0,"turns":2.0},{"damage":0.0,"enemies":"3 Darklings","floor":48.0,"turns":2.0},{"damage":0.0,"enemies":"Awakened One","floor":50.0,"turns":3.0},{"damage":52.0,"enemies":"Time Eater","floor":51.0,"turns":7.0},{"damage":12.0,"enemies":"Shield and Spear","floor":55.0,"turns":3.0},{"damage":81,"enemies":"The Heart","floor":56,"turns":8}],"seed_played":"-7975963296713725265","potions_obtained":[{"floor":10.0,"key":"ColorlessPotion"},{"floor":11.0,"key":"Block Potion"},{"floor":16.0,"key":"DistilledChaos"},{"floor":18.0,"key":"Fire Potion"},{"floor":19.0,"key":"EssenceOfSteel"},{"floor":25.0,"key":"Energy Potion"},{"floor":29.0,"key":"Swift Potion"},{"floor":35.0,"key":"SteroidPotion"},{"floor":41.0,"key":"DistilledChaos"},{"floor":46.0,"key":"Strength Potion"},{"floor":55.0,"key":"SkillPotion"}],"is_trial":false,"path_per_floor":["M","?","M","?","$","E","R","?","T","E","M","E","?","?","R","B",null,"M","M","?","M","M","R","E","M","T","E","R","E","$","?","R","B",null,"M","$","?","?","?","E","?","E","T","E","R","E","?","M","R","B","B",null,"R","$","E","B",null],"character_chosen":"THE_SERVANT","items_purchased":["Lee\u0027s Waffle","SilverBlades","Manipulate","Happy Flower","SilverBlades"],"campfire_rested":0,"item_purchase_floors":[5,30,30,30,36],"current_hp_per_floor":[54,54,54,53,77,77,77,77,77,62,60,60,27,20,20,32,66,66,61,39,33,33,33,17,15,15,20,20,13,13,1,1,31,69,74,74,74,74,64,69,82,81,81,82,82,82,82,82,82,82,52,75,75,75,68,18],"gold":40,"neow_bonus":"THREE_ENEMY_KILL","is_daily":false,"chose_seed":false,"campfire_upgraded":7,"win_rate":0.0,"timestamp":1609628074,"path_taken":["M","?","M","?","$","E","R","?","T","E","?","E","?","?","R","BOSS","M","M","?","M","M","R","E","M","T","E","R","E","$","?","R","BOSS","M","?","?","?","?","E","?","E","T","E","R","E","?","M","R","BOSS","BOSS","R","$","E","BOSS"],"items_purchased_type":["Relic","Card","Card","Relic","Card"],"build_version":"2020-12-22","purchased_purges":2,"victory":true,"max_hp_per_floor":[60,60,60,70,77,77,77,77,77,77,77,77,77,77,77,77,77,77,77,82,82,82,82,82,82,82,82,82,82,82,82,82,82,82,82,82,82,82,82,82,82,82,82,82,82,82,82,82,82,82,82,82,82,82,82,82],"card_choices":[{"not_picked":["FastForward","Spin"],"picked":"Rearm","floor":1.0},{"not_picked":["FastForward","ShatteredReality"],"picked":"Solidify","floor":3.0},{"not_picked":["Alleviate","Replace"],"picked":"Starlight+1","floor":6.0},{"not_picked":["ShatteredReality+1","Defy"],"picked":"Replace","floor":10.0},{"not_picked":["Deadline","ShatteredReality+1"],"picked":"Moondial","floor":11.0},{"not_picked":["Reset","Revamp"],"picked":"Rearm","floor":12.0},{"not_picked":["Gouge+1","Desolation+1"],"picked":"TimeTheft","floor":13.0},{"not_picked":["TheWorld","SoulSculpture+1"],"picked":"FloweringNight","floor":16.0},{"not_picked":["Deadline","Unruled+1"],"picked":"BottledTime","floor":18.0},{"not_picked":["Revamp","Rearm"],"picked":"MoonPhase","floor":19.0},{"not_picked":["Barrier","BottledTime"],"picked":"ShiftingGears+1","floor":21.0},{"not_picked":["Potential+1","Replace","TimeWarp+1"],"picked":"SKIP","floor":22.0},{"not_picked":["Alleviate","BottledTime"],"picked":"Moonlight+1","floor":24.0},{"not_picked":["Desolation+1","ReturningBlade+1"],"picked":"SpecialFormula","floor":25.0},{"not_picked":["Unruled+1","ShatteredReality+1","Moonlight+1"],"picked":"SKIP","floor":27.0},{"not_picked":["Replace","FastForward"],"picked":"FloweringNight","floor":29.0},{"not_picked":["Duplication","Solidify"],"picked":"FlawlessForm","floor":33.0},{"not_picked":["Replace","Starlight+1","DoubleEdge+1"],"picked":"SKIP","floor":35.0},{"not_picked":["Mind Blast+1","PanicButton"],"picked":"Panache","floor":39.0},{"not_picked":["Mind Blast+1","Swift Strike+1"],"picked":"Master of Strategy","floor":39.0},{"not_picked":["Metamorphosis","Deep Breath"],"picked":"Master of Strategy","floor":39.0},{"not_picked":["FlawlessForm","DoubleEdge+1"],"picked":"Reset","floor":40.0},{"not_picked":["TimeWarp+1","Rewind+1"],"picked":"Duplication","floor":42.0},{"not_picked":["Rewind","Rearm"],"picked":"Orbit+1","floor":44.0},{"not_picked":["Unruled+1","Sabotage+1"],"picked":"Advance","floor":46.0},{"not_picked":["Defy","Replace+1"],"picked":"Shuttle","floor":48.0},{"not_picked":["TimeWarp+1","GearUp+1"],"picked":"Alleviate","floor":55.0}],"player_experience":939171,"relics_obtained":[{"floor":6.0,"key":"Molten Egg 2"},{"floor":9.0,"key":"PocketWatch"},{"floor":10.0,"key":"Whetstone"},{"floor":12.0,"key":"Juzu Bracelet"},{"floor":13.0,"key":"Pantograph"},{"floor":24.0,"key":"War Paint"},{"floor":26.0,"key":"Broom"},{"floor":27.0,"key":"Gremlin Horn"},{"floor":29.0,"key":"Ancient Tea Set"},{"floor":40.0,"key":"Potion Belt"},{"floor":41.0,"key":"CaptainsWheel"},{"floor":42.0,"key":"PreservedInsect"},{"floor":44.0,"key":"Meat on the Bone"},{"floor":46.0,"key":"Omamori"},{"floor":55.0,"key":"StrikeDummy"}],"event_choices":[{"damage_healed":0.0,"max_hp_gain":0.0,"max_hp_loss":0.0,"gold_gain":150.0,"event_name":"Liars Game","player_choice":"AGREE","floor":2.0,"gold_loss":0.0,"damage_taken":0.0,"cards_obtained":["Doubt"]},{"damage_healed":0.0,"max_hp_gain":0.0,"max_hp_loss":0.0,"gold_gain":0.0,"event_name":"Scrap Ooze","player_choice":"Success","floor":4.0,"gold_loss":0.0,"damage_taken":11.0,"relics_obtained":["Pear"]},{"damage_healed":0.0,"max_hp_gain":0.0,"max_hp_loss":0.0,"gold_gain":0.0,"event_name":"Upgrade Shrine","player_choice":"Upgraded","floor":8.0,"gold_loss":0.0,"damage_taken":0.0,"cards_upgraded":["KidneyShot"]},{"damage_healed":0.0,"max_hp_gain":0.0,"max_hp_loss":0.0,"gold_gain":0.0,"event_name":"Dead Adventurer","player_choice":"Searched \u00271\u0027 times","floor":13.0,"gold_loss":0.0,"damage_taken":0.0},{"cards_removed":["Strike_S"],"damage_healed":0.0,"max_hp_gain":0.0,"max_hp_loss":0.0,"gold_gain":0.0,"event_name":"Golden Wing","player_choice":"Card Removal","floor":14.0,"gold_loss":0.0,"damage_taken":7.0},{"damage_healed":0.0,"max_hp_gain":5.0,"max_hp_loss":0.0,"gold_gain":0.0,"event_name":"Forgotten Altar","player_choice":"Shed Blood","floor":20.0,"gold_loss":0.0,"damage_taken":27.0},{"damage_healed":0.0,"max_hp_gain":0.0,"max_hp_loss":0.0,"gold_gain":0.0,"event_name":"Knowing Skull","player_choice":"CARD ","floor":31.0,"potions_obtained":[],"gold_loss":0.0,"damage_taken":12.0,"cards_obtained":["Madness"]},{"cards_removed":["Strike_S"],"damage_healed":0.0,"max_hp_gain":0.0,"max_hp_loss":0.0,"gold_gain":0.0,"event_name":"Purifier","player_choice":"Purged","floor":37.0,"gold_loss":0.0,"damage_taken":0.0},{"damage_healed":0.0,"max_hp_gain":0.0,"max_hp_loss":0.0,"gold_gain":0.0,"event_name":"Match and Keep!","player_choice":"1 cards matched","floor":38.0,"gold_loss":0.0,"damage_taken":0.0,"cards_obtained":["KillingDoll"]},{"damage_healed":0.0,"max_hp_gain":0.0,"max_hp_loss":0.0,"gold_gain":0.0,"event_name":"SensoryStone","player_choice":"Memory 3","floor":39.0,"gold_loss":0.0,"damage_taken":10.0},{"damage_healed":0.0,"max_hp_gain":0.0,"max_hp_loss":0.0,"gold_gain":0.0,"event_name":"MindBloom","player_choice":"Fight","floor":41.0,"gold_loss":0.0,"damage_taken":0.0},{"damage_healed":0.0,"max_hp_gain":0.0,"max_hp_loss":0.0,"gold_gain":0.0,"event_name":"Tomb of Lord Red Mask","player_choice":"Paid","floor":47.0,"gold_loss":179.0,"damage_taken":0.0,"relics_obtained":["Red Mask"]}],"is_beta":false,"boss_relics":[{"not_picked":["Runic Pyramid","Pandora\u0027s Box"],"picked":"Coffee Dripper"},{"not_picked":["Velvet Choker","StoneMask"],"picked":"Empty Cage"}],"items_purged_floors":[5,30],"is_endless":false,"potions_floor_spawned":[10,11,16,18,19,25,29,35,41,46,55],"ascension_level":20}}