{"host":"rmsq46plbpwfbxcc","time":1609603642,"event":{"mods":["AchievementEnabler","BaseMod","Colored Map","Colored Powertips","DeckTracker","KOR Keyword Fix","Minty Spire (QoL Compilation)","Permanent Neow","Quick Restart","SuperFastMode"],"gold_per_floor":[118,138,26,45,64,64,92,92,92,118,118,138,138,470,470,574,574,590,505,524,543,553,553,579,579,579,579,83,114,114,124,124,219,269,279,154,154,167,177,205,19,19,19,19,36,36,55,86,86,86,86,86,38,65,65,65],"floor_reached":55,"playtime":1812,"items_purged":["Defend_G","Defend_G","Strike_G","Defend_G"],"score":1046,"play_id":"8b27286a-2daa-4e10-bfeb-302460b46581","local_time":"20210103010722","is_ascension_mode":true,"campfire_choices":[{"data":"Cloak And Dagger","floor":6,"key":"SMITH"},{"data":"Terror","floor":11,"key":"SMITH"},{"data":"Neutralize","floor":15,"key":"SMITH"},{"data":"Die Die Die","floor":23,"key":"SMITH"},{"floor":25,"key":"RECALL"},{"data":"Tactician","floor":27,"key":"SMITH"},{"data":"Backflip","floor":32,"key":"SMITH"},{"data":"Choke","floor":42,"key":"SMITH"},{"data":"Phantasmal Killer","floor":44,"key":"SMITH"},{"data":"Madness","floor":46,"key":"SMITH"},{"data":"Madness","floor":49,"key":"SMITH"},{"floor":52,"key":"REST"}],"circlet_count":0,"master_deck":["Strike_G+1","Strike_G+1","Strike_G+1","Defend_G","Defend_G","Survivor","Neutralize+1","Backflip+1","Cloak And Dagger+1","Terror+1","Escape Plan","Escape Plan","Tactician+1","PiercingWail","Die Die Die+1","Acrobatics+1","PiercingWail","Phantasmal Killer+1","Choke+1","Blade Dance+1","Madness+1","Madness+1","Escape Plan+1","Caltrops+1","Well Laid Plans+1"],"relics":["WristBlade","Orichalcum","Shuriken","HornCleat","Kunai","Old Coin","Cursed Key","Omamori","Oddly Smooth Stone","Pantograph","Frozen Egg 2","Anchor","Letter Opener","Tiny House","Juzu Bracelet","Regal Pillow","Whetstone"],"acts_visited":["Exordium","TheCity","TheBeyond","TheEnding"],"potions_floor_usage":[7,10,16,22,33,45,47,54,55],"damage_taken":[{"damage":0,"enemies":"Cultist","floor":1,"turns":4},{"damage":1,"enemies":"Small Slimes","floor":2,"turns":4},{"damage":0,"enemies":"2 Louse","floor":4,"turns":3},{"damage":0,"enemies":"Large Slime","floor":5,"turns":6},{"damage":14,"enemies":"Lagavulin","floor":7,"turns":6},{"damage":0,"enemies":"Gremlin Nob","floor":10,"turns":3},{"damage":0,"enemies":"Looter","floor":12,"turns":3},{"damage":9,"enemies":"3 Sentries","floor":14,"turns":8},{"damage":9,"enemies":"Slime Boss","floor":16,"turns":12},{"damage":0,"enemies":"Shell Parasite","floor":18,"turns":3},{"damage":0,"enemies":"Chosen","floor":20,"turns":3},{"damage":0,"enemies":"Snake Plant","floor":21,"turns":4},{"damage":0,"enemies":"Cultist and Chosen","floor":22,"turns":4},{"damage":4,"enemies":"Gremlin Leader","floor":24,"turns":6},{"damage":0,"enemies":"Slavers","floor":29,"turns":3},{"damage":0,"enemies":"3 Cultists","floor":31,"turns":4},{"damage":9,"enemies":"Champ","floor":33,"turns":9},{"damage":2,"enemies":"3 Shapes","floor":35,"turns":2},{"damage":0,"enemies":"3 Darklings","floor":38,"turns":3},{"damage":1,"enemies":"Spire Growth","floor":39,"turns":2},{"damage":2,"enemies":"Reptomancer","floor":40,"turns":4},{"damage":0,"enemies":"Transient","floor":45,"turns":5},{"damage":6,"enemies":"Writhing Mass","floor":47,"turns":4},{"damage":14,"enemies":"Nemesis","floor":48,"turns":5},{"damage":41,"enemies":"Donu and Deca","floor":50,"turns":8},{"damage":32,"enemies":"Shield and Spear","floor":54,"turns":5},{"damage":130,"enemies":"The Heart","floor":55,"turns":5}],"seed_played":"-7372882197572042629","potions_obtained":[{"floor":4,"key":"ColorlessPotion"},{"floor":7,"key":"GamblersBrew"},{"floor":12,"key":"Block Potion"},{"floor":16,"key":"SpeedPotion"},{"floor":18,"key":"DistilledChaos"},{"floor":22,"key":"DuplicationPotion"},{"floor":29,"key":"AttackPotion"},{"floor":31,"key":"ColorlessPotion"},{"floor":34,"key":"Poison Potion"},{"floor":38,"key":"Block Potion"},{"floor":39,"key":"ColorlessPotion"},{"floor":45,"key":"FairyPotion"}],"is_trial":false,"path_per_floor":["M","M","$","M","M","R","E","?","T","E","R","M","?","E","R","B",null,"M","?","M","M","M","R","E","R","T","R","$","E","?","M","R","B",null,"M","$","?","M","M","E","$","R","T","R","M","R","M","E","R","B",null,"R","$","E","B"],"character_chosen":"THE_SILENT","items_purchased":["Terror","Frozen Egg 2","Anchor","Well Laid Plans+1","PowerPotion"],"campfire_rested":1,"item_purchase_floors":[3,28,28,41,53],"current_hp_per_floor":[63,62,62,62,62,62,48,41,41,41,41,41,46,37,37,28,63,63,63,63,63,63,63,59,59,59,59,59,59,59,59,59,66,78,76,76,66,66,65,63,63,63,63,63,63,63,57,43,43,27,67,80,80,48,0,0],"gold":65,"neow_bonus":"BOSS_RELIC","is_daily":false,"chose_seed":false,"campfire_upgraded":10,"win_rate":0.0,"timestamp":1609603642,"path_taken":["M","?","$","M","M","R","E","?","T","E","R","M","?","E","R","BOSS","M","?","M","M","M","R","E","R","T","R","$","E","?","?","R","BOSS","M","$","?","M","M","E","$","R","T","R","M","R","M","E","R","BOSS","R","$","E","BOSS"],"items_purchased_type":["Card","Relic","Relic","Card","Potion"],"build_version":"2020-12-22","purchased_purges":4,"victory":false,"max_hp_per_floor":[70,70,70,70,70,70,70,70,70,70,70,70,75,75,75,75,75,75,75,75,75,75,75,75,75,75,75,75,75,75,75,75,75,80,80,80,80,80,80,80,80,80,80,80,80,80,80,80,80,80,80,80,80,80,80,80],"card_choices":[{"not_picked":["Dagger Spray","Underhanded Strike"],"picked":"Backflip","floor":1},{"not_picked":["Accuracy","Tools of the Trade"],"picked":"Cloak And Dagger","floor":2},{"not_picked":["Bane","Masterful Stab"],"picked":"Escape Plan","floor":4},{"not_picked":["Infinite Blades","Acrobatics"],"picked":"Escape Plan","floor":5},{"not_picked":["Deflect","Calculated Gamble"],"picked":"Tactician","floor":7},{"not_picked":["Poisoned Stab","Grand Finale"],"picked":"PiercingWail","floor":10},{"not_picked":["Expertise","Deadly Poison","Dagger Spray"],"picked":"SKIP","floor":12},{"not_picked":["A Thousand Cuts","Terror","Doppelganger"],"picked":"SKIP","floor":14},{"not_picked":["Storm of Steel","Tools of the Trade"],"picked":"Die Die Die","floor":16},{"not_picked":["Distraction","Expertise+1","Tactician"],"picked":"SKIP","floor":18},{"not_picked":["Crippling Poison","Riddle With Holes+1","Quick Slash"],"picked":"SKIP","floor":20},{"not_picked":["Dagger Spray","Backflip","Poisoned Stab"],"picked":"SKIP","floor":21},{"not_picked":["Underhanded Strike","Tactician"],"picked":"Acrobatics+1","floor":22},{"not_picked":["Cloak And Dagger","Expertise+1","Flying Knee+1"],"picked":"SKIP","floor":24},{"not_picked":["Caltrops+1","Deadly Poison","Acrobatics"],"picked":"SKIP","floor":29},{"not_picked":["Bane","Quick Slash"],"picked":"PiercingWail","floor":31},{"not_picked":["Unload","Die Die Die"],"picked":"Phantasmal Killer","floor":33},{"not_picked":["Deadly Poison+1","Calculated Gamble"],"picked":"Choke","floor":34},{"not_picked":["Riddle With Holes+1","PiercingWail"],"picked":"Blade Dance+1","floor":35},{"not_picked":["Dagger Throw+1","Catalyst+1"],"picked":"Escape Plan+1","floor":38},{"not_picked":["Deflect+1","Bane"],"picked":"Caltrops+1","floor":39},{"not_picked":["Eviscerate","Deflect+1","Quick Slash+1"],"picked":"SKIP","floor":40},{"not_picked":["Bane","Poisoned Stab+1","Sucker Punch+1"],"picked":"SKIP","floor":45},{"not_picked":["Acrobatics+1","Poisoned Stab","Expertise"],"picked":"SKIP","floor":47},{"not_picked":["Eviscerate+1","Prepared+1","Night Terror"],"picked":"SKIP","floor":48},{"not_picked":["Outmaneuver","Flying Knee+1","Catalyst+1"],"picked":"SKIP","floor":54}],"player_experience":651728,"relics_obtained":[{"floor":7,"key":"Orichalcum"},{"floor":9,"key":"HornCleat"},{"floor":10,"key":"Kunai"},{"floor":14,"key":"Old Coin"},{"floor":24,"key":"Oddly Smooth Stone"},{"floor":26,"key":"Pantograph"},{"floor":29,"key":"Letter Opener"},{"floor":40,"key":"Juzu Bracelet"},{"floor":48,"key":"Regal Pillow"},{"floor":54,"key":"Whetstone"}],"event_choices":[{"damage_healed":0,"gold_gain":0,"player_choice":"Success","damage_taken":7,"relics_obtained":["Shuriken"],"max_hp_gain":0,"max_hp_loss":0,"event_name":"Scrap Ooze","floor":8,"gold_loss":0},{"damage_healed":0,"gold_gain":0,"player_choice":"Donut","damage_taken":0,"max_hp_gain":5,"max_hp_loss":0,"event_name":"Big Fish","floor":13,"gold_loss":0},{"damage_healed":0,"gold_gain":0,"player_choice":"Obtained Relic","damage_taken":0,"relics_obtained":["Omamori"],"max_hp_gain":0,"max_hp_loss":0,"event_name":"Addict","floor":19,"gold_loss":85},{"cards_removed":["Strike_G"],"damage_healed":0,"gold_gain":0,"player_choice":"Purged","damage_taken":0,"max_hp_gain":0,"max_hp_loss":0,"event_name":"Purifier","floor":30,"gold_loss":0},{"damage_healed":0,"gold_gain":0,"player_choice":"Embrace Madness","damage_taken":10,"max_hp_gain":0,"max_hp_loss":0,"event_name":"Winding Halls","floor":37,"gold_loss":0,"cards_obtained":["Madness","Madness"]}],"is_beta":false,"boss_relics":[{"not_picked":["Fusion Hammer","Empty Cage"],"picked":"Cursed Key"},{"not_picked":["Philosopher\u0027s Stone","Runic Pyramid"],"picked":"Tiny House"}],"items_purged_floors":[3,28,36,41],"is_endless":false,"potions_floor_spawned":[4,7,12,16,18,22,29,31,38,39,45],"killed_by":"The Heart","ascension_level":6}}