{"host":"82vjcvwyw2j7afb1","time":1609609427,"event":{"mods":["BaseMod","Colored Map","DeckTracker","Keyboard Shortcuts","Minty Spire (QoL Compilation)","Permanent Neow","Quick Restart","StSLib","SuperFastMode","everything is the same but u backflip on backflip"],"gold_per_floor":[111,126,201,201,212,212,212,212,237,9,9,9,38,50,50,154,154,166,166,166,166,97,97,97,97,97,97,125,125,71,85,85,180,180,191,191,191,191,78,78,6,6,88,113,163,163,17,17,17,17],"floor_reached":51,"playtime":1529,"items_purged":["Decay"],"score":779,"play_id":"84df56bb-6d6c-4501-9588-ba583437f347","local_time":"20210103024347","daily_mods":["Draft","Allstar","Colorless Cards","Heirloom","Time Dilation","Flight"],"is_ascension_mode":false,"campfire_choices":[{"data":"Double Energy","floor":6.0,"key":"SMITH"},{"data":"Redo","floor":7.0,"key":"SMITH"},{"data":"Thunder Strike","floor":11.0,"key":"SMITH"},{"floor":12.0,"key":"REST"},{"data":"Electrodynamics","floor":15.0,"key":"SMITH"},{"data":"Fission","floor":23.0,"key":"SMITH"},{"data":"Lockon","floor":24.0,"key":"SMITH"},{"data":"Secret Technique","floor":25.0,"key":"SMITH"},{"data":"Hologram","floor":27.0,"key":"SMITH"},{"data":"Coolheaded","floor":29.0,"key":"SMITH"},{"data":"Loop","floor":32.0,"key":"SMITH"},{"data":"Blizzard","floor":40,"key":"SMITH"},{"data":"FTL","floor":42,"key":"SMITH"},{"floor":49,"key":"REST"}],"circlet_count":0,"master_deck":["Hologram+1","Beam Cell","Go for the Eyes","Ball Lightning","Double Energy+1","Ball Lightning","Conserve Battery","Redo+1","Finesse+1","Lockon+1","Enlightenment","Auto Shields","Redo+1","Self Repair","Thunder Strike+1","Electrodynamics+1","Coolheaded+1","Secret Technique+1","Undo+1","J.A.X.","Fission+1","Loop+1","FTL+1","Conserve Battery","Bandage Up","Blizzard+1","Thunder Strike+1","Lockon+1"],"relics":["FrozenCore","FossilizedHelix","Shuriken","Vajra","Membership Card","War Paint","Empty Cage","Prayer Wheel","Tiny Chest","Nunchaku","Chemical X","Akabeko","Letter Opener","DataDisk","Shovel","HornCleat","Toy Ornithopter"],"acts_visited":["Exordium","TheCity","TheBeyond"],"potions_floor_usage":[44,50,50,50],"damage_taken":[{"damage":0.0,"enemies":"2 Louse","floor":1.0,"turns":1.0},{"damage":0.0,"enemies":"Jaw Worm","floor":2.0,"turns":2.0},{"damage":0.0,"enemies":"Small Slimes","floor":5.0,"turns":2.0},{"damage":0.0,"enemies":"Lagavulin","floor":13.0,"turns":2.0},{"damage":0.0,"enemies":"Blue Slaver","floor":14.0,"turns":2.0},{"damage":0.0,"enemies":"Slime Boss","floor":16.0,"turns":4.0},{"damage":5.0,"enemies":"Chosen","floor":18.0,"turns":2.0},{"damage":21.0,"enemies":"Book of Stabbing","floor":28.0,"turns":3.0},{"damage":0.0,"enemies":"Shell Parasite","floor":31.0,"turns":2.0},{"damage":11.0,"enemies":"Champ","floor":33.0,"turns":5.0},{"damage":16.0,"enemies":"Orb Walker","floor":35.0,"turns":6.0},{"damage":25,"enemies":"Giant Head","floor":44,"turns":8},{"damage":0,"enemies":"Mind Bloom Boss Battle","floor":45,"turns":5},{"damage":34,"enemies":"Awakened One","floor":50,"turns":7}],"seed_played":"-7253961533309166606","potions_obtained":[{"floor":2.0,"key":"LiquidMemories"},{"floor":14.0,"key":"SkillPotion"},{"floor":16.0,"key":"LiquidMemories"},{"floor":33.0,"key":"PotionOfCapacity"},{"floor":44,"key":"SkillPotion"},{"floor":45,"key":"Dexterity Potion"}],"is_trial":true,"path_per_floor":["M","M","?","?","M","R","R","T","T","$","R","R","E","M","R","B",null,"M","?","?","?","$","R","R","R","T","R","E","R","$","M","R","B",null,"M","?","?","T","$","R","$","R","T","E","?","?","$","T","R","B",null],"character_chosen":"DEFECT","items_purchased":["Membership Card","Thunder Strike","Fission","Loop","FTL","Chemical X","Akabeko","HornCleat","Block Potion"],"campfire_rested":2,"item_purchase_floors":[10,10,22,30,30,39,41,47,47],"current_hp_per_floor":[75,75,64,57,57,57,57,57,57,57,57,75,75,75,75,75,75,75,75,75,75,75,75,75,75,75,75,54,54,54,61,61,61,75,62,62,62,62,62,62,62,62,62,41,52,52,52,52,74,48],"gold":17,"neow_bonus":"","is_daily":false,"chose_seed":false,"campfire_upgraded":12,"win_rate":0.0,"timestamp":1609609427,"path_taken":["M","M","?","?","?","R","R","?","T","?","R","R","E","M","R","BOSS","M","?","?","?","$","R","R","R","T","R","E","R","$","?","R","BOSS","M","?","?","?","$","R","$","R","T","E","?","?","?","?","R","BOSS"],"items_purchased_type":["Relic","Card","Card","Card","Card","Relic","Relic","Relic","Potion"],"build_version":"2020-12-22","purchased_purges":1,"victory":true,"max_hp_per_floor":[75,75,75,75,75,75,75,75,75,75,75,75,75,75,75,75,75,75,75,75,75,75,75,75,75,75,75,75,75,75,75,75,75,75,75,75,75,75,75,75,75,75,75,75,75,75,75,75,75,75],"card_choices":[{"not_picked":["Compile Driver","Cold Snap"],"picked":"Hologram","floor":0.0},{"not_picked":["Stack","Cold Snap"],"picked":"Beam Cell","floor":0.0},{"not_picked":["Stack","Sweeping Beam"],"picked":"Go for the Eyes","floor":0.0},{"not_picked":["Sweeping Beam","Turbo"],"picked":"Ball Lightning","floor":0.0},{"not_picked":["Cold Snap","Stack"],"picked":"Double Energy","floor":0.0},{"not_picked":["Rebound","Steam"],"picked":"Ball Lightning","floor":0.0},{"not_picked":["Stack","Turbo"],"picked":"Conserve Battery","floor":0.0},{"not_picked":["Dramatic Entrance","Barrage"],"picked":"Redo","floor":0.0},{"not_picked":["Turbo","Rebound"],"picked":"Gash","floor":0.0},{"not_picked":["Barrage","Sweeping Beam"],"picked":"Finesse","floor":0.0},{"not_picked":["Self Repair","Stack"],"picked":"Conserve Battery","floor":0.0},{"not_picked":["Beam Cell","Turbo"],"picked":"Lockon","floor":0.0},{"not_picked":["Panacea","Go for the Eyes"],"picked":"Enlightenment","floor":0.0},{"not_picked":["Cold Snap","Streamline"],"picked":"Auto Shields","floor":0.0},{"not_picked":["Beam Cell","Skim"],"picked":"Ball Lightning","floor":0.0},{"not_picked":["Stack","Rip and Tear"],"picked":"Redo","floor":1.0},{"not_picked":["Leap","Panacea","Beam Cell"],"picked":"SKIP","floor":2.0},{"not_picked":["Panacea","Streamline"],"picked":"Self Repair","floor":5.0},{"not_picked":["Redo","Hologram"],"picked":"Electrodynamics","floor":13.0},{"not_picked":["Compile Driver","Sunder"],"picked":"Coolheaded","floor":14.0},{"not_picked":["The Bomb","Master of Strategy"],"picked":"Secret Technique","floor":16.0},{"not_picked":["Purity","White Noise"],"picked":"Undo+1","floor":18.0},{"not_picked":["Leap+1","The Bomb","Stack"],"picked":"SKIP","floor":28.0},{"not_picked":["Gash","Steam"],"picked":"Conserve Battery","floor":31.0},{"not_picked":["Electrodynamics","Chaos"],"picked":"Bandage Up","floor":31.0},{"not_picked":["Genetic Algorithm+1","Conserve Battery"],"picked":"Blizzard","floor":35.0},{"not_picked":["Turbo","Force Field+1","Gash"],"picked":"SKIP","floor":35.0},{"not_picked":["Amplify","Hologram"],"picked":"Lockon+1","floor":44}],"player_experience":53673,"relics_obtained":[{"floor":8.0,"key":"Shuriken"},{"floor":9.0,"key":"Vajra"},{"floor":13.0,"key":"War Paint"},{"floor":26.0,"key":"Prayer Wheel"},{"floor":28.0,"key":"Tiny Chest"},{"floor":38,"key":"Nunchaku"},{"floor":43,"key":"Letter Opener"},{"floor":44,"key":"DataDisk"},{"floor":45,"key":"Shovel"},{"floor":48,"key":"Toy Ornithopter"}],"event_choices":[{"damage_healed":0.0,"max_hp_gain":0.0,"max_hp_loss":0.0,"gold_gain":75.0,"event_name":"World of Goop","player_choice":"Gather Gold","floor":3.0,"gold_loss":0.0,"damage_taken":11.0},{"cards_removed":["Gash"],"damage_healed":0.0,"max_hp_gain":0.0,"max_hp_loss":0.0,"gold_gain":0.0,"event_name":"Golden Wing","player_choice":"Card Removal","floor":4.0,"gold_loss":0.0,"damage_taken":7.0},{"damage_healed":0.0,"max_hp_gain":0.0,"max_hp_loss":0.0,"gold_gain":0.0,"event_name":"Forgotten Altar","player_choice":"Smashed Altar","floor":19.0,"gold_loss":0.0,"damage_taken":0.0,"cards_obtained":["Decay"]},{"damage_healed":0.0,"max_hp_gain":0.0,"max_hp_loss":0.0,"gold_gain":0.0,"event_name":"Drug Dealer","player_choice":"Obtain J.A.X.","floor":20.0,"gold_loss":0.0,"damage_taken":0.0,"cards_obtained":["J.A.X."]},{"damage_healed":0.0,"max_hp_gain":0.0,"max_hp_loss":0.0,"gold_gain":0.0,"event_name":"The Mausoleum","player_choice":"Ignored","floor":21.0,"gold_loss":0.0,"damage_taken":0.0},{"damage_healed":0.0,"max_hp_gain":0.0,"max_hp_loss":0.0,"gold_gain":0.0,"event_name":"Tomb of Lord Red Mask","player_choice":"Ignored","floor":36.0,"gold_loss":0.0,"damage_taken":0.0},{"damage_healed":0,"gold_gain":0,"player_choice":"Copied","damage_taken":0,"max_hp_gain":0,"max_hp_loss":0,"event_name":"Duplicator","floor":37,"gold_loss":0,"cards_obtained":["Thunder Strike"]},{"damage_healed":0,"gold_gain":0,"player_choice":"Fight","damage_taken":0,"max_hp_gain":0,"max_hp_loss":0,"event_name":"MindBloom","floor":45,"gold_loss":0},{"damage_healed":0,"gold_gain":0,"player_choice":"Memory 1","damage_taken":0,"max_hp_gain":0,"max_hp_loss":0,"event_name":"SensoryStone","floor":46,"gold_loss":0}],"is_beta":false,"boss_relics":[{"not_picked":["Calling Bell","Runic Dome"],"picked":"Empty Cage"},{"not_picked":["Velvet Choker","SlaversCollar"],"picked":"FrozenCore"}],"items_purged_floors":[39],"is_endless":false,"potions_floor_spawned":[2,14,16,33,44,45],"ascension_level":0}}