{"host":"wlnyel98w1f0uh4k","time":1609576549,"event":{"mods":["BaseMod","Minty Spire (QoL Compilation)"],"gold_per_floor":[111,127,127,0,0,0,10,39,39,39,70,88,100,27,27,131,131,148,148,148,158,172,197,217,250,287,224,256,268,295,24,24,120,120,135,1134,1134,1152,1169,1169,1189,438,463,463,463,463,495,513,513,513],"floor_reached":51,"playtime":2500,"items_purged":["Strike_R","Strike_R","Normality"],"score":827,"play_id":"fc1c27fe-01af-49f4-9e06-0c037ba8057d","local_time":"20210102003549","is_ascension_mode":false,"campfire_choices":[{"data":"1","floor":6.0,"key":"LIFT"},{"data":"2","floor":15.0,"key":"LIFT"},{"data":"3","floor":29,"key":"LIFT"},{"data":"Evolve","floor":32,"key":"SMITH"},{"data":"Feel No Pain","floor":40,"key":"SMITH"},{"data":"Corruption","floor":49,"key":"SMITH"}],"circlet_count":0,"master_deck":["Defend_R","Defend_R","Defend_R","Bash","Whirlwind","Disarm","Double Tap","Anger","Battle Trance","Disarm","Metallicize","Fiend Fire","Pommel Strike","Ghostly","Ghostly","Ghostly","Ghostly","Ghostly","Shrug It Off","Pummel","Shrug It Off+1","Sword Boomerang","Thunderclap+1","Immolate","Feel No Pain+1","Evolve+1","Corruption+1","Battle Trance+1","Juggernaut+1","Offering+1","Normality","Metallicize+1","Dark Embrace","Flash of Steel","Panache","Armaments+1","True Grit+1"],"relics":["Burning Blood","Girya","Shuriken","Eternal Feather","Bottled Lightning","Velvet Choker","MawBank","Centennial Puzzle","Strange Spoon","Astrolabe","Sling","Happy Flower","Anchor","Strawberry","Regal Pillow"],"acts_visited":["TheCity","TheBeyond"],"potions_floor_usage":[25,25],"damage_taken":[{"damage":3.0,"enemies":"Jaw Worm","floor":1.0,"turns":4.0},{"damage":5.0,"enemies":"2 Louse","floor":2.0,"turns":2.0},{"damage":0.0,"enemies":"Small Slimes","floor":7.0,"turns":2.0},{"damage":13.0,"enemies":"3 Sentries","floor":8.0,"turns":3.0},{"damage":5.0,"enemies":"Gremlin Nob","floor":11.0,"turns":3.0},{"damage":0.0,"enemies":"2 Fungi Beasts","floor":12.0,"turns":2.0},{"damage":7.0,"enemies":"Blue Slaver","floor":13.0,"turns":4.0},{"damage":29.0,"enemies":"The Guardian","floor":16.0,"turns":10.0},{"damage":20,"enemies":"2 Thieves","floor":18,"turns":3},{"damage":1,"enemies":"3 Byrds","floor":21,"turns":5},{"damage":5,"enemies":"Cultist and Chosen","floor":22,"turns":5},{"damage":3,"enemies":"Gremlin Leader","floor":23,"turns":5},{"damage":15,"enemies":"Centurion and Healer","floor":24,"turns":4},{"damage":14,"enemies":"Slavers","floor":25,"turns":7},{"damage":3,"enemies":"Snake Plant","floor":28,"turns":3},{"damage":0,"enemies":"3 Cultists","floor":30,"turns":2},{"damage":14,"enemies":"Automaton","floor":33,"turns":10},{"damage":0,"enemies":"Orb Walker","floor":35,"turns":4},{"damage":6,"enemies":"3 Shapes","floor":38,"turns":9},{"damage":4,"enemies":"Jaw Worm Horde","floor":39,"turns":5},{"damage":10,"enemies":"Spire Growth","floor":41,"turns":4},{"damage":1,"enemies":"Reptomancer","floor":47,"turns":7},{"damage":0,"enemies":"3 Darklings","floor":48,"turns":5},{"damage":13,"enemies":"Time Eater","floor":50,"turns":11}],"seed_played":"-4779945461358648463","potions_obtained":[{"floor":1.0,"key":"BloodPotion"},{"floor":7.0,"key":"Energy Potion"},{"floor":11.0,"key":"EssenceOfSteel"},{"floor":12.0,"key":"Regen Potion"},{"floor":21,"key":"PowerPotion"},{"floor":23,"key":"Explosive Potion"},{"floor":25,"key":"SmokeBomb"},{"floor":33,"key":"CultistPotion"},{"floor":35,"key":"Strength Potion"}],"is_trial":false,"path_per_floor":["M","M","?","$","?","R","M","E","T","?","E","M","M","$","R","B",null,"M","?","?","M","M","E","M","E","T","?","M","R","M","$","R","B",null,"M","?","?","M","M","R","M","$","T","?","T","?","E","M","R","B",null],"character_chosen":"IRONCLAD","items_purchased":["Strength Potion","Metallicize","Evolve","Strange Spoon","Sling","Happy Flower","Dark Embrace","Flash of Steel","Panache"],"campfire_rested":0,"item_purchase_floors":[4,14,31,31,42,42,42,42,42],"current_hp_per_floor":[80,80,73,73,70,70,76,69,69,74,75,81,80,80,85,62,85,71,42,42,42,42,42,33,40,40,40,42,42,42,42,42,34,42,42,42,42,42,42,42,38,38,38,38,45,45,47,47,47,40],"gold":513,"neow_bonus":"","is_daily":false,"chose_seed":false,"campfire_upgraded":3,"win_rate":0.0,"timestamp":1609576549,"path_taken":["M","M","?","$","?","R","M","E","T","?","E","M","M","?","R","BOSS","M","?","?","M","M","E","M","E","T","?","M","R","M","?","R","BOSS","M","?","?","?","M","R","M","$","T","?","?","?","E","M","R","BOSS"],"items_purchased_type":["Potion","Card","Card","Relic","Relic","Relic","Card","Card","Card"],"build_version":"2020-12-22","purchased_purges":3,"victory":true,"max_hp_per_floor":[80,80,80,80,80,80,80,80,80,85,85,85,85,85,85,85,85,85,42,42,42,42,42,42,42,42,42,42,42,42,42,42,42,42,42,42,42,42,42,42,42,42,42,42,49,47,47,47,47,47],"card_choices":[{"not_picked":["Intimidate","Rampage"],"picked":"Whirlwind","floor":1.0},{"not_picked":["Twin Strike","Flame Barrier"],"picked":"Cleave","floor":2.0},{"not_picked":["Twin Strike","Thunderclap"],"picked":"Disarm","floor":7.0},{"not_picked":["Combust","True Grit"],"picked":"Double Tap","floor":8.0},{"not_picked":["Battle Trance","Carnage"],"picked":"Anger","floor":11.0},{"not_picked":["Clash","Sword Boomerang"],"picked":"Battle Trance","floor":12.0},{"not_picked":["Bloodletting","Warcry"],"picked":"Disarm","floor":13.0},{"not_picked":["Berserk","Double Tap"],"picked":"Fiend Fire","floor":16.0},{"not_picked":["Havoc","Infernal Blade"],"picked":"Pommel Strike","floor":18},{"not_picked":["Headbutt","Clothesline"],"picked":"Pummel","floor":21},{"not_picked":["Wild Strike+1","Infernal Blade+1"],"picked":"Shrug It Off+1","floor":22},{"not_picked":["Flex","Shrug It Off"],"picked":"Sword Boomerang","floor":23},{"not_picked":["Sentinel","Heavy Blade"],"picked":"Thunderclap+1","floor":24},{"not_picked":["Headbutt","Ghostly Armor","Fire Breathing"],"picked":"SKIP","floor":25},{"not_picked":["Havoc","True Grit"],"picked":"Immolate","floor":28},{"not_picked":["Sword Boomerang","Warcry"],"picked":"Feel No Pain","floor":30},{"not_picked":["Demon Form","Exhume"],"picked":"Corruption","floor":33},{"not_picked":["Perfected Strike","Body Slam","Wild Strike"],"picked":"SKIP","floor":35},{"not_picked":["Seeing Red","Shrug It Off+1","Warcry"],"picked":"SKIP","floor":38},{"not_picked":["Sword Boomerang","Warcry"],"picked":"Metallicize+1","floor":39},{"not_picked":["Inflame","Havoc","Clothesline"],"picked":"SKIP","floor":41},{"not_picked":["Berserk","Body Slam+1"],"picked":"Armaments+1","floor":47},{"not_picked":["Inflame","Wild Strike+1"],"picked":"True Grit+1","floor":48}],"player_experience":279830,"relics_obtained":[{"floor":8.0,"key":"Shuriken"},{"floor":9.0,"key":"Eternal Feather"},{"floor":11.0,"key":"Bottled Lightning"},{"floor":25,"key":"MawBank"},{"floor":26,"key":"Centennial Puzzle"},{"floor":43,"key":"Anchor"},{"floor":45,"key":"Strawberry"},{"floor":47,"key":"Regal Pillow"}],"event_choices":[{"cards_removed":["Strike_R"],"damage_healed":0.0,"max_hp_gain":0.0,"max_hp_loss":0.0,"gold_gain":0.0,"event_name":"Golden Wing","player_choice":"Card Removal","floor":3.0,"gold_loss":0.0,"damage_taken":7.0},{"damage_healed":0.0,"max_hp_gain":0.0,"max_hp_loss":0.0,"gold_gain":0.0,"event_name":"Scrap Ooze","player_choice":"Success","floor":5.0,"gold_loss":0.0,"damage_taken":3.0,"relics_obtained":["Girya"]},{"damage_healed":0.0,"max_hp_gain":5.0,"max_hp_loss":0.0,"gold_gain":0.0,"event_name":"Big Fish","player_choice":"Donut","floor":10.0,"gold_loss":0.0,"damage_taken":0.0},{"damage_healed":0,"gold_gain":0,"player_choice":"Became a Ghost","damage_taken":0,"max_hp_gain":0,"max_hp_loss":43,"event_name":"Ghosts","floor":19,"gold_loss":0,"cards_obtained":["Ghostly","Ghostly","Ghostly","Ghostly","Ghostly"]},{"damage_healed":0,"gold_gain":0,"player_choice":"Read","damage_taken":0,"max_hp_gain":0,"max_hp_loss":0,"event_name":"The Library","floor":20,"gold_loss":0,"cards_obtained":["Shrug It Off"]},{"cards_removed":["Strike_R"],"damage_healed":0,"gold_gain":0,"player_choice":"Gave Gold","damage_taken":0,"max_hp_gain":0,"max_hp_loss":0,"event_name":"Beggar","floor":27,"gold_loss":75},{"damage_healed":0,"gold_gain":999,"player_choice":"Gold","damage_taken":0,"max_hp_gain":0,"max_hp_loss":0,"event_name":"MindBloom","floor":36,"gold_loss":0,"cards_obtained":["Normality","Normality"]},{"damage_healed":0,"gold_gain":0,"player_choice":"Ignored","damage_taken":0,"max_hp_gain":0,"max_hp_loss":0,"event_name":"NoteForYourself","floor":37,"gold_loss":0},{"damage_healed":0,"gold_gain":0,"player_choice":"Ignored","damage_taken":0,"max_hp_gain":0,"max_hp_loss":0,"event_name":"Tomb of Lord Red Mask","floor":44,"gold_loss":0},{"damage_healed":0,"gold_gain":0,"player_choice":"Max HP","damage_taken":0,"max_hp_gain":0,"max_hp_loss":2,"event_name":"Winding Halls","floor":46,"gold_loss":0}],"is_beta":false,"boss_relics":[{"not_picked":["Philosopher\u0027s Stone","Empty Cage"],"picked":"Velvet Choker"},{"not_picked":["Sozu","SacredBark"],"picked":"Astrolabe"}],"items_purged_floors":[4,31,42],"is_endless":false,"potions_floor_spawned":[1,7,11,12,21,23,25,33,35],"ascension_level":0}}