{"host":"1bmpebsu0h6jmm2g","time":1609588144,"event":{"mods":["BaseMod","Colored Map","Highlight Path","Keyboard Shortcuts","Minty Spire (QoL Compilation)","Permanent Neow","Quick Restart","Relic Stats","Slay the Relics Exporter","StSLib","SuperFastMode"],"gold_per_floor":[359,372,135,148,148,148,178,5,5,5,5,5,5],"floor_reached":12,"playtime":111,"items_purged":["Strike_G"],"score":152,"play_id":"6262ea2e-e86c-4d34-baf7-f7264b975690","local_time":"20210102204904","is_ascension_mode":true,"campfire_choices":[{"data":"Blade Dance","floor":6.0,"key":"SMITH"},{"data":"Defend_G","floor":10.0,"key":"PURGE"}],"circlet_count":0,"master_deck":["AscendersBane","Strike_G","Strike_G","Strike_G","Strike_G","Defend_G","Defend_G","Defend_G","Defend_G","Survivor","Neutralize","Blade Dance+1","Reflex","Die Die Die","Tactician"],"relics":["Ring of the Snake","Medical Kit","Thread and Needle","Membership Card","Peace Pipe","Golden Idol"],"acts_visited":["Exordium"],"potions_floor_usage":[],"damage_taken":[{"damage":9.0,"enemies":"2 Louse","floor":1.0,"turns":2.0},{"damage":7.0,"enemies":"Small Slimes","floor":2.0,"turns":3.0},{"damage":5.0,"enemies":"Jaw Worm","floor":4.0,"turns":3.0},{"damage":30.0,"enemies":"Gremlin Nob","floor":7.0,"turns":4.0},{"damage":0,"enemies":"Lagavulin","floor":12,"turns":1}],"seed_played":"-3519408437964608599","potions_obtained":[{"floor":2.0,"key":"Ancient Potion"},{"floor":4.0,"key":"DistilledChaos"}],"is_trial":false,"path_per_floor":["M","M","$","M","?","R","E","$","T","R","?","E"],"character_chosen":"THE_SILENT","items_purchased":["Medical Kit","Membership Card"],"campfire_rested":0,"item_purchase_floors":[3,8],"current_hp_per_floor":[50,43,43,38,58,58,28,28,28,28,28,28,28],"gold":5,"neow_bonus":"TWO_FIFTY_GOLD","is_daily":false,"chose_seed":false,"campfire_upgraded":1,"win_rate":0.0,"timestamp":1609588144,"path_taken":["M","M","$","M","?","R","E","$","T","R","?","E"],"items_purchased_type":["Relic","Relic"],"build_version":"2020-12-22","purchased_purges":1,"victory":false,"max_hp_per_floor":[60,60,60,60,60,60,60,60,60,60,54,54,54],"relic_stats":{"Peace Pipe":1,"counters":[5,13],"Golden Idol":0,"Medical Kit":[0],"obtain_stats":[{"Peace Pipe":9,"Golden Idol":11,"Thread and Needle":7,"Membership Card":8,"Medical Kit":3,"Ring of the Snake":0},{"Peace Pipe":4,"Golden Idol":4,"Thread and Needle":4,"Membership Card":4,"Medical Kit":2,"Ring of the Snake":0},{"Peace Pipe":12,"Golden Idol":12,"Thread and Needle":12,"Membership Card":12,"Medical Kit":5,"Ring of the Snake":0}],"Ring of the Snake":[10]},"card_choices":[{"not_picked":["Sucker Punch","Dodge and Roll"],"picked":"Blade Dance","floor":1.0},{"not_picked":["Terror","Caltrops"],"picked":"Reflex","floor":2.0},{"not_picked":["Dagger Spray","Slice"],"picked":"Die Die Die","floor":4.0},{"not_picked":["Masterful Stab","Caltrops"],"picked":"Tactician","floor":7.0}],"player_experience":479754,"relics_obtained":[{"floor":7.0,"key":"Thread and Needle"},{"floor":9.0,"key":"Peace Pipe"}],"event_choices":[{"damage_healed":20.0,"max_hp_gain":0.0,"max_hp_loss":0.0,"gold_gain":0.0,"event_name":"Big Fish","player_choice":"Banana","floor":5.0,"gold_loss":0.0,"damage_taken":0.0},{"damage_healed":0.0,"max_hp_gain":0.0,"max_hp_loss":6.0,"gold_gain":0.0,"event_name":"Golden Idol","player_choice":"Lose Max HP","floor":11.0,"gold_loss":0.0,"damage_taken":0.0,"relics_obtained":["Golden Idol"]}],"is_beta":false,"boss_relics":[],"items_purged_floors":[3],"is_endless":false,"potions_floor_spawned":[2,4],"killed_by":"Lagavulin","ascension_level":20}}