{"host":"na09lpbrez4gbfiz","time":1609547450,"event":{"mods":["Act Like it!","BaseMod","BetterRewards","Colored Map","Colored Powertips","DeckTracker","Googly Eyes","Highlight Path","Minty Spire (QoL Compilation)","Quick Restart","Spicy Shops","StSLib","SuperFastMode","Synergy Search"],"gold_per_floor":[116,193,193,41,41,74,87,148,148,160,160,26,26,56,56,153,153,168,168,168,180,192,192,212,247,247,247,259,279,26,52,52,147,147,164,174,19,29,129,154,4,4,4,51,82,95,95,106,106,106,106],"floor_reached":50,"playtime":1124,"items_purged":["Regret","Strike_R+1"],"score":977,"play_id":"2d54b17d-adb7-4be8-bb35-d6abcdd949be","local_time":"20210102013050","is_ascension_mode":true,"campfire_choices":[{"data":"Hemokinesis","floor":11,"key":"SMITH"},{"data":"Inflame","floor":15,"key":"SMITH"},{"floor":23,"key":"REST"},{"data":"Bash","floor":27,"key":"SMITH"},{"floor":32,"key":"REST"},{"floor":42,"key":"REST"},{"data":"Sword Boomerang","floor":47,"key":"SMITH"},{"floor":49,"key":"REST"}],"circlet_count":0,"master_deck":["AscendersBane","Strike_R+1","Strike_R+1","Strike_R+1","Defend_R+1","Defend_R+1","Defend_R+1","Defend_R+1","Bash+1","Hemokinesis+1","Inflame+1","Limit Break+1","Sword Boomerang+1","True Grit+1","CurseOfTheBell","Inflame+1","Pummel","True Grit+1"],"relics":["Burning Blood","NeowsBlessing","Unceasing Top","PreservedInsect","Sundial","Art of War","InkBottle","Whetstone","Matryoshka","Red Skull","SlaversCollar","War Paint","Regal Pillow","Tiny Chest","Bottled Flame","Vajra","Self Forming Clay","Calling Bell","Happy Flower","Ornamental Fan","Calipers","Membership Card","Toy Ornithopter","Ginger","Anchor","Toxic Egg 2","Omamori","Mercury Hourglass"],"acts_visited":["Exordium","TheCity","TheBeyond"],"potions_floor_usage":[8,16,16,22,25,31,36,40,40,50,50],"damage_taken":[{"damage":0,"enemies":"2 Louse","floor":1,"turns":1},{"damage":0,"enemies":"Lagavulin","floor":6,"turns":1},{"damage":0,"enemies":"Small Slimes","floor":7,"turns":1},{"damage":32,"enemies":"Lagavulin Event","floor":8,"turns":5},{"damage":9,"enemies":"Jaw Worm","floor":10,"turns":2},{"damage":18,"enemies":"Gremlin Nob","floor":14,"turns":3},{"damage":17,"enemies":"Hexaghost","floor":16,"turns":7},{"damage":37,"enemies":"Shell Parasite","floor":18,"turns":4},{"damage":5,"enemies":"Spheric Guardian","floor":21,"turns":3},{"damage":22,"enemies":"3 Cultists","floor":22,"turns":5},{"damage":20,"enemies":"Chosen and Byrds","floor":24,"turns":4},{"damage":13,"enemies":"Book of Stabbing","floor":25,"turns":3},{"damage":16,"enemies":"Sentry and Sphere","floor":28,"turns":4},{"damage":18,"enemies":"Snake Plant","floor":29,"turns":3},{"damage":4,"enemies":"Gremlin Leader","floor":31,"turns":3},{"damage":40,"enemies":"Champ","floor":33,"turns":8},{"damage":53,"enemies":"3 Shapes","floor":35,"turns":9},{"damage":8,"enemies":"Orb Walker","floor":36,"turns":3},{"damage":31,"enemies":"Sphere and 2 Shapes","floor":38,"turns":5},{"damage":11,"enemies":"Nemesis","floor":40,"turns":3},{"damage":27,"enemies":"Giant Head","floor":45,"turns":6},{"damage":31,"enemies":"Jaw Worm Horde","floor":46,"turns":3},{"damage":15,"enemies":"4 Shapes","floor":48,"turns":4},{"damage":77,"enemies":"Donu and Deca","floor":50,"turns":6}],"seed_played":"-6932953505855359081","potions_obtained":[{"floor":1,"key":"Block Potion"},{"floor":10,"key":"LiquidBronze"},{"floor":14,"key":"Block Potion"},{"floor":16,"key":"AttackPotion"},{"floor":21,"key":"Weak Potion"},{"floor":22,"key":"Fruit Juice"},{"floor":25,"key":"BloodPotion"},{"floor":29,"key":"Dexterity Potion"},{"floor":31,"key":"BloodPotion"},{"floor":36,"key":"PowerPotion"},{"floor":40,"key":"FairyPotion"},{"floor":45,"key":"DuplicationPotion"},{"floor":46,"key":"FearPotion"},{"floor":48,"key":"ColorlessPotion"}],"is_trial":false,"path_per_floor":["M","?","?","$","?","E","M","?","T","M","R","$","T","E","R","B",null,"M","?","?","M","M","R","M","E","T","R","M","M","$","E","R","B",null,"M","M","$","M","?","E","$","R","T","T","E","M","R","M","R","B"],"character_chosen":"IRONCLAD","items_purchased":["PreservedInsect","Whetstone","Vajra","Membership Card","Ginger"],"campfire_rested":4,"item_purchase_floors":[4,12,30,37,41],"current_hp_per_floor":[78,78,75,75,75,80,80,54,54,51,51,51,51,39,39,28,67,36,36,36,37,26,51,37,30,30,30,20,8,8,27,67,33,72,25,40,40,15,15,10,10,50,50,50,29,31,31,22,62,0,0],"gold":106,"neow_bonus":"THREE_ENEMY_KILL","is_daily":false,"chose_seed":false,"campfire_upgraded":4,"win_rate":0.0,"timestamp":1609547450,"path_taken":["M","?","?","$","?","E","M","?","T","M","R","$","?","E","R","BOSS","M","?","?","?","M","R","M","E","T","R","?","M","$","E","R","BOSS","M","M","$","M","?","E","?","R","T","?","E","M","R","?","R","BOSS"],"items_purchased_type":["Relic","Relic","Relic","Relic","Relic"],"build_version":"2020-12-22","purchased_purges":2,"victory":false,"max_hp_per_floor":[80,80,80,80,80,80,80,80,80,80,80,80,80,80,80,80,80,80,80,80,80,85,85,85,85,85,85,85,85,85,85,85,85,85,85,85,85,85,85,85,85,85,85,85,85,85,85,85,85,85,85],"card_choices":[{"not_picked":["Sentinel","True Grit"],"picked":"Hemokinesis","floor":1},{"not_picked":["Perfected Strike","Heavy Blade","Clothesline"],"picked":"SKIP","floor":6},{"not_picked":["Pommel Strike","Fire Breathing","Clash"],"picked":"SKIP","floor":7},{"not_picked":["Reckless Charge","Juggernaut","Headbutt"],"picked":"SKIP","floor":10},{"not_picked":["Body Slam","Twin Strike"],"picked":"Inflame","floor":14},{"not_picked":["Double Tap","Berserk"],"picked":"Limit Break","floor":16},{"not_picked":["Dropkick","Clash","Anger"],"picked":"SKIP","floor":18},{"not_picked":["Thunderclap","Twin Strike"],"picked":"Sword Boomerang","floor":21},{"not_picked":["Anger+1","Twin Strike","Body Slam"],"picked":"SKIP","floor":22},{"not_picked":["Sword Boomerang","Battle Trance"],"picked":"True Grit+1","floor":24},{"not_picked":["Entrench","Sever Soul","Cleave"],"picked":"SKIP","floor":25},{"not_picked":["Headbutt","Infernal Blade","Hemokinesis+1"],"picked":"SKIP","floor":28},{"not_picked":["Burning Pact","Berserk","Sword Boomerang+1"],"picked":"SKIP","floor":29},{"not_picked":["Infernal Blade","Evolve","Headbutt"],"picked":"SKIP","floor":31},{"not_picked":["Shrug It Off","Perfected Strike","Sword Boomerang"],"picked":"SKIP","floor":35},{"not_picked":["Wild Strike","Headbutt","Fiend Fire"],"picked":"SKIP","floor":36},{"not_picked":["Uppercut+1","Flame Barrier+1"],"picked":"Inflame+1","floor":38},{"not_picked":["True Grit","Clash+1","Evolve+1"],"picked":"SKIP","floor":40},{"not_picked":["Twin Strike","Sword Boomerang+1"],"picked":"Pummel","floor":45},{"not_picked":["Armaments+1","Warcry+1","Clothesline+1"],"picked":"SKIP","floor":46},{"not_picked":["Cleave","Impervious+1"],"picked":"True Grit+1","floor":48}],"player_experience":253876,"relics_obtained":[{"floor":6,"key":"Sundial"},{"floor":8,"key":"Art of War"},{"floor":9,"key":"InkBottle"},{"floor":13,"key":"Matryoshka"},{"floor":14,"key":"Red Skull"},{"floor":25,"key":"Regal Pillow"},{"floor":26,"key":"Tiny Chest"},{"floor":26,"key":"Bottled Flame"},{"floor":31,"key":"Self Forming Clay"},{"floor":34,"key":"Happy Flower"},{"floor":34,"key":"Ornamental Fan"},{"floor":34,"key":"Calipers"},{"floor":40,"key":"Toy Ornithopter"},{"floor":43,"key":"Anchor"},{"floor":43,"key":"Toxic Egg 2"},{"floor":44,"key":"Omamori"},{"floor":45,"key":"Mercury Hourglass"}],"event_choices":[{"damage_healed":0,"gold_gain":77,"player_choice":"Gained Gold","damage_taken":0,"max_hp_gain":0,"max_hp_loss":0,"event_name":"Golden Wing","floor":2,"gold_loss":0},{"damage_healed":0,"gold_gain":0,"player_choice":"Success","damage_taken":3,"relics_obtained":["Unceasing Top"],"max_hp_gain":0,"max_hp_loss":0,"event_name":"Scrap Ooze","floor":3,"gold_loss":0},{"cards_removed":["Strike_R"],"damage_healed":0,"gold_gain":0,"player_choice":"Forget","damage_taken":0,"max_hp_gain":0,"max_hp_loss":0,"event_name":"Living Wall","floor":5,"gold_loss":0},{"damage_healed":0,"gold_gain":0,"player_choice":"Searched \u00272\u0027 times","damage_taken":0,"max_hp_gain":0,"max_hp_loss":0,"event_name":"Dead Adventurer","floor":8,"gold_loss":0},{"damage_healed":0,"gold_gain":0,"player_choice":"Simplicity","damage_taken":0,"max_hp_gain":0,"max_hp_loss":0,"event_name":"Back to Basics","floor":19,"gold_loss":0,"cards_upgraded":["Strike_R","Strike_R","Defend_R","Defend_R","Defend_R","Defend_R"]},{"damage_healed":0,"gold_gain":0,"player_choice":"Gave Potion","damage_taken":0,"relics_obtained":["War Paint"],"max_hp_gain":0,"max_hp_loss":0,"event_name":"WeMeetAgain","floor":20,"gold_loss":0},{"damage_healed":0,"gold_gain":100,"player_choice":"Pray","damage_taken":0,"max_hp_gain":0,"max_hp_loss":0,"event_name":"Golden Shrine","floor":39,"gold_loss":0}],"is_beta":false,"boss_relics":[{"not_picked":["Runic Cube","Cursed Key"],"picked":"SlaversCollar"},{"not_picked":["SacredBark","Black Blood"],"picked":"Calling Bell"}],"items_purged_floors":[12,30],"is_endless":false,"potions_floor_spawned":[1,10,14,16,21,22,25,29,31,36,40,45,46,48],"killed_by":"Donu and Deca","ascension_level":11}}