{"host":"axuns55dzq466eei","time":1609598452,"event":{"mods":["BaseMod","Colored Map","Keyboard Shortcuts","Minty Spire (QoL Compilation)","StSLib","SuperFastMode"],"gold_per_floor":[110,126,51,51,51,51,68,83,83,8,8,8,31,65,65,65,65],"floor_reached":16,"playtime":361,"items_purged":["Strike_G"],"score":196,"play_id":"09a9451f-f5fe-45ef-8c06-e425d4e1eee2","local_time":"20210102234052","is_ascension_mode":true,"campfire_choices":[{"data":"Skewer","floor":6.0,"key":"SMITH"},{"data":"Well Laid Plans","floor":12.0,"key":"SMITH"},{"data":"Eviscerate","floor":15,"key":"SMITH"}],"circlet_count":0,"master_deck":["AscendersBane","Strike_G","Strike_G","Strike_G","Defend_G","Defend_G","Defend_G","Defend_G","Defend_G","Survivor","Neutralize","Skewer+1","Eviscerate+1","Accuracy","Well Laid Plans+1","Acrobatics"],"relics":["Ring of the Snake","Vajra","Odd Mushroom","Question Card"],"acts_visited":["Exordium"],"potions_floor_usage":[14],"damage_taken":[{"damage":11.0,"enemies":"Small Slimes","floor":1.0,"turns":7.0},{"damage":6.0,"enemies":"Jaw Worm","floor":2.0,"turns":5.0},{"damage":0.0,"enemies":"Cultist","floor":7.0,"turns":3.0},{"damage":10.0,"enemies":"Red Slaver","floor":8.0,"turns":4.0},{"damage":21,"enemies":"The Mushroom Lair","floor":13,"turns":4},{"damage":17,"enemies":"Lagavulin","floor":14,"turns":7},{"damage":30,"enemies":"The Guardian","floor":16,"turns":14}],"seed_played":"-3551272810977686250","potions_obtained":[{"floor":1.0,"key":"Fire Potion"},{"floor":7.0,"key":"Swift Potion"}],"is_trial":false,"path_per_floor":["M","M","?","?","?","R","M","M","T","$","$","R","?","E","R","B"],"character_chosen":"THE_SILENT","items_purchased":[],"campfire_rested":0,"item_purchase_floors":[],"current_hp_per_floor":[48,42,42,42,76,76,76,66,66,66,66,66,45,28,28,0,0],"gold":65,"neow_bonus":"ONE_RANDOM_RARE_CARD","is_daily":false,"chose_seed":false,"campfire_upgraded":3,"win_rate":0.0,"timestamp":1609598452,"path_taken":["M","M","?","?","?","R","M","?","T","?","$","R","?","E","R","BOSS"],"items_purchased_type":[],"build_version":"2020-12-22","purchased_purges":1,"victory":false,"max_hp_per_floor":[66,66,66,66,76,76,76,76,76,76,76,76,76,76,76,76,76],"card_choices":[{"not_picked":["Heel Hook","PiercingWail"],"picked":"Skewer","floor":1.0},{"not_picked":["Backflip","Flying Knee"],"picked":"Eviscerate","floor":2.0},{"not_picked":["Flying Knee","Cloak And Dagger"],"picked":"Accuracy","floor":7.0},{"not_picked":["Heel Hook","Underhanded Strike"],"picked":"Well Laid Plans","floor":8.0},{"not_picked":["Tactician","Deflect"],"picked":"Acrobatics","floor":13},{"not_picked":["Backflip","Poisoned Stab","Blur"],"picked":"SKIP","floor":14}],"player_experience":1055090,"relics_obtained":[{"floor":9.0,"key":"Vajra"},{"floor":13,"key":"Odd Mushroom"},{"floor":14,"key":"Question Card"}],"event_choices":[{"cards_removed":["Strike_G"],"damage_healed":0.0,"max_hp_gain":0.0,"max_hp_loss":0.0,"gold_gain":0.0,"event_name":"The Cleric","player_choice":"Card Removal","floor":3.0,"gold_loss":75.0,"damage_taken":0.0},{"damage_healed":0.0,"max_hp_gain":0.0,"max_hp_loss":0.0,"gold_gain":0.0,"event_name":"Liars Game","player_choice":"Ignored","floor":4.0,"gold_loss":0.0,"damage_taken":0.0},{"cards_removed":["Envenom"],"damage_healed":24.0,"max_hp_gain":10.0,"max_hp_loss":0.0,"gold_gain":0.0,"event_name":"Bonfire Elementals","player_choice":"Offered Rare","floor":5.0,"gold_loss":0.0,"damage_taken":0.0},{"damage_healed":0,"gold_gain":0,"player_choice":"Fought Mushrooms","damage_taken":0,"max_hp_gain":0,"max_hp_loss":0,"event_name":"Mushrooms","floor":13,"gold_loss":0}],"is_beta":false,"boss_relics":[],"items_purged_floors":[10],"is_endless":false,"potions_floor_spawned":[1,7],"killed_by":"The Guardian","ascension_level":20}}