{"host":"tnhjz9cb8p0320p2","time":1609561889,"event":{"mods":["BaseMod","Better Third Choice","Downfall","Hermit","Marisa????????","Minty Spire (QoL Compilation)","Relic Stats","Replay The Spire","Shade Mod","StSLib","The Construct","The Cursed","The Jungle","The Runesmith"],"gold_per_floor":[113,126,51,64,64,107,107,145,145,145,183,196,196,196,196,292,292,310,310,310],"floor_reached":19,"playtime":631,"items_purged":["Strike_G"],"score":370,"play_id":"23495165-2e3f-45d2-a704-654c8fcf310a","local_time":"20210101223129","is_ascension_mode":true,"campfire_choices":[{"floor":7,"key":"REST"},{"floor":10,"key":"REST"},{"floor":15,"key":"REST"}],"circlet_count":0,"master_deck":["AscendersBane","Strike_G","Strike_G","Strike_G","Strike_G","Defend_G","Defend_G","Defend_G","Defend_G","Defend_G","Survivor","Neutralize","Blade Dance","Blade Dance","Choke","Accuracy","Malaise","Choke","A Thousand Cuts","Calculated Gamble+1"],"relics":["Ring of the Snake","NeowsBlessing","Golden Idol","Snake Skull","Bottled Tornado","Bronze Scales","Shuriken","Runic Pyramid"],"acts_visited":["Exordium","TheCity"],"potions_floor_usage":[11],"damage_taken":[{"damage":0,"enemies":"Cultist","floor":1,"turns":1},{"damage":0,"enemies":"Jaw Worm","floor":2,"turns":1},{"damage":0,"enemies":"2 Louse","floor":4,"turns":1},{"damage":51,"enemies":"3 Sentries","floor":6,"turns":16},{"damage":26,"enemies":"Gremlin Nob","floor":8,"turns":4},{"damage":31,"enemies":"Lagavulin","floor":11,"turns":6},{"damage":1,"enemies":"Blue Slaver","floor":12,"turns":5},{"damage":13,"enemies":"Hexaghost","floor":16,"turns":8},{"damage":34,"enemies":"2 Thieves","floor":18,"turns":5},{"damage":17,"enemies":"3 Byrds","floor":19,"turns":2}],"seed_played":"-2161229139174701879","potions_obtained":[{"floor":4,"key":"FairyPotion"},{"floor":8,"key":"SteroidPotion"}],"is_trial":false,"path_per_floor":["M","M","$","M","?","E","R","E","T","R","E","M","?","T","R","B",null,"M","M"],"character_chosen":"THE_SILENT","items_purchased":[],"campfire_rested":3,"item_purchase_floors":[],"current_hp_per_floor":[59,59,59,59,59,8,26,18,18,36,5,4,4,4,22,9,47,13,0,0],"gold":310,"neow_bonus":"THREE_ENEMY_KILL","is_daily":false,"chose_seed":false,"campfire_upgraded":0,"win_rate":0.0,"timestamp":1609561889,"path_taken":["M","M","$","M","?","E","R","E","T","R","E","M","?","?","R","BOSS","M","M"],"items_purchased_type":[],"build_version":"2020-12-22","purchased_purges":1,"victory":false,"max_hp_per_floor":[66,66,66,66,60,60,60,60,60,60,60,60,60,60,60,60,60,60,60,60],"relic_stats":{"counters":[10,49],"Golden Idol":51,"Shuriken":[7],"Bronze Scales":[102],"Snake Skull":[0],"obtain_stats":[{"NeowsBlessing":0,"Golden Idol":5,"Shuriken":14,"Bronze Scales":11,"Snake Skull":6,"Bottled Tornado":8,"Ring of the Snake":0,"Runic Pyramid":17},{"NeowsBlessing":0,"Golden Idol":3,"Shuriken":7,"Bronze Scales":6,"Snake Skull":4,"Bottled Tornado":5,"Ring of the Snake":0,"Runic Pyramid":8},{"NeowsBlessing":0,"Golden Idol":3,"Shuriken":34,"Bronze Scales":29,"Snake Skull":19,"Bottled Tornado":23,"Ring of the Snake":0,"Runic Pyramid":42}],"Ring of the Snake":[20]},"card_choices":[{"not_picked":["Backflip","PiercingWail"],"picked":"Blade Dance","floor":1},{"not_picked":["Deadly Poison","Backflip"],"picked":"Blade Dance","floor":2},{"not_picked":["Slice","Acrobatics"],"picked":"Choke","floor":4},{"not_picked":["Distraction","Masterful Stab"],"picked":"Accuracy","floor":6},{"not_picked":["Poisoned Stab","Toxin Wave"],"picked":"Malaise","floor":8},{"not_picked":["Quick Slash","Sucker Punch","Deflect"],"picked":"SKIP","floor":11},{"not_picked":["Deflect","Riddle With Holes"],"picked":"Choke","floor":12},{"not_picked":["Die Die Die","Unload"],"picked":"A Thousand Cuts","floor":16},{"not_picked":["Bane","Deadly Poison"],"picked":"Calculated Gamble+1","floor":18}],"player_experience":2076158,"relics_obtained":[{"floor":6,"key":"Snake Skull"},{"floor":8,"key":"Bottled Tornado"},{"floor":11,"key":"Bronze Scales"},{"floor":14,"key":"Shuriken"}],"event_choices":[{"damage_healed":0,"gold_gain":0,"player_choice":"Lose Max HP","damage_taken":0,"relics_obtained":["Golden Idol"],"max_hp_gain":0,"max_hp_loss":6,"event_name":"Golden Idol","floor":5,"gold_loss":0},{"damage_healed":0,"gold_gain":0,"player_choice":"Searched \u00271\u0027 times","damage_taken":0,"max_hp_gain":0,"max_hp_loss":0,"event_name":"Dead Adventurer","floor":13,"gold_loss":0}],"is_beta":false,"boss_relics":[{"not_picked":["Runic Dome","Coffee Dripper"],"picked":"Runic Pyramid"}],"items_purged_floors":[3],"is_endless":false,"potions_floor_spawned":[4,8],"killed_by":"3 Byrds","ascension_level":20}}