{"host":"vsdszi3rnxsdp24p","time":1609604657,"event":{"mods":["AchievementEnabler","BaseMod","Colored Map","Colored Powertips","Hermit","Highlight Path","Minty Spire (QoL Compilation)","Quick Restart","Relic Sorter","Relic Stats","StSLib","SuperFastMode","Synergy Search","The Cursed","The Mystic"],"gold_per_floor":[115,115,35,50,69,69,94,104,104,4,4,19,31,61,61,163,163,174,185,38,38,38,69,69,69,69,69,69],"floor_reached":27,"playtime":878,"items_purged":[],"score":266,"play_id":"937307fa-dac2-4492-8ef4-922ed8a0ac37","local_time":"20210102172417","is_ascension_mode":false,"campfire_choices":[{"data":"Heavy Blade","floor":6,"key":"SMITH"},{"floor":15,"key":"RECALL"},{"data":"1","floor":25,"key":"LIFT"}],"circlet_count":0,"master_deck":["Strike_R","Strike_R","Strike_R","Strike_R","Defend_R","Defend_R","Defend_R","Defend_R","Bash","Heavy Blade+1","Inflame","Anger","Seeing Red","Shrug It Off","Rupture","Armaments","Iron Wave","Inflame","Headbutt","Demon Form","Limit Break","Iron Wave+1","Armaments","Limit Break","Demon Form"],"relics":["Black Blood","Bronze Scales","Potion Belt","Sundial","Pocketwatch","DollysMirror","Thread and Needle","Girya"],"acts_visited":["Exordium","TheCity"],"potions_floor_usage":[5,5,7,7,14,14,14,18],"damage_taken":[{"damage":7,"enemies":"2 Louse","floor":1,"turns":3},{"damage":13,"enemies":"Jaw Worm","floor":4,"turns":3},{"damage":12,"enemies":"Small Slimes","floor":5,"turns":2},{"damage":31,"enemies":"Lagavulin","floor":7,"turns":4},{"damage":7,"enemies":"3 Louse","floor":8,"turns":4},{"damage":1,"enemies":"Exordium Thugs","floor":12,"turns":3},{"damage":11,"enemies":"Large Slime","floor":13,"turns":4},{"damage":19,"enemies":"Gremlin Nob","floor":14,"turns":4},{"damage":39,"enemies":"The Guardian","floor":16,"turns":6},{"damage":5,"enemies":"Spheric Guardian","floor":18,"turns":3},{"damage":14,"enemies":"3 Byrds","floor":19,"turns":4},{"damage":45,"enemies":"Book of Stabbing","floor":23,"turns":5},{"damage":45,"enemies":"Slavers","floor":27,"turns":3}],"seed_played":"-3456626535037603637","potions_obtained":[{"floor":4,"key":"LiquidBronze"},{"floor":5,"key":"EntropicBrew"},{"floor":8,"key":"BloodPotion"},{"floor":16,"key":"LiquidMemories"},{"floor":23,"key":"Fire Potion"}],"is_trial":false,"path_per_floor":["M","?","$","M","M","R","E","M","T","$","?","M","M","E","R","B",null,"M","M","$","?","?","E","?","R","T","E"],"character_chosen":"IRONCLAD","items_purchased":["Inflame","Armaments","BloodPotion","DollysMirror"],"campfire_rested":0,"item_purchase_floors":[3,10,10,20],"current_hp_per_floor":[79,79,79,72,66,66,41,40,40,40,40,45,40,59,59,26,80,80,78,78,78,78,45,45,45,45,0,0],"gold":69,"neow_bonus":"RANDOM_COMMON_RELIC","is_daily":false,"chose_seed":false,"campfire_upgraded":1,"win_rate":0.0,"timestamp":1609604657,"path_taken":["M","?","$","M","M","R","E","M","T","$","?","M","M","E","R","BOSS","M","M","$","?","?","E","?","R","T","E"],"items_purchased_type":["Card","Card","Potion","Relic"],"build_version":"2020-12-22","purchased_purges":0,"victory":false,"max_hp_per_floor":[80,80,80,80,80,80,80,80,80,80,80,80,80,80,80,80,80,80,80,80,80,80,80,80,80,80,80,80],"relic_stats":{"counters":[13,48],"Sundial":[4],"Bronze Scales":[148],"Black Blood":83,"obtain_stats":[{"Potion Belt":7,"Girya":24,"Sundial":9,"DollysMirror":20,"Bronze Scales":0,"Black Blood":17,"Thread and Needle":23,"Burning Blood":0,"Pocketwatch":14},{"Potion Belt":4,"Girya":12,"Sundial":5,"DollysMirror":11,"Bronze Scales":0,"Black Blood":9,"Thread and Needle":12,"Burning Blood":0,"Pocketwatch":8},{"Potion Belt":12,"Girya":45,"Sundial":16,"DollysMirror":40,"Bronze Scales":0,"Black Blood":33,"Thread and Needle":45,"Burning Blood":0,"Pocketwatch":27}],"Pocketwatch":[30]},"card_choices":[{"not_picked":["True Grit","Warcry"],"picked":"Heavy Blade","floor":1},{"not_picked":["Sword Boomerang","Pummel"],"picked":"Anger","floor":4},{"not_picked":["Thunderclap","Pommel Strike"],"picked":"Seeing Red","floor":5},{"not_picked":["Sever Soul","Thunderclap"],"picked":"Shrug It Off","floor":7},{"not_picked":["Anger","Shrug It Off"],"picked":"Rupture","floor":8},{"not_picked":["Bloodletting","Twin Strike"],"picked":"Inflame","floor":12},{"not_picked":["Reckless Charge","Wild Strike"],"picked":"Headbutt","floor":13},{"not_picked":["Clothesline","Flex"],"picked":"Demon Form","floor":14},{"not_picked":["Brutality","Juggernaut"],"picked":"Limit Break","floor":16},{"not_picked":["Shrug It Off","Twin Strike"],"picked":"Iron Wave+1","floor":18},{"not_picked":["Perfected Strike","Iron Wave"],"picked":"Armaments","floor":19},{"not_picked":["Twin Strike+1","Wild Strike"],"picked":"Demon Form","floor":23}],"player_experience":112125,"relics_obtained":[{"floor":7,"key":"Potion Belt"},{"floor":9,"key":"Sundial"},{"floor":14,"key":"Pocketwatch"},{"floor":23,"key":"Thread and Needle"}],"event_choices":[{"damage_healed":0,"gold_gain":0,"player_choice":"Leave","damage_taken":0,"max_hp_gain":0,"max_hp_loss":0,"event_name":"The Cleric","floor":2,"gold_loss":0},{"damage_healed":0,"gold_gain":0,"cards_transformed":["Strike_R"],"player_choice":"Change","damage_taken":0,"max_hp_gain":0,"max_hp_loss":0,"event_name":"Living Wall","floor":11,"gold_loss":0,"cards_obtained":["Iron Wave"]},{"damage_healed":0,"gold_gain":0,"player_choice":"Ignored","damage_taken":0,"max_hp_gain":0,"max_hp_loss":0,"event_name":"Ghosts","floor":22,"gold_loss":0},{"damage_healed":0,"gold_gain":0,"player_choice":"Gave Potion","damage_taken":0,"relics_obtained":["Girya"],"max_hp_gain":0,"max_hp_loss":0,"event_name":"WeMeetAgain","floor":24,"gold_loss":0}],"is_beta":false,"boss_relics":[{"not_picked":["Cursed Key","Tiny House"],"picked":"Black Blood"}],"items_purged_floors":[],"is_endless":false,"potions_floor_spawned":[4,5,8,16,23],"killed_by":"Slavers","ascension_level":0}}