{"host":"9d9dhukr2jywmy0f","time":1609555620,"event":{"mods":["2.2 Compatiblity","Alarm Clock","BaseMod","Bestiary","Block Reminder","Colored Map","Colored Powertips","Curses Come First","DeckTracker","Highlight Path","Key Reminder","Keyboard Shortcuts","Koishi","Minty Spire (QoL Compilation)","MonsterHotkey","Quick Restart","Rare Cards Sparkle","Relic Sorter","Relic Stats","Spire Birthday Party","StSLib","SuperFastMode","Synergy Search","Unceasing Turn Reminder","Unknown Chances"],"gold_per_floor":[10,10,24,24,38,38,54,54,79,115,85,124,139,64,64,155,155,95,20,20,40,58,97,97,111,136,136,136,149,96,114,114,212,212,225,250,109,109,133,169,169,202,202,202,225,64,77,0,0,0,0,0,0,44,44],"floor_reached":56,"playtime":2748,"items_purged":["Koishi:BasicStrike","Koishi:BasicStrike","Koishi:HauntingSlash"],"score":2273,"play_id":"44048157-fd81-4ecd-9287-9c20cf192fa5","local_time":"20210102104700","is_ascension_mode":true,"campfire_choices":[{"floor":6.0,"key":"RECALL"},{"data":"Koishi:IdleWhim","floor":8.0,"key":"SMITH"},{"data":"Koishi:RorschachInDanmaku","floor":15.0,"key":"SMITH"},{"data":"Koishi:FadingMemory","floor":28.0,"key":"SMITH"},{"data":"Koishi:SubterraneanRose","floor":32.0,"key":"SMITH"},{"data":"Koishi:ReleaseOfTheId","floor":44,"key":"SMITH"},{"data":"Koishi:HeartAttack","floor":49,"key":"SMITH"},{"data":"Koishi:SubterraneanRose","floor":52,"key":"SMITH"}],"circlet_count":0,"master_deck":["AscendersBane","Koishi:Provoke","Koishi:MassHysteria","Koishi:RorschachInDanmaku+1","Koishi:IdleWhim+1","Koishi:ReflexRadar","Koishi:SubterraneanRose+1","Koishi:FadingMemory+1","Koishi:SubterraneanRose+1","Koishi:FreudianInstinct","Koishi:ReflexRadar","Koishi:ReleaseOfTheId+1","Koishi:HeartAttack+1","Master of Strategy","Koishi:FreudianInstinct","Koishi:FreudianInstinct","Koishi:ReflexRadar"],"relics":["Koishi:ImaginaryFriend","Torii","Golden Idol","Bag of Marbles","Eternal Feather","SacredBark","Koishi:ImperfectMetamorphosis","Enchiridion","Bronze Scales","Black Star","Singing Bowl","Bottled Lightning","Vajra","Unceasing Top","Sundial","Red Mask","Turnip","Anchor"],"acts_visited":["Exordium","TheCity","TheBeyond","TheEnding"],"potions_floor_usage":[55,55],"damage_taken":[{"damage":1.0,"enemies":"Small Slimes","floor":1.0,"turns":4.0},{"damage":0.0,"enemies":"2 Louse","floor":3.0,"turns":1.0},{"damage":2.0,"enemies":"Cultist","floor":5.0,"turns":4.0},{"damage":1.0,"enemies":"2 Fungi Beasts","floor":7.0,"turns":4.0},{"damage":4.0,"enemies":"Lagavulin","floor":10.0,"turns":10.0},{"damage":0.0,"enemies":"Looter","floor":11.0,"turns":4.0},{"damage":30.0,"enemies":"3 Sentries","floor":12.0,"turns":6.0},{"damage":9.0,"enemies":"3 Louse","floor":13.0,"turns":2.0},{"damage":4.0,"enemies":"Slime Boss","floor":16.0,"turns":10.0},{"damage":0.0,"enemies":"2 Thieves","floor":18.0,"turns":4.0},{"damage":0.0,"enemies":"Shell Parasite","floor":21.0,"turns":4.0},{"damage":0.0,"enemies":"Snecko","floor":22.0,"turns":5.0},{"damage":2.0,"enemies":"Gremlin Leader","floor":23.0,"turns":5.0},{"damage":0.0,"enemies":"Sentry and Sphere","floor":25.0,"turns":2.0},{"damage":0.0,"enemies":"Centurion and Healer","floor":29.0,"turns":25.0},{"damage":0.0,"enemies":"Chosen and Byrds","floor":31.0,"turns":6.0},{"damage":0.0,"enemies":"Collector","floor":33.0,"turns":11.0},{"damage":0.0,"enemies":"3 Shapes","floor":35.0,"turns":5.0},{"damage":0.0,"enemies":"3 Darklings","floor":36.0,"turns":2.0},{"damage":5,"enemies":"4 Shapes","floor":39,"turns":2},{"damage":0,"enemies":"Nemesis","floor":40,"turns":5},{"damage":0,"enemies":"Giant Head","floor":42,"turns":6},{"damage":0,"enemies":"Transient","floor":45,"turns":5},{"damage":0,"enemies":"Jaw Worm Horde","floor":47,"turns":2},{"damage":14,"enemies":"Time Eater","floor":50,"turns":7},{"damage":0,"enemies":"Shield and Spear","floor":54,"turns":3},{"damage":0,"enemies":"The Heart","floor":55,"turns":4}],"seed_played":"8569606852693276219","potions_obtained":[{"floor":1.0,"key":"ColorlessPotion"},{"floor":12.0,"key":"EntropicBrew"},{"floor":13.0,"key":"Regen Potion"},{"floor":16.0,"key":"CultistPotion"},{"floor":22.0,"key":"DistilledChaos"},{"floor":23.0,"key":"Weak Potion"},{"floor":36.0,"key":"Dexterity Potion"}],"is_trial":false,"path_per_floor":["M","?","M","?","M","R","M","R","T","E","M","E","M","?","R","B",null,"M","$","?","M","M","E","?","M","T","?","R","M","$","M","R","B",null,"M","M","$","?","M","E","?","E","T","R","M","$","M","?","R","B",null,"R","$","E","B",null],"character_chosen":"KOISHI","items_purchased":["Koishi:ReflexRadar","Koishi:HeartAttack","Koishi:FreudianInstinct"],"campfire_rested":0,"item_purchase_floors":[30,37,46],"current_hp_per_floor":[51,51,51,51,50,50,50,50,50,47,47,17,8,8,14,25,45,45,45,45,45,46,45,24,24,24,24,30,30,30,30,36,36,48,48,48,48,48,43,45,45,47,47,56,58,58,58,58,58,44,55,58,58,60,60],"gold":44,"neow_bonus":"ONE_RARE_RELIC","is_daily":false,"chose_seed":false,"campfire_upgraded":7,"win_rate":0.0,"timestamp":1609555620,"path_taken":["M","?","M","?","M","R","M","R","T","E","M","E","M","?","R","BOSS","M","$","?","?","M","E","?","M","T","?","R","M","$","M","R","BOSS","M","M","$","?","M","E","?","E","T","R","?","$","?","?","R","BOSS","R","$","E","BOSS"],"items_purchased_type":["Card","Card","Card"],"build_version":"2020-11-30","purchased_purges":3,"victory":true,"max_hp_per_floor":[57,57,57,52,52,52,52,52,52,52,52,52,52,52,52,52,52,52,52,52,52,52,52,52,52,52,52,52,52,52,52,52,52,52,52,52,52,52,52,54,54,56,56,56,58,58,58,58,58,58,58,58,58,60,60],"relic_stats":{"Torii":22,"Singing Bowl":8,"counters":[27,148],"Golden Idol":173,"Sundial":[22],"Bronze Scales":[214],"Eternal Feather":30,"Turnip":[2],"Black Star":3,"obtain_stats":[{"Torii":0,"Singing Bowl":40,"Golden Idol":4,"SacredBark":17,"Enchiridion":24,"Vajra":42,"Eternal Feather":12,"keyreminder:keyreminder":6,"Anchor":54,"Sundial":43,"Bronze Scales":26,"Koishi:ImperfectMetamorphosis":23,"Turnip":54,"Bag of Marbles":10,"Black Star":34,"Red Mask":48,"Bottled Lightning":40,"Unceasing Top":42,"Koishi:ImaginaryFriend":0},{"Torii":0,"Singing Bowl":21,"Golden Idol":2,"SacredBark":9,"Enchiridion":13,"Vajra":22,"Eternal Feather":7,"keyreminder:keyreminder":3,"Anchor":26,"Sundial":22,"Bronze Scales":14,"Koishi:ImperfectMetamorphosis":13,"Turnip":26,"Bag of Marbles":5,"Black Star":17,"Red Mask":24,"Bottled Lightning":21,"Unceasing Top":22,"Koishi:ImaginaryFriend":0},{"Torii":0,"Singing Bowl":121,"Golden Idol":5,"SacredBark":45,"Enchiridion":63,"Vajra":127,"Eternal Feather":33,"keyreminder:keyreminder":9,"Anchor":144,"Sundial":127,"Bronze Scales":65,"Koishi:ImperfectMetamorphosis":63,"Turnip":144,"Bag of Marbles":23,"Black Star":107,"Red Mask":134,"Bottled Lightning":121,"Unceasing Top":127,"Koishi:ImaginaryFriend":0}],"Unceasing Top":[52]},"card_choices":[{"not_picked":["Koishi:PhantomBarrier","Koishi:VengefulSpirit"],"picked":"Koishi:MassHysteria","floor":1.0},{"not_picked":["Koishi:CatchAndRose","Koishi:UnconsciousUrges","Koishi:TremblingHands"],"picked":"SKIP","floor":3.0},{"not_picked":["Koishi:PhantomBarrier","Koishi:CatchAndRose"],"picked":"Koishi:RorschachInDanmaku","floor":5.0},{"not_picked":["Koishi:JumpScare","Koishi:ParalyzingFear"],"picked":"Koishi:IdleWhim","floor":7.0},{"not_picked":["Koishi:ParalyzingFear","Koishi:Jaunt","Koishi:DreadfulBlow"],"picked":"SKIP","floor":10.0},{"not_picked":["Koishi:PhantomStrike","Koishi:IdleWhim","Koishi:PredatoryInstincts"],"picked":"SKIP","floor":11.0},{"not_picked":["Koishi:GrowingPain","Koishi:EmbryosDream","Koishi:StingingMind"],"picked":"SKIP","floor":12.0},{"not_picked":["Koishi:MindNumbingTerror","Koishi:SubterraneanRose"],"picked":"Koishi:ReflexRadar","floor":13.0},{"not_picked":["Koishi:Prune+1","Koishi:PhantomStrike","Koishi:IdleWhim"],"picked":"SKIP","floor":18.0},{"not_picked":["Koishi:Catatonia","Koishi:DreadfulBlow"],"picked":"Koishi:SubterraneanRose","floor":21.0},{"not_picked":["Koishi:Bloodlust","Koishi:FleetingPhantom","Koishi:DreadfulBlow+1"],"picked":"SKIP","floor":22.0},{"not_picked":["Koishi:Bloodlust","Koishi:FleetingPhantom","Koishi:DreadfulBlow+1"],"picked":"SKIP","floor":22.0},{"not_picked":["Koishi:Bloodlust","Koishi:FleetingPhantom","Koishi:DreadfulBlow+1"],"picked":"SKIP","floor":22.0},{"not_picked":["Koishi:TremblingHands","Koishi:EmbryosDream+1","Koishi:TerrifyingSpectre"],"picked":"SKIP","floor":23.0},{"not_picked":["Koishi:UnansweredLove","Koishi:FourthEye"],"picked":"Koishi:FreudianInstinct","floor":25.0},{"not_picked":["Koishi:TremblingHands","Koishi:HeartfeltFancy","Koishi:Catatonia"],"picked":"SKIP","floor":29.0},{"not_picked":["Koishi:TremblingHands","Koishi:HeartfeltFancy","Koishi:Catatonia"],"picked":"SKIP","floor":29.0},{"not_picked":["Koishi:TremblingHands","Koishi:HeartfeltFancy","Koishi:Catatonia"],"picked":"SKIP","floor":29.0},{"not_picked":["Koishi:ParalyzingFear","Koishi:DreadfulBlow","Koishi:UnansweredLove"],"picked":"SKIP","floor":31.0},{"not_picked":["Koishi:ParalyzingFear","Koishi:UnconsciousUprising","Koishi:StingingMind"],"picked":"SKIP","floor":35.0},{"not_picked":["Koishi:UnconsciousUprising","Koishi:Prune+1"],"picked":"Koishi:ReleaseOfTheId","floor":36.0},{"not_picked":["Dark Shackles","The Bomb"],"picked":"Master of Strategy","floor":38},{"not_picked":["Koishi:UnansweredLove+1","Koishi:JumpScare","Koishi:RacingHeart+1"],"picked":"SKIP","floor":39},{"not_picked":["Koishi:BloodcurdlingScream","Koishi:FourthEye","Koishi:EmbryosDream"],"picked":"Singing Bowl","floor":40},{"not_picked":["Koishi:FidgetySnatcher","Koishi:SuperEgo","Koishi:PhilosophyOfTheDespised"],"picked":"Singing Bowl","floor":42},{"not_picked":["Koishi:GhostParty","Koishi:PhantomBarrier+1","Koishi:StingingMind"],"picked":"Singing Bowl","floor":45},{"not_picked":["Koishi:GhostParty+1","Koishi:StrangeCloudFist"],"picked":"Koishi:ReflexRadar","floor":47},{"not_picked":["Koishi:Vanish","Koishi:SpiritedAway","Koishi:ParalyzingFear"],"picked":"Singing Bowl","floor":54}],"player_experience":869666,"relics_obtained":[{"floor":10.0,"key":"Bag of Marbles"},{"floor":12.0,"key":"Eternal Feather"},{"floor":23.0,"key":"Koishi:ImperfectMetamorphosis"},{"floor":24.0,"key":"Enchiridion"},{"floor":26.0,"key":"Bronze Scales"},{"floor":40,"key":"Singing Bowl"},{"floor":40,"key":"Bottled Lightning"},{"floor":42,"key":"Vajra"},{"floor":42,"key":"Unceasing Top"},{"floor":43,"key":"Sundial"},{"floor":54,"key":"Turnip"},{"floor":54,"key":"Anchor"}],"event_choices":[{"cards_removed":["Koishi:BasicStrike"],"damage_healed":0.0,"max_hp_gain":0.0,"max_hp_loss":0.0,"gold_gain":0.0,"event_name":"Living Wall","player_choice":"Forget","floor":2.0,"gold_loss":0.0,"damage_taken":0.0},{"damage_healed":0.0,"max_hp_gain":0.0,"max_hp_loss":5.0,"gold_gain":0.0,"event_name":"Golden Idol","player_choice":"Lose Max HP","floor":4.0,"gold_loss":0.0,"damage_taken":0.0,"relics_obtained":["Golden Idol"]},{"cards_removed":["Koishi:BasicDefend"],"damage_healed":0.0,"max_hp_gain":0.0,"max_hp_loss":0.0,"gold_gain":0.0,"event_name":"The Cleric","player_choice":"Card Removal","floor":14.0,"gold_loss":75.0,"damage_taken":0.0},{"cards_removed":["Koishi:BasicDefend"],"damage_healed":0.0,"max_hp_gain":0.0,"max_hp_loss":0.0,"gold_gain":0.0,"event_name":"Purifier","player_choice":"Purged","floor":20.0,"gold_loss":0.0,"damage_taken":0.0},{"damage_healed":0.0,"max_hp_gain":0.0,"max_hp_loss":0.0,"gold_gain":0.0,"event_name":"Cursed Tome","player_choice":"Obtained Book","floor":24.0,"gold_loss":0.0,"damage_taken":21.0},{"cards_removed":["Koishi:BasicDefend"],"damage_healed":0.0,"max_hp_gain":0.0,"max_hp_loss":0.0,"gold_gain":0.0,"event_name":"Back to Basics","player_choice":"Elegance","floor":27.0,"gold_loss":0.0,"damage_taken":0.0},{"damage_healed":0,"gold_gain":0,"player_choice":"Memory 1","damage_taken":0,"max_hp_gain":0,"max_hp_loss":0,"event_name":"SensoryStone","floor":38,"gold_loss":0},{"damage_healed":0,"gold_gain":0,"player_choice":"Copied","damage_taken":0,"max_hp_gain":0,"max_hp_loss":0,"event_name":"Duplicator","floor":41,"gold_loss":0,"cards_obtained":["Koishi:FreudianInstinct"]},{"damage_healed":0,"gold_gain":0,"player_choice":"Paid","damage_taken":0,"relics_obtained":["Red Mask"],"max_hp_gain":0,"max_hp_loss":0,"event_name":"Tomb of Lord Red Mask","floor":48,"gold_loss":77}],"is_beta":false,"boss_relics":[{"not_picked":["SlaversCollar","Coffee Dripper"],"picked":"SacredBark"},{"not_picked":["Cursed Key","Pandora\u0027s Box"],"picked":"Black Star"}],"items_purged_floors":[19,37,46],"is_endless":false,"potions_floor_spawned":[1,12,13,16,22,23,31,33,36,39,47],"ascension_level":16}}