{"host":"a2lvm7nbw6nkrc91","time":1609564811,"event":{"mods":["BaseMod","Friendly Minions","Hermit","Kiyohime£¨?ýï£©","Koishi","Marisa£¨Ùöéë¡¡Øª×âÞÞ£©","Minty Spire (QoL Compilation)","Prisma Mod","Replay The Spire","StSLib","Td1madao Mod","The Bug Knight","The Dragon Tamer"],"gold_per_floor":[114,114,114,126,137,165,165,165,165,176,176,40,68,81,81,181,181,200,200,215,164,177,177,377,392,471,236,256,256,256],"floor_reached":29,"playtime":1529,"items_purged":["HollowMod:NailStrikeStart"],"score":235,"play_id":"57324e75-6ff1-4209-9b16-f80a64044bf1","local_time":"20210102142011","is_ascension_mode":false,"campfire_choices":[{"floor":8.0,"key":"REST"},{"data":"HollowMod:CornifersMapStart","floor":11.0,"key":"SMITH"},{"data":"HollowMod:LifebloodCore","floor":15.0,"key":"SMITH"},{"floor":23.0,"key":"REST"}],"circlet_count":0,"master_deck":["HollowMod:NailStrikeStart+1","HollowMod:QuickDashStart","HollowMod:QuickDashStart+1","HollowMod:FocusHealStart","HollowMod:PogoStrike","HollowMod:CornifersMapStart+1","HollowMod:HeavyBlow","HollowMod:CycloneSlash","HollowMod:CrystalDash","HollowMod:SoulSplash","HollowMod:HuntersJournal","HollowMod:LifebloodCore+1","HollowMod:BlackTendrils","HollowMod:Hiveblood","HollowMod:Weaversong","CurseOfTheBell","HollowMod:InfectedCysts","HollowMod:PerfectDash","HollowMod:ChannelNail","HollowMod:GoodIntentions","HollowMod:ZotesMagnificence","HollowMod:CrystalDash+1","HollowMod:ShapeofUnn+1","HollowMod:MonarchWings+1","HollowMod:SlysStrikes"],"relics":["HollowMod:VesselMask","NeowsBlessing","Replay:PocketPolymizer","Calipers","Replay:WaspNest","Calling Bell","Boot","Divine Protection","Turnip","HollowMod:StagPassRelic"],"acts_visited":["Exordium","TheCity"],"potions_floor_usage":[29],"damage_taken":[{"damage":0.0,"enemies":"Cultist","floor":1.0,"turns":1.0},{"damage":0.0,"enemies":"Jaw Worm","floor":4.0,"turns":1.0},{"damage":0.0,"enemies":"2 Louse","floor":5.0,"turns":1.0},{"damage":32.0,"enemies":"Lagavulin","floor":6.0,"turns":10.0},{"damage":4.0,"enemies":"2 Fungi Beasts","floor":10.0,"turns":3.0},{"damage":7.0,"enemies":"Gremlin Nob","floor":13.0,"turns":5.0},{"damage":4.0,"enemies":"Exordium Wildlife","floor":14.0,"turns":4.0},{"damage":44.0,"enemies":"The Guardian","floor":16.0,"turns":9.0},{"damage":14.0,"enemies":"Spheric Guardian","floor":18.0,"turns":5.0},{"damage":51.0,"enemies":"HollowMod:HuskSentry","floor":20.0,"turns":5.0},{"damage":50.0,"enemies":"Sentry and Sphere","floor":22.0,"turns":6.0},{"damage":20.0,"enemies":"Snake Plant","floor":25.0,"turns":5.0},{"damage":36,"enemies":"Centurion and Healer","floor":28,"turns":13},{"damage":15,"enemies":"Book of Stabbing","floor":29,"turns":6}],"seed_played":"-727678231081248669","potions_obtained":[{"floor":4.0,"key":"FairyPotion"},{"floor":5.0,"key":"Energy Potion"},{"floor":13.0,"key":"SpeedPotion"},{"floor":22.0,"key":"Venom Potion"}],"is_trial":false,"path_per_floor":["M","?","?","M","M","E","?","R","T","M","R","$","E","M","R","B",null,"M","?","M","$","M","R","?","M","T","$","M","E"],"character_chosen":"THE_BUGKNIGHT","items_purchased":["HollowMod:LifebloodCore","HollowMod:ChannelNail","HollowMod:ShapeofUnn","HollowMod:MonarchWings"],"campfire_rested":2,"item_purchase_floors":[12,21,27,27],"current_hp_per_floor":[75,60,60,60,60,34,34,56,56,52,52,52,45,41,41,14,75,63,63,22,22,23,45,45,26,26,26,12,0,0],"gold":256,"neow_bonus":"THREE_ENEMY_KILL","is_daily":false,"chose_seed":false,"campfire_upgraded":2,"win_rate":0.0,"timestamp":1609564811,"path_taken":["M","?","?","M","?","E","?","R","T","M","R","$","E","M","R","BOSS","M","?","M","$","M","R","?","M","T","$","M","E"],"items_purchased_type":["Card","Card","Card","Card"],"build_version":"2020-12-22","purchased_purges":1,"victory":false,"max_hp_per_floor":[75,75,75,75,75,75,75,75,75,75,75,75,75,75,75,75,75,75,75,75,75,75,75,75,75,75,75,75,75,75],"card_choices":[{"not_picked":["HollowMod:NewLittleFool","HollowMod:WraithStrike"],"picked":"HollowMod:CornifersMapStart","floor":1.0},{"not_picked":["HollowMod:FastStrike","HollowMod:GoodIntentions"],"picked":"HollowMod:CycloneSlash","floor":4.0},{"not_picked":["HollowMod:DesolateDive","HollowMod:MawleksShell"],"picked":"HollowMod:CrystalDash","floor":5.0},{"not_picked":["HollowMod:NewGlowingWomb","HollowMod:DreamGate"],"picked":"HollowMod:SoulSplash","floor":6.0},{"not_picked":["HollowMod:NewJinnsSoul","HollowMod:SharpenedShadows"],"picked":"HollowMod:HuntersJournal","floor":10.0},{"not_picked":["HollowMod:NewJinnsSoul","HollowMod:InfectionAssault","HollowMod:Hiveblood"],"picked":"SKIP","floor":13.0},{"not_picked":["HollowMod:ShapeofUnn","HollowMod:ShadowDash"],"picked":"HollowMod:BlackTendrils","floor":14.0},{"not_picked":["HollowMod:HornetsHelp","HollowMod:SoulMaster"],"picked":"HollowMod:Weaversong","floor":16.0},{"not_picked":["HollowMod:SiblingsSouls","HollowMod:SharpenedShadows"],"picked":"HollowMod:InfectedCysts","floor":18.0},{"not_picked":["HollowMod:DoubleDash","HollowMod:GrimmsGift"],"picked":"HollowMod:PerfectDash","floor":20.0},{"not_picked":["HollowMod:SiblingsShadow","HollowMod:InfectedAttack+1"],"picked":"HollowMod:GoodIntentions","floor":22.0},{"not_picked":["HollowMod:LifebloodCocoon","HollowMod:NewJinnsSoul"],"picked":"HollowMod:CrystalDash+1","floor":25.0},{"not_picked":["HollowMod:LifebloodCocoon+1","HollowMod:Grubsong"],"picked":"HollowMod:SlysStrikes","floor":28}],"player_experience":511454,"relics_obtained":[{"floor":6.0,"key":"Replay:PocketPolymizer"},{"floor":9.0,"key":"Calipers"},{"floor":13.0,"key":"Replay:WaspNest"},{"floor":17.0,"key":"Boot"},{"floor":17.0,"key":"Divine Protection"},{"floor":17.0,"key":"Turnip"},{"floor":26.0,"key":"HollowMod:StagPassRelic"}],"event_choices":[{"damage_healed":0.0,"max_hp_gain":0.0,"max_hp_loss":0.0,"gold_gain":0.0,"event_name":"Shining Light","player_choice":"Entered Light","floor":2.0,"gold_loss":0.0,"damage_taken":15.0,"cards_upgraded":["HollowMod:NailStrikeStart","HollowMod:QuickDashStart"]},{"damage_healed":0.0,"max_hp_gain":0.0,"max_hp_loss":0.0,"gold_gain":0.0,"cards_transformed":["HollowMod:QuickDashStart"],"event_name":"Transmorgrifier","player_choice":"Transformed","floor":3.0,"gold_loss":0.0,"damage_taken":0.0,"cards_obtained":["HollowMod:HeavyBlow"]},{"cards_removed":["HollowMod:NailStrikeStart"],"damage_healed":0.0,"max_hp_gain":0.0,"max_hp_loss":0.0,"gold_gain":0.0,"event_name":"Living Wall","player_choice":"Forget","floor":7.0,"gold_loss":0.0,"damage_taken":0.0},{"damage_healed":0.0,"max_hp_gain":0.0,"max_hp_loss":0.0,"gold_gain":0.0,"event_name":"Vampires","player_choice":"Ignored","floor":19.0,"gold_loss":0.0,"damage_taken":0.0},{"damage_healed":0.0,"max_hp_gain":0.0,"max_hp_loss":0.0,"gold_gain":200.0,"event_name":"Wheel of Change","player_choice":"Gold","floor":24.0,"gold_loss":0.0,"damage_taken":0.0}],"is_beta":false,"boss_relics":[{"not_picked":["Tiny House","Pandora\u0027s Box"],"picked":"Calling Bell"}],"items_purged_floors":[27],"is_endless":false,"potions_floor_spawned":[4,5,13,22],"killed_by":"Book of Stabbing","ascension_level":0}}