{"host":"wha9hktbkslqvblg","time":1609549721,"event":{"mods":["BaseMod","Colored Map","Minty Spire (QoL Compilation)","Relic Stats","SuperFastMode","everything is the same but u backflip on backflip"],"gold_per_floor":[112,126,126,126,23,23,55,55,81,93,128,128,162,173,173,173,173],"floor_reached":16,"playtime":234,"items_purged":["Strike_R"],"score":286,"play_id":"628d8cd4-77ab-4017-9155-d276e4e84e8a","local_time":"20210102100841","is_ascension_mode":true,"campfire_choices":[{"data":"Blood for Blood","floor":6.0,"key":"SMITH"},{"data":"Dual Wield","floor":12.0,"key":"SMITH"},{"data":"Blood for Blood","floor":15.0,"key":"SMITH"}],"circlet_count":0,"master_deck":["AscendersBane","Strike_R","Strike_R+1","Strike_R","Defend_R","Defend_R","Defend_R","Defend_R+1","Bash","Blood for Blood+1","Blood for Blood+1","Shrug It Off","Dual Wield+1"],"relics":["Burning Blood","NeowsBlessing","Tiny Chest","Du-Vu Doll","Blood Vial"],"acts_visited":["Exordium"],"potions_floor_usage":[16,16],"damage_taken":[{"damage":0.0,"enemies":"Cultist","floor":1.0,"turns":1.0},{"damage":0.0,"enemies":"Jaw Worm","floor":2.0,"turns":1.0},{"damage":0.0,"enemies":"Lagavulin","floor":7.0,"turns":2.0},{"damage":2.0,"enemies":"2 Louse","floor":10.0,"turns":2.0},{"damage":17.0,"enemies":"3 Sentries","floor":11.0,"turns":7.0},{"damage":32.0,"enemies":"Gremlin Nob","floor":13.0,"turns":4.0},{"damage":3.0,"enemies":"Exordium Wildlife","floor":14.0,"turns":5.0},{"damage":17,"enemies":"The Guardian","floor":16,"turns":5}],"seed_played":"-3210287769413512924","potions_obtained":[{"floor":1.0,"key":"Fire Potion"},{"floor":7.0,"key":"EssenceOfSteel"},{"floor":10.0,"key":"LiquidBronze"},{"floor":14.0,"key":"SkillPotion"}],"is_trial":false,"path_per_floor":["M","M","?","?","$","R","E","$","T","M","E","R","E","M","R","B"],"character_chosen":"IRONCLAD","items_purchased":["Shrug It Off"],"campfire_rested":0,"item_purchase_floors":[5],"current_hp_per_floor":[74,75,52,52,52,52,58,58,58,62,51,51,25,30,30,15,15],"gold":173,"neow_bonus":"THREE_ENEMY_KILL","is_daily":false,"chose_seed":false,"campfire_upgraded":3,"win_rate":0.0,"timestamp":1609549721,"path_taken":["M","?","?","?","?","R","E","$","T","M","E","R","E","?","R","BOSS"],"items_purchased_type":["Card"],"build_version":"2020-12-22","purchased_purges":1,"victory":false,"max_hp_per_floor":[75,75,75,75,75,75,75,75,75,75,75,75,75,75,75,75,75],"relic_stats":{"Blood Vial":4,"counters":[8,27],"Tiny Chest":0,"obtain_stats":[{"Du-Vu Doll":11,"Blood Vial":13,"NeowsBlessing":0,"Tiny Chest":7,"Burning Blood":0},{"Du-Vu Doll":5,"Blood Vial":6,"NeowsBlessing":0,"Tiny Chest":3,"Burning Blood":0},{"Du-Vu Doll":13,"Blood Vial":17,"NeowsBlessing":0,"Tiny Chest":4,"Burning Blood":0}],"Burning Blood":37},"card_choices":[{"not_picked":["Infernal Blade","Bloodletting"],"picked":"Blood for Blood","floor":1.0},{"not_picked":["Twin Strike","Metallicize","Anger"],"picked":"SKIP","floor":2.0},{"not_picked":["Clash","Limit Break","Blood for Blood"],"picked":"SKIP","floor":7.0},{"not_picked":["Wild Strike","Shrug It Off"],"picked":"Dual Wield","floor":10.0},{"not_picked":["Headbutt","Anger","Shrug It Off"],"picked":"SKIP","floor":11.0},{"not_picked":["Rampage","Clash","Seeing Red"],"picked":"SKIP","floor":13.0},{"not_picked":["Flex","Armaments","True Grit"],"picked":"SKIP","floor":14.0}],"player_experience":923668,"relics_obtained":[{"floor":7.0,"key":"Tiny Chest"},{"floor":11.0,"key":"Du-Vu Doll"},{"floor":13.0,"key":"Blood Vial"}],"event_choices":[{"damage_healed":0.0,"max_hp_gain":0.0,"max_hp_loss":0.0,"gold_gain":0.0,"event_name":"Shining Light","player_choice":"Entered Light","floor":3.0,"gold_loss":0.0,"damage_taken":23.0,"cards_upgraded":["Defend_R","Strike_R"]},{"damage_healed":0.0,"max_hp_gain":0.0,"max_hp_loss":0.0,"gold_gain":0.0,"cards_transformed":["Strike_R"],"event_name":"Living Wall","player_choice":"Change","floor":4.0,"gold_loss":0.0,"damage_taken":0.0,"cards_obtained":["Blood for Blood"]}],"is_beta":false,"boss_relics":[],"items_purged_floors":[5],"is_endless":false,"potions_floor_spawned":[1,7,10,14],"killed_by":"The Guardian","ascension_level":20}}