{"host":"b7j598ve05halrwk","time":1609631780,"event":{"mods":["2.2 Compatiblity","BaseMod","Block Reminder","DeckTracker","Minty Spire (QoL Compilation)","Relic Stats","Slay the Relics Exporter","StSLib","ojb\u0027s Info Mod"],"gold_per_floor":[117,133,144,66,66,66,110,110,137,137,160,175,200,234,234,330,330,344,8,8,27,58,58,102,102,102,27,67,67,105,117,117],"floor_reached":31,"playtime":2184,"items_purged":[],"score":652,"play_id":"67caf6f9-69fa-4467-8e58-26f3a0d3a92f","local_time":"20210102185620","is_ascension_mode":true,"campfire_choices":[{"data":"Metamorphosis","floor":6,"key":"SMITH"},{"data":"Coolheaded","floor":10,"key":"SMITH"},{"data":"Turbo","floor":15,"key":"SMITH"},{"data":"Hologram","floor":23,"key":"SMITH"},{"floor":25,"key":"REST"}],"circlet_count":0,"master_deck":["AscendersBane","Strike_B","Strike_B","Strike_B","Defend_B","Defend_B","Defend_B","Defend_B+1","Zap","Dualcast","Metamorphosis+1","Rebound","BootSequence+1","Conserve Battery","Ball Lightning","Coolheaded+1","Compile Driver","Static Discharge","Leap","Turbo+1","Sweeping Beam","Echo Form","Skim","Stack","Ghostly","Ghostly","Ghostly","Hologram+1","Steam","Biased Cognition","Skim"],"relics":["Cracked Core","Golden Idol","War Paint","Lantern","DataDisk","Cursed Key","Gremlin Horn","Red Mask","Bird Faced Urn","Shuriken","MawBank"],"acts_visited":["Exordium","TheCity"],"potions_floor_usage":[21,24,28,30],"damage_taken":[{"damage":0,"enemies":"Cultist","floor":1,"turns":3},{"damage":7,"enemies":"Jaw Worm","floor":2,"turns":3},{"damage":3,"enemies":"Small Slimes","floor":3,"turns":3},{"damage":11,"enemies":"Gremlin Nob","floor":7,"turns":3},{"damage":16,"enemies":"Exordium Wildlife","floor":11,"turns":4},{"damage":0,"enemies":"Large Slime","floor":12,"turns":3},{"damage":0,"enemies":"2 Fungi Beasts","floor":13,"turns":4},{"damage":5,"enemies":"3 Sentries","floor":14,"turns":3},{"damage":8,"enemies":"Hexaghost","floor":16,"turns":9},{"damage":16,"enemies":"2 Thieves","floor":18,"turns":5},{"damage":10,"enemies":"Shell Parasite","floor":21,"turns":6},{"damage":4,"enemies":"Masked Bandits","floor":22,"turns":4},{"damage":11,"enemies":"Book of Stabbing","floor":24,"turns":5},{"damage":0,"enemies":"Slavers","floor":28,"turns":5},{"damage":22,"enemies":"Book of Stabbing","floor":30,"turns":5},{"damage":10,"enemies":"Cultist and Chosen","floor":31,"turns":5}],"seed_played":"3290990637999724892","potions_obtained":[{"floor":7,"key":"Dexterity Potion"},{"floor":12,"key":"Energy Potion"},{"floor":22,"key":"LiquidBronze"},{"floor":24,"key":"Fire Potion"}],"is_trial":false,"path_per_floor":["M","M","M","$","?","R","E","?","T","R","M","M","M","E","R","B",null,"M","$","?","M","?","R","E","R","T","?","E","$","E","M"],"character_chosen":"DEFECT","items_purchased":["Ball Lightning","Coolheaded","Gremlin Horn","Stack"],"campfire_rested":1,"item_purchase_floors":[4,4,19,19],"current_hp_per_floor":[46,39,36,36,36,36,25,46,46,46,30,30,30,25,25,17,52,36,36,32,22,18,18,7,16,16,16,20,20,2,0,0],"gold":117,"neow_bonus":"RANDOM_COLORLESS_2","is_daily":false,"chose_seed":false,"campfire_upgraded":4,"win_rate":0.0,"timestamp":1609631780,"path_taken":["M","M","?","?","?","R","E","?","T","R","M","M","M","E","R","BOSS","M","$","?","M","?","R","E","R","T","?","E","$","E","?"],"items_purchased_type":["Card","Card","Relic","Card"],"build_version":"2020-12-22","purchased_purges":0,"victory":false,"max_hp_per_floor":[71,71,71,71,64,64,64,64,64,64,64,64,64,64,64,64,64,64,64,32,32,32,32,32,32,32,32,32,32,32,32,32],"relic_stats":{"Gremlin Horn":[5,5],"counters":[16,70],"Golden Idol":86,"Shuriken":[2],"Bird Faced Urn":[14],"War Paint":["Defend_B","BootSequence"],"Cursed Key":0,"MawBank":12,"obtain_stats":[{"Lantern":9,"DataDisk":14,"Gremlin Horn":19,"Golden Idol":5,"Shuriken":28,"Bird Faced Urn":24,"Red Mask":22,"War Paint":7,"Cracked Core":0,"Cursed Key":17,"MawBank":30},{"Lantern":4,"DataDisk":8,"Gremlin Horn":10,"Golden Idol":3,"Shuriken":14,"Bird Faced Urn":13,"Red Mask":12,"War Paint":4,"Cracked Core":0,"Cursed Key":9,"MawBank":15},{"Lantern":12,"DataDisk":26,"Gremlin Horn":40,"Golden Idol":9,"Shuriken":60,"Bird Faced Urn":55,"Red Mask":50,"War Paint":12,"Cracked Core":0,"Cursed Key":35,"MawBank":65}]},"card_choices":[{"not_picked":["Violence","Panache"],"picked":"Metamorphosis","floor":0},{"not_picked":["White Noise","Darkness"],"picked":"Rebound","floor":1},{"not_picked":["Auto Shields","Double Energy"],"picked":"BootSequence","floor":2},{"not_picked":["Go for the Eyes","Beam Cell"],"picked":"Conserve Battery","floor":3},{"not_picked":["Cold Snap","Darkness"],"picked":"Compile Driver","floor":7},{"not_picked":["BootSequence","Sweeping Beam"],"picked":"Static Discharge","floor":11},{"not_picked":["Buffer","Rebound"],"picked":"Leap","floor":12},{"not_picked":["Chaos","Gash"],"picked":"Turbo","floor":13},{"not_picked":["Stack","Ball Lightning"],"picked":"Sweeping Beam","floor":14},{"not_picked":["Reboot","Seek"],"picked":"Echo Form","floor":16},{"not_picked":["Melter","Chaos"],"picked":"Skim","floor":18},{"not_picked":["Coolheaded","Conserve Battery","Cold Snap"],"picked":"SKIP","floor":21},{"not_picked":["Capacitor","Melter+1"],"picked":"Hologram","floor":22},{"not_picked":["Compile Driver","Force Field"],"picked":"Steam","floor":24},{"not_picked":["Hello World","Double Energy"],"picked":"Biased Cognition","floor":28},{"not_picked":["Barrage+1","Redo"],"picked":"Skim","floor":30}],"player_experience":775687,"relics_obtained":[{"floor":7,"key":"War Paint"},{"floor":9,"key":"Lantern"},{"floor":14,"key":"DataDisk"},{"floor":22,"key":"Red Mask"},{"floor":24,"key":"Bird Faced Urn"},{"floor":28,"key":"Shuriken"},{"floor":30,"key":"MawBank"}],"event_choices":[{"damage_healed":0,"gold_gain":0,"player_choice":"Lose Max HP","damage_taken":0,"relics_obtained":["Golden Idol"],"max_hp_gain":0,"max_hp_loss":7,"event_name":"Golden Idol","floor":5,"gold_loss":0},{"damage_healed":21,"gold_gain":0,"player_choice":"Banana","damage_taken":0,"max_hp_gain":0,"max_hp_loss":0,"event_name":"Big Fish","floor":8,"gold_loss":0},{"damage_healed":0,"gold_gain":0,"player_choice":"Became a Ghost","damage_taken":0,"max_hp_gain":0,"max_hp_loss":32,"event_name":"Ghosts","floor":20,"gold_loss":0,"cards_obtained":["Ghostly","Ghostly","Ghostly"]},{"damage_healed":0,"gold_gain":0,"player_choice":"Fought Bandits","damage_taken":0,"max_hp_gain":0,"max_hp_loss":0,"event_name":"Masked Bandits","floor":22,"gold_loss":0},{"cards_removed":["Strike_B"],"damage_healed":0,"gold_gain":0,"player_choice":"Gave Gold","damage_taken":0,"max_hp_gain":0,"max_hp_loss":0,"event_name":"Beggar","floor":27,"gold_loss":75}],"is_beta":false,"boss_relics":[{"not_picked":["Snecko Eye","Black Star"],"picked":"Cursed Key"}],"items_purged_floors":[],"is_endless":false,"potions_floor_spawned":[7,12,13,22,24],"killed_by":"Cultist and Chosen","ascension_level":20}}