{"host":"4w8ocelhatf0iefc","time":1609552107,"event":{"mods":["AchievementEnabler","Act Like it!","Aspiration","BaseMod","Colored Map","Colored Powertips","Downfall","GifTheSpireLib","Hubris","Minty Spire (QoL Compilation)","Replay The Spire","StSLib","The Cursed","vexMod"],"gold_per_floor":[99,117,217,234,250,250,277,311,327,427,427,440,440,469,482,482,482,482],"floor_reached":16,"playtime":682,"items_purged":[],"score":123,"play_id":"e557c7bd-f1eb-434e-9b12-7f74b2563ec0","local_time":"20210102094827","is_ascension_mode":true,"campfire_choices":[{"data":"champ:Taunt","floor":1.0,"key":"SMITH"},{"data":"champ:DefensiveShout","floor":6.0,"key":"SMITH"},{"floor":11,"key":"REST"}],"circlet_count":0,"master_deck":["champ:Strike","champ:Strike","champ:Strike","champ:Strike","champ:Defend","champ:Defend","champ:Defend","champ:Defend","champ:Execute","champ:Taunt+1","champ:Circumvent","champ:RapidStrikes","champ:DefensiveShout+1","champ:ArenaPreparation","champ:Backstep","champ:ArenaPreparation","champ:CrownThrow","Injury","champ:DeathBlow+1","champ:FlashCut+1"],"relics":["champ:ChampionCrown","Oddly Smooth Stone","Matryoshka","Champion Belt","Molten Egg 2","hubris:GlazedTorus"],"acts_visited":["Exordium"],"potions_floor_usage":[10,16,16],"damage_taken":[{"damage":6.0,"enemies":"Small Slimes","floor":2.0,"turns":4.0},{"damage":2.0,"enemies":"Cultist","floor":4.0,"turns":4.0},{"damage":9.0,"enemies":"Jaw Worm","floor":5.0,"turns":5.0},{"damage":36.0,"enemies":"Lagavulin","floor":8.0,"turns":7.0},{"damage":11,"enemies":"2 Fungi Beasts","floor":9,"turns":5},{"damage":35,"enemies":"2 Fungi Beasts","floor":10,"turns":4},{"damage":14,"enemies":"3 Louse","floor":12,"turns":4},{"damage":55,"enemies":"Gremlin Nob","floor":14,"turns":5},{"damage":17,"enemies":"2 Fungi Beasts","floor":15,"turns":3},{"damage":20,"enemies":"downfall:Silent","floor":16,"turns":7}],"seed_played":"8374488865943204149","potions_obtained":[{"floor":2.0,"key":"champ:UltimateStancePotion"},{"floor":4.0,"key":"Toxic Potion"},{"floor":9,"key":"Ancient Potion"},{"floor":15,"key":"Explosive Potion"}],"is_trial":false,"path_per_floor":["R","M","?","M","M","R","T","E","M","?","R","M","?","E","M","B"],"character_chosen":"THE_CHAMP","items_purchased":[],"campfire_rested":1,"item_purchase_floors":[],"current_hp_per_floor":[99,98,98,96,92,92,92,66,60,38,67,63,63,18,18,0,0,0],"gold":482,"neow_bonus":"TEN_PERCENT_HP_BONUS","is_daily":false,"chose_seed":false,"campfire_upgraded":2,"win_rate":0.0,"timestamp":1609552107,"path_taken":["R","M","?","?","M","R","T","E","M","?","R","M","?","E","M","BOSS"],"items_purchased_type":[],"build_version":"2020-12-22","purchased_purges":0,"victory":false,"max_hp_per_floor":[99,99,99,99,99,99,99,99,99,99,99,99,99,99,99,99,99,99],"card_choices":[{"not_picked":["champ:Backstep","champ:DeathBlow"],"picked":"champ:Circumvent","floor":2.0},{"not_picked":["champ:FanOfKnives","champ:Circumvent"],"picked":"champ:RapidStrikes","floor":4.0},{"not_picked":["champ:BerserkersShout","champ:Haymaker"],"picked":"champ:DefensiveShout","floor":5.0},{"not_picked":["champ:BladeFlurry","champ:EndlessRage"],"picked":"champ:ArenaPreparation","floor":8.0},{"not_picked":["champ:GladiatorsShout","champ:FaceSlap"],"picked":"champ:Backstep","floor":9},{"not_picked":["champ:FocusedBerserking","champ:CrookedStrike"],"picked":"champ:ArenaPreparation","floor":10},{"not_picked":["champ:FocusedGladiator","champ:BerserkersShout"],"picked":"champ:CrownThrow","floor":12},{"not_picked":["champ:Circumvent","champ:EnragedBash+1"],"picked":"champ:DeathBlow+1","floor":14},{"not_picked":["champ:Control","champ:HeartStrike+1"],"picked":"champ:FlashCut+1","floor":15}],"player_experience":538665,"relics_obtained":[{"floor":7.0,"key":"Oddly Smooth Stone"},{"floor":8.0,"key":"Matryoshka"},{"floor":10,"key":"Champion Belt"},{"floor":14,"key":"hubris:GlazedTorus"}],"event_choices":[],"is_beta":false,"boss_relics":[],"items_purged_floors":[],"is_endless":false,"potions_floor_spawned":[2,4,9,15],"killed_by":"downfall:Silent","ascension_level":2}}