{"host":"bor2qt8pkh75ni8l","time":1609589701,"event":{"mods":["Act Like it!","BaseMod","Bestiary","Downfall","Minty Spire (QoL Compilation)","Relic Stats","StSLib"],"gold_per_floor":[99,109,126,226,238,238,238,263,200,224,236,278,290,302,325,441,453,465,491,522,551,91,103,129,144,157,157,107,44,44,59,77,177,177,177,192,210,98,15,33,85,96,96,96,96,113,113],"floor_reached":48,"playtime":3281,"items_purged":["champ:PerfectForm"],"score":700,"play_id":"5cb4a064-f01d-4da1-bac5-cfc634d4e7bf","local_time":"20210102041501","is_ascension_mode":true,"campfire_choices":[{"data":"champ:Execute","floor":1.0,"key":"SMITH"},{"data":"champ:Defend","floor":9.0,"key":"PURGE"},{"data":"champ:SkillfulDodge","floor":11.0,"key":"SMITH"},{"data":"champ:Circumvent","floor":13.0,"key":"SMITH"},{"data":"champ:LastStand","floor":18,"key":"PURGE"},{"data":"champ:DefensiveStyle","floor":27,"key":"SMITH"},{"data":"champ:FlashCut","floor":30,"key":"SMITH"},{"data":"champ:Taunt","floor":35,"key":"SMITH"},{"data":"champ:ShieldWall","floor":44,"key":"SMITH"}],"circlet_count":0,"master_deck":["champ:Execute+1","champ:Taunt+1","champ:SkillfulDodge+1","champ:Balance","champ:Circumvent+1","champ:FocusedDefense+1","champ:DefensiveStyle+1","champ:ShieldSlam","champ:FocusedGladiator+1","champ:ShieldWall+1","champ:Control+1","champ:CrownThrow+1","champ:Circumvent+1","champ:BringItOn+1","champ:Devastate+1","champ:HoldFirm+1","Discovery+1","champ:TornadoPunch","champ:Lariat+1","champ:Circumvent+1","champ:BringItOn+1","champ:FlashCut+1","champ:ShieldSigil+1","champ:FalseCounter+1","champ:HoldFirm+1","champ:ShieldSigil+1","champ:Lariat+1","Impatience+1","champ:SkillfulDodge+1","champ:EnGarde+1","Clumsy","champ:ShieldSigil+1","expansioncontent:PolyBeam","champ:BringItOn+1"],"relics":["champ:ChampionCrown","Ice Cream","Peace Pipe","Singing Bowl","MawBank","downfall:HeartBlessingGreen","Toxic Egg 2","Pandora\u0027s Box","Whetstone","champ:DefensiveTrainingManual","Cursed Key","Juzu Bracelet","Calipers","downfall:TeleportStone"],"acts_visited":["TheCity","TheBeyond"],"potions_floor_usage":[16,16,16,47],"damage_taken":[{"damage":6.0,"enemies":"Cultist","floor":2.0,"turns":3.0},{"damage":7.0,"enemies":"Jaw Worm","floor":3.0,"turns":4.0},{"damage":10.0,"enemies":"Small Slimes","floor":5.0,"turns":3.0},{"damage":39.0,"enemies":"3 Sentries","floor":8.0,"turns":11.0},{"damage":8.0,"enemies":"Gremlin Gang","floor":10.0,"turns":5.0},{"damage":26.0,"enemies":"Gremlin Nob","floor":12.0,"turns":4.0},{"damage":5,"enemies":"Large Slime","floor":15,"turns":6},{"damage":23,"enemies":"downfall:Ironclad","floor":16,"turns":10},{"damage":3,"enemies":"3 Byrds","floor":19,"turns":5},{"damage":0,"enemies":"Spheric Guardian","floor":20,"turns":4},{"damage":18,"enemies":"Shelled Parasite and Fungi","floor":21,"turns":6},{"damage":19,"enemies":"downfall:FleeingMerchant","floor":22,"turns":4},{"damage":20,"enemies":"Snecko","floor":23,"turns":4},{"damage":1,"enemies":"Snake Plant","floor":25,"turns":3},{"damage":9,"enemies":"Chosen and Byrds","floor":26,"turns":4},{"damage":20,"enemies":"downfall:FleeingMerchant","floor":29,"turns":4},{"damage":2,"enemies":"Cultist and Chosen","floor":31,"turns":4},{"damage":13,"enemies":"Shelled Parasite and Fungi","floor":32,"turns":3},{"damage":23,"enemies":"downfall:Silent","floor":33,"turns":8},{"damage":0,"enemies":"Orb Walker","floor":36,"turns":4},{"damage":0,"enemies":"3 Darklings","floor":37,"turns":5},{"damage":0,"enemies":"downfall:FleeingMerchant","floor":38,"turns":4},{"damage":5,"enemies":"downfall:FleeingMerchant","floor":39,"turns":4},{"damage":0,"enemies":"Maw","floor":40,"turns":6},{"damage":0,"enemies":"downfall:FleeingMerchant","floor":42,"turns":1},{"damage":4,"enemies":"Writhing Mass","floor":46,"turns":5},{"damage":56,"enemies":"downfall:Watcher","floor":47,"turns":7}],"seed_played":"-2614467520491426883","potions_obtained":[{"floor":2.0,"key":"Block Potion"},{"floor":8.0,"key":"GamblersBrew"},{"floor":10.0,"key":"PowerPotion"},{"floor":15,"key":"ColorlessPotion"},{"floor":19,"key":"hexamod:EctoCoolerPotion"},{"floor":23,"key":"Explosive Potion"},{"floor":25,"key":"DistilledChaos"},{"floor":32,"key":"AttackPotion"}],"is_trial":false,"path_per_floor":["R","M","M","?","M","T","T","E","R","M","R","E","R","?","M","B",null,"R","M","M","M","$","M","T","M","M","R","?","$","R","M","M","B",null,"R","M","M","$","$","M","T","$","?","R","?","M","B",null],"character_chosen":"THE_CHAMP","items_purchased":["champ:HoldFirm+1","Whetstone","Discovery+1","champ:FlashCut","Impatience+1","champ:EnGarde+1","Calipers","champ:ShieldSigil+1"],"campfire_rested":0,"item_purchase_floors":[22,22,22,29,38,39,42,42],"current_hp_per_floor":[81,80,78,78,73,73,73,56,56,55,55,34,34,19,19,23,85,85,85,85,69,71,59,59,58,49,49,81,76,76,76,63,40,89,89,89,91,91,91,93,93,95,95,95,89,85,73],"gold":113,"neow_bonus":"ONE_RARE_RELIC","is_daily":false,"chose_seed":false,"campfire_upgraded":7,"win_rate":0.0,"timestamp":1609589701,"path_taken":["R","M","?","?","M","?","T","E","R","M","R","E","R","?","M","BOSS","R","M","?","M","$","M","T","M","?","R","?","?","R","M","M","BOSS","R","M","M","?","$","?","T","?","?","R","?","M","BOSS"],"items_purchased_type":["Card","Relic","Card","Card","Card","Card","Relic","Card"],"build_version":"2020-12-22","purchased_purges":1,"victory":true,"max_hp_per_floor":[81,81,81,81,81,81,81,83,83,85,85,85,85,85,85,85,85,85,85,85,87,89,89,89,89,89,89,89,89,89,89,89,89,89,89,89,91,91,91,93,93,95,95,95,99,99,99],"relic_stats":{"Peace Pipe":4,"Singing Bowl":18,"counters":[27,131],"Pandora\u0027s Box":["champ:LastStand","champ:FocusedGladiator","champ:ShieldWall","champ:Control","champ:CrownThrow","champ:PerfectForm","champ:Circumvent"],"Juzu Bracelet":1,"Whetstone":["champ:Devastate","champ:CrownThrow"],"MawBank":168,"Cursed Key":1,"obtain_stats":[{"Ice Cream":0,"Calipers":42,"Singing Bowl":7,"champ:ChampionCrown":0,"downfall:HeartBlessingGreen":9,"downfall:TeleportStone":43,"Juzu Bracelet":41,"Whetstone":22,"MawBank":8,"Cursed Key":34,"Peace Pipe":6,"champ:DefensiveTrainingManual":24,"Pandora\u0027s Box":17,"Toxic Egg 2":12},{"Ice Cream":0,"Calipers":25,"Singing Bowl":3,"champ:ChampionCrown":0,"downfall:HeartBlessingGreen":4,"downfall:TeleportStone":25,"Juzu Bracelet":24,"Whetstone":12,"MawBank":4,"Cursed Key":19,"Peace Pipe":3,"champ:DefensiveTrainingManual":13,"Pandora\u0027s Box":8,"Toxic Egg 2":6},{"Ice Cream":0,"Calipers":119,"Singing Bowl":10,"champ:ChampionCrown":0,"downfall:HeartBlessingGreen":21,"downfall:TeleportStone":119,"Juzu Bracelet":118,"Whetstone":65,"MawBank":21,"Cursed Key":95,"Peace Pipe":10,"champ:DefensiveTrainingManual":69,"Pandora\u0027s Box":46,"Toxic Egg 2":30}]},"card_choices":[{"not_picked":["champ:Shatter","champ:PerfectedStrike"],"picked":"champ:SkillfulDodge","floor":2.0},{"not_picked":["champ:TornadoPunch","champ:GladiatorStyle"],"picked":"champ:Balance","floor":3.0},{"not_picked":["champ:CrookedStrike","champ:GutPunch"],"picked":"champ:Circumvent","floor":5.0},{"not_picked":["champ:CrookedStrike","champ:FanOfKnives","champ:SwordThrow"],"picked":"Singing Bowl","floor":8.0},{"not_picked":["champ:FocusedBerserking","champ:GutPunch","champ:FightOn"],"picked":"Singing Bowl","floor":10.0},{"not_picked":["champ:RageSigil+1","champ:CalledShot"],"picked":"champ:FocusedDefense+1","floor":12.0},{"not_picked":["champ:Backstep+1","champ:FanOfKnives"],"picked":"champ:DefensiveStyle","floor":15},{"not_picked":["champ:IgnorePain+1","champ:VampiricStrike"],"picked":"champ:ShieldSlam","floor":16},{"not_picked":["champ:Backstep+1","champ:StanceDance+1"],"picked":"champ:BringItOn+1","floor":19},{"not_picked":["champ:PerfectedStrike+1","champ:GutPunch"],"picked":"champ:Devastate","floor":20},{"not_picked":["champ:FocusedDefense+1","champ:BladeFlurry","champ:ArenaPreparation+1"],"picked":"Singing Bowl","floor":21},{"not_picked":["champ:AdrenalArmor+1","champ:SteelEdge","champ:GladiatorStyle+1"],"picked":"Singing Bowl","floor":22},{"not_picked":["champ:AdrenalArmor+1","champ:Encircle"],"picked":"champ:TornadoPunch","floor":23},{"not_picked":["champ:Backstep+1","champ:FaceSlap"],"picked":"champ:Lariat+1","floor":25},{"not_picked":["champ:BringItOn+1","champ:Lariat+1"],"picked":"champ:Circumvent+1","floor":26},{"not_picked":["champ:TornadoPunch","champ:Balance+1"],"picked":"champ:BringItOn+1","floor":29},{"not_picked":["champ:RapidStrikes","champ:AdrenalArmor+1"],"picked":"champ:ShieldSigil+1","floor":31},{"not_picked":["champ:Riposte+1","champ:Encircle"],"picked":"champ:FalseCounter+1","floor":32},{"not_picked":["champ:LastStand","champ:CrownThrow"],"picked":"champ:HoldFirm+1","floor":33},{"not_picked":["champ:TornadoPunch+1","champ:FocusedBerserking+1"],"picked":"champ:ShieldSigil+1","floor":36},{"not_picked":["champ:PerfectedStrike+1","champ:BringItOn+1","champ:ArenaPreparation+1"],"picked":"Singing Bowl","floor":37},{"not_picked":["champ:Riposte+1","champ:FightOn"],"picked":"champ:Lariat+1","floor":38},{"not_picked":["champ:AdrenalArmor+1","champ:CrookedStrike"],"picked":"champ:SkillfulDodge+1","floor":39},{"not_picked":["champ:FanOfKnives+1","champ:CrookedStrike+1","champ:Aggression+1"],"picked":"Singing Bowl","floor":40},{"not_picked":["champ:Haymaker+1","champ:BerserkerStyle+1","champ:GladiatorsShout+1"],"picked":"Singing Bowl","floor":42},{"not_picked":["expansioncontent:LastStand","expansioncontent:Torchfire"],"picked":"expansioncontent:PolyBeam","floor":45},{"not_picked":["expansioncontent:GoopSpray+1","expansioncontent:Hexaburn","expansioncontent:FaceSlap"],"picked":"Singing Bowl","floor":45},{"not_picked":["expansioncontent:CaCaw","expansioncontent:Hexaburn","expansioncontent:DarkVoid"],"picked":"Singing Bowl","floor":45},{"not_picked":["champ:RageSigil+1","champ:ArenaPreparation+1"],"picked":"champ:BringItOn+1","floor":46}],"player_experience":586326,"relics_obtained":[{"floor":6.0,"key":"Peace Pipe"},{"floor":7.0,"key":"Singing Bowl"},{"floor":8.0,"key":"MawBank"},{"floor":12.0,"key":"Toxic Egg 2"},{"floor":24,"key":"champ:DefensiveTrainingManual"},{"floor":41,"key":"Juzu Bracelet"}],"event_choices":[],"is_beta":false,"boss_relics":[{"not_picked":["downfall:Hecktoplasm","Fusion Hammer"],"picked":"Pandora\u0027s Box"},{"not_picked":["Sozu","SacredBark"],"picked":"Cursed Key"}],"items_purged_floors":[22],"is_endless":false,"potions_floor_spawned":[2,8,10,15,19,23,25,32,33,46],"ascension_level":1}}