{"host":"pfy6u49v5s5r680p","time":1609578747,"event":{"mods":["BaseMod","Colored Map","DeckTracker","Highlight Path","Keyboard Shortcuts","Minty Spire (QoL Compilation)","Permanent Neow","Quick Restart","StSLib","SuperFastMode","everything is the same but u backflip on backflip"],"gold_per_floor":[116,41,55,65,65,65,98,98,98,110,121,121,121,151,151,256,256,270,270,287,386,306,306,336,336,408,114,146,165,177,57,57,158,158,172,184,121,132,132,132,160,160,160,160,176,189,189,218,218,322,322,339,353,84,98,56,89,109,125,125,144,176,176,17,36,36,131,131,150,50,63,75,12,39,55,55,82,82,95,113,125,153,153,258,258,272,286,305,321,336,336,336,352,382,92,121,121,59,69,69,169,169,184,184,59,59,86,121,121,45,71,91,126,141,153,186,186,282,282,293,293,218,218,233,243,256,58,90,90,115,130,130,68,68,168,168,180,193,43,56,56,56],"floor_reached":141,"playtime":3352,"items_purged":["Cleave","Clothesline","Shockwave","Havoc+1","Offering+1","Warcry+1","Anger","Anger+1","Feed+1","Flex+1"],"score":4274,"play_id":"90c674f1-a35a-4c96-b327-e9e0bcb627be","local_time":"20210102181227","daily_mods":["Draft","Heirloom"],"is_ascension_mode":false,"campfire_choices":[{"data":"Havoc","floor":6.0,"key":"SMITH"},{"data":"Offering","floor":8.0,"key":"SMITH"},{"data":"Clash","floor":12.0,"key":"SMITH"},{"data":"Burning Pact","floor":15.0,"key":"SMITH"},{"data":"Warcry","floor":23.0,"key":"SMITH"},{"data":"Clash","floor":25.0,"key":"SMITH"},{"data":"Rage","floor":32.0,"key":"SMITH"},{"data":"Corruption","floor":40.0,"key":"SMITH"},{"data":"Flex","floor":42.0,"key":"SMITH"},{"data":"Clash","floor":44.0,"key":"SMITH"},{"data":"Flex","floor":49.0,"key":"SMITH"},{"data":"Feed","floor":63.0,"key":"SMITH"},{"data":"Flex","floor":66.0,"key":"SMITH"},{"data":"Flex","floor":76.0,"key":"SMITH"},{"data":"Flex","floor":83.0,"key":"SMITH"},{"data":"Anger","floor":91.0,"key":"SMITH"},{"data":"Second Wind","floor":97.0,"key":"SMITH"},{"data":"Anger","floor":100,"key":"SMITH"},{"data":"Barricade","floor":109,"key":"SMITH"},{"floor":117,"key":"REST"},{"data":"Fire Breathing","floor":129,"key":"SMITH"},{"floor":132,"key":"REST"},{"floor":134,"key":"REST"}],"circlet_count":0,"master_deck":["Seeing Red+1","Second Wind+1","Clash+1","Warcry+1","Flex+1","Clash+1","Rage+1","Clash+1","Corruption+1","Flex+1","Flex+1","Flex+1","Barricade+1","Master of Strategy+1","Seeing Red+1","Fire Breathing+1","Second Wind+1","Seek+1","White Noise+1"],"relics":["Unceasing Top","WingedGreaves","FossilizedHelix","The Courier","War Paint","Runic Cube","Mango","Eternal Feather","Shuriken","Pear","Empty Cage","Mercury Hourglass","Gremlin Horn","Dream Catcher","Sozu","Membership Card","Bag of Marbles","Ginger","Pantograph","Brimstone","Pen Nib","Toy Ornithopter","Philosopher\u0027s Stone","Oddly Smooth Stone","Anchor","Bag of Preparation","HandDrill","Runic Dome","Toxic Egg 2","Runic Pyramid","Centennial Puzzle","PrismaticShard","Black Star"],"acts_visited":["Exordium","TheCity","TheBeyond","Exordium","TheCity","TheBeyond","Exordium","TheCity","TheBeyond"],"potions_floor_usage":[],"damage_taken":[{"damage":0.0,"enemies":"2 Louse","floor":1.0,"turns":1.0},{"damage":2.0,"enemies":"Cultist","floor":3.0,"turns":1.0},{"damage":13.0,"enemies":"Jaw Worm","floor":4.0,"turns":2.0},{"damage":26.0,"enemies":"Lagavulin","floor":7.0,"turns":4.0},{"damage":2.0,"enemies":"Exordium Wildlife","floor":10.0,"turns":1.0},{"damage":0.0,"enemies":"Large Slime","floor":11.0,"turns":2.0},{"damage":0.0,"enemies":"Gremlin Nob","floor":14.0,"turns":1.0},{"damage":6.0,"enemies":"Hexaghost","floor":16.0,"turns":2.0},{"damage":13.0,"enemies":"2 Thieves","floor":18.0,"turns":2.0},{"damage":0.0,"enemies":"Spheric Guardian","floor":20.0,"turns":1.0},{"damage":2.0,"enemies":"Slavers","floor":24.0,"turns":1.0},{"damage":0.0,"enemies":"Book of Stabbing","floor":28.0,"turns":1.0},{"damage":2.0,"enemies":"Snake Plant","floor":29.0,"turns":1.0},{"damage":2.0,"enemies":"Centurion and Healer","floor":30.0,"turns":1.0},{"damage":4.0,"enemies":"Automaton","floor":33.0,"turns":1.0},{"damage":6.0,"enemies":"3 Darklings","floor":35.0,"turns":1.0},{"damage":0.0,"enemies":"Orb Walker","floor":36.0,"turns":1.0},{"damage":6.0,"enemies":"3 Darklings","floor":38.0,"turns":1.0},{"damage":0.0,"enemies":"Nemesis","floor":41.0,"turns":1.0},{"damage":0.0,"enemies":"Writhing Mass","floor":45.0,"turns":1.0},{"damage":0.0,"enemies":"4 Shapes","floor":46.0,"turns":1.0},{"damage":0.0,"enemies":"Reptomancer","floor":48.0,"turns":1.0},{"damage":52.0,"enemies":"Time Eater","floor":50.0,"turns":4.0},{"damage":0.0,"enemies":"Small Slimes","floor":52.0,"turns":1.0},{"damage":0.0,"enemies":"Jaw Worm","floor":53.0,"turns":1.0},{"damage":0.0,"enemies":"2 Louse","floor":55.0,"turns":1.0},{"damage":0.0,"enemies":"3 Sentries","floor":57.0,"turns":1.0},{"damage":0.0,"enemies":"Gremlin Gang","floor":58.0,"turns":1.0},{"damage":0.0,"enemies":"3 Louse","floor":59.0,"turns":1.0},{"damage":0.0,"enemies":"Lots of Slimes","floor":61.0,"turns":1.0},{"damage":0.0,"enemies":"Lagavulin","floor":62.0,"turns":1.0},{"damage":0.0,"enemies":"Large Slime","floor":65.0,"turns":1.0},{"damage":0.0,"enemies":"Hexaghost","floor":67.0,"turns":1.0},{"damage":0.0,"enemies":"Spheric Guardian","floor":69.0,"turns":1.0},{"damage":0.0,"enemies":"Shell Parasite","floor":71.0,"turns":1.0},{"damage":0.0,"enemies":"Snecko","floor":72.0,"turns":1.0},{"damage":0.0,"enemies":"Gremlin Leader","floor":74.0,"turns":1.0},{"damage":0.0,"enemies":"Centurion and Healer","floor":75.0,"turns":1.0},{"damage":0.0,"enemies":"Slavers","floor":77.0,"turns":1.0},{"damage":0.0,"enemies":"Shelled Parasite and Fungi","floor":79.0,"turns":1.0},{"damage":0.0,"enemies":"Chosen and Byrds","floor":80.0,"turns":1.0},{"damage":0.0,"enemies":"Snake Plant","floor":81.0,"turns":1.0},{"damage":0.0,"enemies":"Book of Stabbing","floor":82.0,"turns":1.0},{"damage":0.0,"enemies":"Automaton","floor":84.0,"turns":1.0},{"damage":0.0,"enemies":"3 Shapes","floor":86.0,"turns":1.0},{"damage":0.0,"enemies":"3 Darklings","floor":87.0,"turns":1.0},{"damage":0.0,"enemies":"Spire Growth","floor":88.0,"turns":1.0},{"damage":0.0,"enemies":"Transient","floor":89.0,"turns":1.0},{"damage":0.0,"enemies":"Maw","floor":90.0,"turns":1.0},{"damage":0.0,"enemies":"Jaw Worm Horde","floor":93.0,"turns":1.0},{"damage":0.0,"enemies":"Giant Head","floor":94.0,"turns":1.0},{"damage":0.0,"enemies":"Reptomancer","floor":96.0,"turns":1.0},{"damage":0,"enemies":"Transient","floor":99,"turns":1},{"damage":0,"enemies":"Donu and Deca","floor":101,"turns":1},{"damage":0,"enemies":"2 Louse","floor":103,"turns":1},{"damage":0,"enemies":"3 Sentries","floor":107,"turns":2},{"damage":0,"enemies":"Gremlin Nob","floor":108,"turns":1},{"damage":29,"enemies":"3 Sentries","floor":111,"turns":5},{"damage":0,"enemies":"Small Slimes","floor":112,"turns":1},{"damage":0,"enemies":"Lagavulin","floor":113,"turns":2},{"damage":0,"enemies":"Cultist","floor":114,"turns":1},{"damage":0,"enemies":"Large Slime","floor":115,"turns":2},{"damage":58,"enemies":"3 Sentries","floor":116,"turns":6},{"damage":0,"enemies":"The Guardian","floor":118,"turns":2},{"damage":0,"enemies":"2 Thieves","floor":120,"turns":2},{"damage":0,"enemies":"Shell Parasite","floor":124,"turns":1},{"damage":0,"enemies":"Snecko","floor":125,"turns":2},{"damage":0,"enemies":"3 Cultists","floor":126,"turns":2},{"damage":0,"enemies":"Slavers","floor":128,"turns":2},{"damage":0,"enemies":"Book of Stabbing","floor":130,"turns":2},{"damage":0,"enemies":"Snake Plant","floor":131,"turns":2},{"damage":0,"enemies":"Automaton","floor":135,"turns":4},{"damage":6,"enemies":"3 Shapes","floor":137,"turns":2},{"damage":0,"enemies":"Orb Walker","floor":138,"turns":2},{"damage":0,"enemies":"Spire Growth","floor":140,"turns":2},{"damage":162,"enemies":"Mind Bloom Boss Battle","floor":141,"turns":2}],"seed_played":"10","potions_obtained":[{"floor":1.0,"key":"BloodPotion"},{"floor":3.0,"key":"DistilledChaos"},{"floor":10.0,"key":"DuplicationPotion"},{"floor":20.0,"key":"CultistPotion"}],"is_trial":true,"path_per_floor":["M","$","M","M","$","R","E","R","T","M","M","R","?","E","R","B",null,"M","?","M","?","$","R","E","R","T","$","E","M","M","$","R","B",null,"M","M","$","M","?","R","E","R","T","R","M","M","?","E","R","B",null,"M","M","$","M","?","E","M","M","T","M","E","R","$","M","R","B",null,"M","$","M","M","$","E","M","R","E","?","M","M","M","E","R","B",null,"M","M","M","M","M","R","?","M","E","$","E","R","$","M","R","B",null,"M","?","$","?","E","E","R","$","E","M","E","M","M","E","R","B",null,"M","?","?","?","M","M","M","$","E","R","E","M","R","$","R","B",null,"M","M","$","M","?"],"character_chosen":"IRONCLAD","items_purchased":["Shuriken","Corruption","Membership Card","Bag of Marbles","Pantograph","Brimstone","Pen Nib","Oddly Smooth Stone","Anchor","Bag of Preparation","HandDrill","Master of Strategy+1","Centennial Puzzle","PrismaticShard"],"campfire_rested":3,"item_purchase_floors":[27,37,54,54,64,64,73,95,95,95,98,110,127,133],"current_hp_per_floor":[80,80,78,65,65,65,39,39,39,37,37,37,37,37,37,31,80,67,67,67,67,67,67,79,79,79,79,89,87,85,85,94,90,104,98,98,98,92,92,101,101,104,104,104,104,104,99,99,99,47,99,102,105,105,108,108,108,111,111,111,114,114,114,114,118,118,118,118,118,118,118,118,118,118,118,118,122,122,122,126,126,126,126,126,126,126,126,126,126,126,126,126,130,130,130,130,130,130,130,130,130,130,130,123,123,98,102,102,111,111,86,86,86,86,86,28,78,103,138,138,138,138,138,138,138,142,142,142,142,142,142,142,142,142,142,142,136,136,136,136,0,0],"gold":56,"neow_bonus":"","is_daily":false,"chose_seed":true,"campfire_upgraded":20,"win_rate":0.0,"timestamp":1609578747,"path_taken":["M","$","M","M","$","R","E","R","T","M","M","R","?","E","R","BOSS","M","?","M","?","$","R","E","R","T","$","E","M","M","?","R","BOSS","M","M","$","M","?","R","E","R","T","R","M","M","?","E","R","BOSS","M","M","$","M","?","E","M","M","T","M","?","R","$","M","R","BOSS","M","$","M","M","$","E","M","R","E","?","M","M","?","E","R","BOSS","M","M","M","M","M","R","?","M","E","$","E","R","$","M","R","BOSS","M","?","$","?","?","E","R","$","E","M","E","M","M","E","R","BOSS","M","?","?","?","M","M","M","$","E","R","E","M","R","$","R","BOSS","M","M","$","M","?"],"items_purchased_type":["Relic","Card","Relic","Relic","Relic","Relic","Relic","Relic","Relic","Relic","Relic","Card","Relic","Relic"],"build_version":"2020-12-22","purchased_purges":10,"victory":false,"max_hp_per_floor":[80,80,80,80,80,80,80,80,80,80,80,80,80,80,80,80,80,80,80,80,80,80,80,94,94,94,94,104,104,104,104,104,104,104,104,104,104,104,104,104,104,104,104,104,104,104,99,99,99,99,99,102,105,105,108,108,108,111,111,111,114,114,114,114,118,118,118,118,118,118,118,118,118,118,118,118,122,122,122,126,126,126,126,126,126,126,126,126,126,126,126,126,130,130,130,130,130,130,130,130,130,130,130,130,130,130,134,134,134,134,138,138,138,138,138,138,138,138,138,138,138,138,138,138,138,142,142,142,142,142,142,142,142,142,142,142,142,142,142,142,142,142],"card_choices":[{"not_picked":["Seeing Red","Pommel Strike"],"picked":"Burning Pact","floor":0.0},{"not_picked":["Power Through","Hemokinesis"],"picked":"Cleave","floor":0.0},{"not_picked":["Combust","Body Slam"],"picked":"Flex","floor":0.0},{"not_picked":["Perfected Strike","Sentinel"],"picked":"Seeing Red","floor":0.0},{"not_picked":["Perfected Strike","Sever Soul"],"picked":"Anger","floor":0.0},{"not_picked":["Battle Trance","Searing Blow"],"picked":"Second Wind","floor":0.0},{"not_picked":["Perfected Strike","Heavy Blade"],"picked":"Clothesline","floor":0.0},{"not_picked":["Cleave","Sword Boomerang"],"picked":"Headbutt","floor":0.0},{"not_picked":["Armaments","Body Slam"],"picked":"Warcry","floor":0.0},{"not_picked":["Rupture","Sword Boomerang"],"picked":"Shockwave","floor":0.0},{"not_picked":["Carnage","Iron Wave"],"picked":"Havoc","floor":0.0},{"not_picked":["Iron Wave","Pommel Strike"],"picked":"Clash","floor":0.0},{"not_picked":["Reckless Charge","Uppercut"],"picked":"Hemokinesis","floor":0.0},{"not_picked":["Headbutt","Thunderclap"],"picked":"Warcry","floor":0.0},{"not_picked":["Feel No Pain","Headbutt"],"picked":"Anger","floor":0.0},{"not_picked":["Cleave","Iron Wave"],"picked":"Flex","floor":1.0},{"not_picked":["Perfected Strike","Searing Blow"],"picked":"Anger","floor":3.0},{"not_picked":["Sword Boomerang","Twin Strike","Ghostly Armor"],"picked":"SKIP","floor":4.0},{"not_picked":["Shrug It Off","Heavy Blade"],"picked":"Offering","floor":7.0},{"not_picked":["Havoc","Sever Soul","Iron Wave"],"picked":"SKIP","floor":10.0},{"not_picked":["Whirlwind","Headbutt","Hemokinesis"],"picked":"SKIP","floor":11.0},{"not_picked":["Iron Wave","Dark Embrace","Impervious"],"picked":"SKIP","floor":14.0},{"not_picked":["Spot Weakness","Headbutt","Perfected Strike"],"picked":"SKIP","floor":18.0},{"not_picked":["Pommel Strike","Twin Strike"],"picked":"Rage","floor":20.0},{"not_picked":["Twin Strike","Feed","Fire Breathing"],"picked":"SKIP","floor":24.0},{"not_picked":["True Grit","Pommel Strike","Inflame"],"picked":"SKIP","floor":28.0},{"not_picked":["Pommel Strike","Battle Trance","Rampage"],"picked":"SKIP","floor":29.0},{"not_picked":["Sword Boomerang","Combust+1","Warcry"],"picked":"SKIP","floor":30.0},{"not_picked":["Perfected Strike+1","Spot Weakness+1","Shrug It Off"],"picked":"SKIP","floor":35.0},{"not_picked":["Perfected Strike","Armaments+1"],"picked":"Clash","floor":36.0},{"not_picked":["Anger","Wild Strike+1"],"picked":"Flex","floor":38.0},{"not_picked":["True Grit","Flame Barrier+1","Hemokinesis"],"picked":"SKIP","floor":41.0},{"not_picked":["Wild Strike","Reckless Charge","Flame Barrier"],"picked":"SKIP","floor":45.0},{"not_picked":["Warcry+1","Havoc+1","Rampage"],"picked":"SKIP","floor":46.0},{"not_picked":["Berserk","Flame Barrier+1","Evolve"],"picked":"SKIP","floor":48.0},{"not_picked":["Berserk","Flame Barrier+1","Evolve"],"picked":"SKIP","floor":48.0},{"not_picked":["Bludgeon","Demon Form"],"picked":"Feed","floor":50.0},{"not_picked":["Perfected Strike","Body Slam","Wild Strike"],"picked":"SKIP","floor":52.0},{"not_picked":["Sentinel","Entrench","Carnage"],"picked":"SKIP","floor":53.0},{"not_picked":["Dual Wield","Searing Blow","Whirlwind"],"picked":"SKIP","floor":55.0},{"not_picked":["Metallicize","Armaments","Havoc"],"picked":"SKIP","floor":57.0},{"not_picked":["Spot Weakness","Warcry","Juggernaut"],"picked":"SKIP","floor":58.0},{"not_picked":["Combust","Intimidate","Wild Strike"],"picked":"SKIP","floor":59.0},{"not_picked":["Thunderclap","Sentinel","Dual Wield"],"picked":"SKIP","floor":61.0},{"not_picked":["Rampage","True Grit"],"picked":"Flex","floor":62.0},{"not_picked":["Reckless Charge","Pommel Strike","Infernal Blade"],"picked":"SKIP","floor":65.0},{"not_picked":["Sentinel","Rampage"],"picked":"Flex","floor":69.0},{"not_picked":["Iron Wave","Thunderclap","Burning Pact"],"picked":"SKIP","floor":71.0},{"not_picked":["Headbutt","True Grit","Clothesline"],"picked":"SKIP","floor":72.0},{"not_picked":["Feel No Pain","Wild Strike+1","Heavy Blade"],"picked":"SKIP","floor":74.0},{"not_picked":["Power Through","Limit Break","Clothesline"],"picked":"SKIP","floor":75.0},{"not_picked":["Havoc+1","Wild Strike","Battle Trance"],"picked":"SKIP","floor":77.0},{"not_picked":["Entrench","Sword Boomerang","Ghostly Armor+1"],"picked":"SKIP","floor":79.0},{"not_picked":["Disarm","Heavy Blade","Rampage"],"picked":"SKIP","floor":80.0},{"not_picked":["Sword Boomerang","Blood for Blood","Sever Soul"],"picked":"SKIP","floor":81.0},{"not_picked":["Pummel","Flame Barrier"],"picked":"Flex+1","floor":82.0},{"not_picked":["Twin Strike+1","Shrug It Off+1","Rupture+1"],"picked":"SKIP","floor":86.0},{"not_picked":["True Grit","Searing Blow+1","Flex+1"],"picked":"SKIP","floor":87.0},{"not_picked":["Shrug It Off+1","Seeing Red","Iron Wave"],"picked":"SKIP","floor":88.0},{"not_picked":["Evolve","Spot Weakness","Rage"],"picked":"SKIP","floor":89.0},{"not_picked":["Warcry+1","True Grit","Whirlwind"],"picked":"SKIP","floor":90.0},{"not_picked":["Wild Strike","Havoc","Searing Blow"],"picked":"SKIP","floor":93.0},{"not_picked":["Thunderclap","Headbutt+1","Combust+1"],"picked":"SKIP","floor":94.0},{"not_picked":["Thunderclap+1","Heavy Blade","Warcry"],"picked":"SKIP","floor":96.0},{"not_picked":["Ghostly Armor+1","Pummel+1","Havoc+1"],"picked":"SKIP","floor":99},{"not_picked":["Intimidate","Heavy Blade","Thunderclap"],"picked":"SKIP","floor":103},{"not_picked":["Evolve","Wild Strike","True Grit+1"],"picked":"SKIP","floor":107},{"not_picked":["Rupture","Rage+1"],"picked":"Barricade","floor":108},{"not_picked":["Bludgeon","Body Slam"],"picked":"Seeing Red+1","floor":111},{"not_picked":["Dual Wield+1","Reckless Charge","Pommel Strike"],"picked":"SKIP","floor":112},{"not_picked":["Thunderclap","Dropkick","Iron Wave"],"picked":"SKIP","floor":113},{"not_picked":["Clothesline","Pommel Strike","Perfected Strike"],"picked":"SKIP","floor":114},{"not_picked":["Heavy Blade","Flex+1","Twin Strike"],"picked":"SKIP","floor":115},{"not_picked":["Entrench+1","Blood for Blood","Headbutt"],"picked":"SKIP","floor":116},{"not_picked":["Inflame+1","Twin Strike+1","Pommel Strike"],"picked":"SKIP","floor":120},{"not_picked":["Headbutt","Bloodletting+1","Twin Strike"],"picked":"SKIP","floor":124},{"not_picked":["Cleave","Clothesline","Pummel"],"picked":"SKIP","floor":125},{"not_picked":["Wild Strike","Clothesline","Disarm+1"],"picked":"SKIP","floor":126},{"not_picked":["Combust","Ghostly Armor+1","Thunderclap"],"picked":"SKIP","floor":128},{"not_picked":["Combust","Ghostly Armor+1","Thunderclap"],"picked":"SKIP","floor":128},{"not_picked":["Armaments+1","Brutality","Feel No Pain"],"picked":"SKIP","floor":130},{"not_picked":["Clash","Pommel Strike","Havoc+1"],"picked":"SKIP","floor":131},{"not_picked":["Immolate","Glass Knife"],"picked":"Seek+1","floor":135},{"not_picked":["Clothesline","Gash","Stack+1"],"picked":"SKIP","floor":137},{"not_picked":["Ball Lightning+1","Self Repair","Armaments+1"],"picked":"SKIP","floor":138},{"not_picked":["Sucker Punch+1","Madness+1"],"picked":"White Noise+1","floor":140}],"player_experience":113118,"relics_obtained":[{"floor":7.0,"key":"FossilizedHelix"},{"floor":9.0,"key":"The Courier"},{"floor":14.0,"key":"War Paint"},{"floor":24.0,"key":"Mango"},{"floor":26.0,"key":"Eternal Feather"},{"floor":28.0,"key":"Pear"},{"floor":41.0,"key":"Mercury Hourglass"},{"floor":43.0,"key":"Gremlin Horn"},{"floor":48.0,"key":"Dream Catcher"},{"floor":60.0,"key":"Ginger"}],"event_choices":[{"damage_healed":0.0,"max_hp_gain":0.0,"max_hp_loss":0.0,"gold_gain":0.0,"event_name":"The Woman in Blue","player_choice":"Bought 0 Potions","floor":13.0,"gold_loss":0.0,"damage_taken":0.0},{"damage_healed":0.0,"max_hp_gain":0.0,"max_hp_loss":0.0,"gold_gain":0.0,"event_name":"The Library","player_choice":"Read","floor":19.0,"gold_loss":0.0,"damage_taken":0.0,"cards_obtained":["Clash"]},{"damage_healed":0.0,"max_hp_gain":0.0,"max_hp_loss":0.0,"gold_gain":99.0,"event_name":"Nest","player_choice":"Stole From Cult","floor":21.0,"gold_loss":0.0,"damage_taken":0.0},{"cards_removed":["Hemokinesis"],"damage_healed":0.0,"max_hp_gain":0.0,"max_hp_loss":0.0,"gold_gain":0.0,"event_name":"Falling","player_choice":"Removed Attack","floor":39.0,"gold_loss":0.0,"damage_taken":0.0},{"damage_healed":0.0,"max_hp_gain":0.0,"max_hp_loss":5.0,"gold_gain":0.0,"event_name":"Winding Halls","player_choice":"Max HP","floor":47.0,"gold_loss":0.0,"damage_taken":0.0},{"damage_healed":0.0,"max_hp_gain":0.0,"max_hp_loss":0.0,"gold_gain":0.0,"event_name":"World of Goop","player_choice":"Left Gold","floor":56.0,"gold_loss":42.0,"damage_taken":0.0},{"damage_healed":0.0,"max_hp_gain":0.0,"max_hp_loss":0.0,"gold_gain":0.0,"event_name":"WeMeetAgain","player_choice":"Gave Potion","floor":78.0,"gold_loss":0.0,"damage_taken":0.0,"relics_obtained":["Toy Ornithopter"]},{"damage_healed":0.0,"max_hp_gain":0.0,"max_hp_loss":0.0,"gold_gain":0.0,"event_name":"SensoryStone","player_choice":"Memory 1","floor":92.0,"gold_loss":0.0,"damage_taken":0.0},{"cards_removed":["Anger"],"damage_healed":0,"gold_gain":0,"player_choice":"Card Removal","damage_taken":7,"max_hp_gain":0,"max_hp_loss":0,"event_name":"Golden Wing","floor":104,"gold_loss":0},{"damage_healed":0,"gold_gain":0,"player_choice":"Success","damage_taken":25,"relics_obtained":["Toxic Egg 2"],"max_hp_gain":0,"max_hp_loss":0,"event_name":"Scrap Ooze","floor":106,"gold_loss":0},{"damage_healed":0,"gold_gain":0,"player_choice":"Read","damage_taken":0,"max_hp_gain":0,"max_hp_loss":0,"event_name":"The Library","floor":121,"gold_loss":0,"cards_obtained":["Fire Breathing"]},{"cards_removed":["Flex"],"damage_healed":0,"gold_gain":0,"player_choice":"Gave Gold","damage_taken":0,"max_hp_gain":0,"max_hp_loss":0,"event_name":"Beggar","floor":122,"gold_loss":75},{"damage_healed":0,"gold_gain":0,"player_choice":"Copied","damage_taken":0,"max_hp_gain":0,"max_hp_loss":0,"event_name":"Duplicator","floor":123,"gold_loss":0,"cards_obtained":["Second Wind"]},{"damage_healed":0,"gold_gain":0,"player_choice":"Fight","damage_taken":0,"max_hp_gain":0,"max_hp_loss":0,"event_name":"MindBloom","floor":141,"gold_loss":0}],"is_beta":false,"boss_relics":[{"not_picked":["Busted Crown","Fusion Hammer"],"picked":"Runic Cube"},{"not_picked":["Cursed Key","Philosopher\u0027s Stone"],"picked":"Empty Cage"},{"not_picked":["Runic Pyramid","Runic Dome"],"picked":"Sozu"},{"not_picked":[]},{"not_picked":["Snecko Eye","Calling Bell"],"picked":"Philosopher\u0027s Stone"},{"not_picked":["Black Star","Busted Crown"],"picked":"Runic Dome"},{"not_picked":["Cursed Key","Mark of Pain"],"picked":"Runic Pyramid"},{"not_picked":["Busted Crown","Coffee Dripper"],"picked":"Black Star"}],"items_purged_floors":[2,22,27,31,54,70,95,105,127,139],"is_endless":true,"potions_floor_spawned":[1,3,10,20,30,35,38,46,50,52,55,58,62,69,71,74,79,80,82,84,88,89,90,99,101,111,115,116,118,120,124,126,137,140],"killed_by":"Mind Bloom Boss Battle","ascension_level":0}}