{"host":"oiai0qxasotny765","time":1609612088,"event":{"mods":["2.2 Compatiblity","AchievementEnabler","BaseMod","Colored Map","Minty Spire (QoL Compilation)","Permanent Neow","Relic Stats","StSLib","SuperFastMode","everything is the same but u backflip on backflip"],"gold_per_floor":[118,137,312,312,138,138,154,154,206,217,236,236,19,32,32,128,128,144,19,19,19,35,35,66,80,80,80,98,98,50,70,70,70,70],"floor_reached":33,"playtime":830,"items_purged":["Regret","Doubt","Strike_R"],"score":423,"play_id":"7a0f5016-64ad-4adc-bb30-6394797a148e","local_time":"20210103032808","is_ascension_mode":true,"campfire_choices":[{"data":"True Grit","floor":6,"key":"SMITH"},{"data":"Shockwave","floor":8,"key":"SMITH"},{"data":"Uppercut","floor":12,"key":"SMITH"},{"data":"1","floor":15,"key":"LIFT"},{"data":"2","floor":23,"key":"LIFT"},{"data":"3","floor":29,"key":"LIFT"},{"data":"Fiend Fire","floor":32,"key":"SMITH"}],"circlet_count":0,"master_deck":["AscendersBane","Strike_R","Strike_R","Strike_R","Strike_R","Defend_R","Defend_R","Defend_R","Defend_R","Bash","Shrug It Off","True Grit+1","Reckless Charge","Shockwave+1","Twin Strike","Uppercut+1","Feel No Pain","Burning Pact","Fiend Fire+1","Ghostly Armor+1","Writhe","Shame","Carnage+1","Flame Barrier","Fire Breathing","Ghostly","Ghostly","Ghostly","Ghostly","Ghostly","Power Through","Body Slam"],"relics":["Burning Blood","Girya","Red Skull","Oddly Smooth Stone","Philosopher\u0027s Stone","Lizard Tail","Vajra","Matryoshka","Kunai","Paper Frog"],"acts_visited":["Exordium","TheCity"],"potions_floor_usage":[24,24,33,33],"damage_taken":[{"damage":17.0,"enemies":"Small Slimes","floor":1.0,"turns":4.0},{"damage":6.0,"enemies":"2 Louse","floor":2.0,"turns":4.0},{"damage":0,"enemies":"Jaw Worm","floor":7,"turns":4},{"damage":33,"enemies":"Gremlin Gang","floor":10,"turns":7},{"damage":14,"enemies":"Lots of Slimes","floor":11,"turns":5},{"damage":0,"enemies":"Large Slime","floor":14,"turns":3},{"damage":12,"enemies":"Slime Boss","floor":16,"turns":8},{"damage":16,"enemies":"Spheric Guardian","floor":18,"turns":5},{"damage":24,"enemies":"3 Byrds","floor":22,"turns":6},{"damage":48,"enemies":"Slavers","floor":24,"turns":7},{"damage":2,"enemies":"Cultist and Chosen","floor":25,"turns":6},{"damage":3,"enemies":"Snake Plant","floor":28,"turns":4},{"damage":0,"enemies":"Centurion and Healer","floor":31,"turns":6},{"damage":48,"enemies":"Champ","floor":33,"turns":8}],"seed_played":"6189259599049204670","potions_obtained":[{"floor":1.0,"key":"SpeedPotion"},{"floor":7,"key":"CultistPotion"},{"floor":11,"key":"Weak Potion"},{"floor":24,"key":"Swift Potion"},{"floor":28,"key":"AttackPotion"}],"is_trial":false,"path_per_floor":["M","M","?","?","$","R","M","R","T","M","M","R","$","M","R","B",null,"M","$","?","?","M","R","E","M","T","?","M","R","$","M","R","B"],"character_chosen":"IRONCLAD","items_purchased":["True Grit","Reckless Charge","Feel No Pain","Burning Pact","Body Slam"],"campfire_rested":0,"item_purchase_floors":[5,5,13,13,30],"current_hp_per_floor":[61,61,61,61,61,61,67,67,67,40,32,32,32,38,38,32,62,52,52,52,52,34,34,30,34,34,34,36,36,36,36,36,0,0],"gold":70,"neow_bonus":"ONE_RARE_RELIC","is_daily":false,"chose_seed":false,"campfire_upgraded":4,"win_rate":0.0,"timestamp":1609612088,"path_taken":["M","M","?","?","?","R","?","R","T","M","M","R","$","M","R","BOSS","M","?","?","?","M","R","E","M","T","?","M","R","$","M","R","BOSS"],"items_purchased_type":["Card","Card","Card","Card","Card"],"build_version":"2020-12-22","purchased_purges":3,"victory":false,"max_hp_per_floor":[72,72,72,72,72,72,72,72,72,72,72,72,72,72,72,72,72,72,72,72,72,72,72,72,72,72,36,36,36,36,36,36,36,36],"relic_stats":{"Lizard Tail":36,"counters":[14,77],"Kunai":[4],"obtain_stats":[{"Girya":0,"Lizard Tail":20,"Matryoshka":24,"Oddly Smooth Stone":9,"Vajra":21,"Philosopher\u0027s Stone":17,"Kunai":26,"Burning Blood":0,"Red Skull":4,"Paper Frog":26},{"Girya":0,"Lizard Tail":8,"Matryoshka":10,"Oddly Smooth Stone":3,"Vajra":8,"Philosopher\u0027s Stone":7,"Kunai":11,"Burning Blood":0,"Red Skull":2,"Paper Frog":11},{"Girya":0,"Lizard Tail":40,"Matryoshka":53,"Oddly Smooth Stone":12,"Vajra":40,"Philosopher\u0027s Stone":35,"Kunai":59,"Burning Blood":0,"Red Skull":8,"Paper Frog":59}],"Burning Blood":71},"card_choices":[{"not_picked":["Rage","Clothesline","Metallicize"],"picked":"SKIP","floor":1.0},{"not_picked":["Flex","Metallicize"],"picked":"Shrug It Off","floor":2.0},{"not_picked":["Warcry","Rage"],"picked":"Shockwave","floor":7},{"not_picked":["Inflame","True Grit"],"picked":"Twin Strike","floor":10},{"not_picked":["Pummel","Disarm"],"picked":"Uppercut","floor":11},{"not_picked":["Clothesline","Flex","Rage"],"picked":"SKIP","floor":14},{"not_picked":["Demon Form","Limit Break"],"picked":"Fiend Fire","floor":16},{"not_picked":["Flex","True Grit"],"picked":"Ghostly Armor+1","floor":18},{"not_picked":["Searing Blow+1","Twin Strike","Carnage+1"],"picked":"SKIP","floor":22},{"not_picked":["Searing Blow+1","Twin Strike"],"picked":"Carnage+1","floor":22},{"not_picked":["Uppercut","Warcry+1"],"picked":"Flame Barrier","floor":24},{"not_picked":["Havoc+1","Dark Embrace"],"picked":"Fire Breathing","floor":25},{"not_picked":["Rupture","Limit Break"],"picked":"Power Through","floor":28},{"not_picked":["Havoc","Headbutt","Combust"],"picked":"SKIP","floor":31}],"player_experience":293276,"relics_obtained":[{"floor":9,"key":"Oddly Smooth Stone"},{"floor":24,"key":"Matryoshka"},{"floor":26,"key":"Kunai"},{"floor":26,"key":"Paper Frog"}],"event_choices":[{"damage_healed":0,"gold_gain":175,"player_choice":"AGREE","damage_taken":0,"max_hp_gain":0,"max_hp_loss":0,"event_name":"Liars Game","floor":3,"gold_loss":0,"cards_obtained":["Doubt"]},{"damage_healed":0,"gold_gain":0,"player_choice":"Box","damage_taken":0,"relics_obtained":["Red Skull"],"max_hp_gain":0,"max_hp_loss":0,"event_name":"Big Fish","floor":4,"gold_loss":0,"cards_obtained":["Regret"]},{"damage_healed":0,"gold_gain":0,"player_choice":"Opened","damage_taken":0,"relics_obtained":["Lizard Tail"],"max_hp_gain":0,"max_hp_loss":0,"event_name":"The Mausoleum","floor":20,"gold_loss":0,"cards_obtained":["Writhe"]},{"damage_healed":0,"gold_gain":0,"player_choice":"Stole Relic","damage_taken":0,"relics_obtained":["Vajra"],"max_hp_gain":0,"max_hp_loss":0,"event_name":"Addict","floor":21,"gold_loss":0,"cards_obtained":["Shame"]},{"damage_healed":0,"gold_gain":0,"player_choice":"Became a Ghost","damage_taken":0,"max_hp_gain":0,"max_hp_loss":36,"event_name":"Ghosts","floor":27,"gold_loss":0,"cards_obtained":["Ghostly","Ghostly","Ghostly","Ghostly","Ghostly"]}],"is_beta":false,"boss_relics":[{"not_picked":["SacredBark","Runic Pyramid"],"picked":"Philosopher\u0027s Stone"}],"items_purged_floors":[5,13,19],"is_endless":false,"potions_floor_spawned":[1,7,11,24,28],"killed_by":"Champ","ascension_level":11}}