{"host":"h4lp0eeso8a0ssq0","time":1609557079,"event":{"mods":["2.2 Compatiblity","AchievementEnabler","BaseMod","CapriCore","Colored Map","Lobotomy","Minty Spire (QoL Compilation)","StSLib","SuperFastMode"],"gold_per_floor":[118,40,40,57,73,73,90,90,90,90,107,32,32,62,62,62,62],"floor_reached":16,"playtime":256,"items_purged":["Defend_P"],"score":90,"play_id":"e956ae81-bb03-4719-83dc-5e769eef012a","local_time":"20210102121119","is_ascension_mode":false,"campfire_choices":[{"data":"Eruption","floor":6.0,"key":"SMITH"},{"data":"Vigilance","floor":13,"key":"SMITH"},{"data":"MentalFortress","floor":15,"key":"SMITH"}],"circlet_count":0,"master_deck":["Strike_P","Strike_P","Strike_P","Strike_P","Defend_P","Defend_P","Eruption+1","Vigilance+1","MentalFortress+1"],"relics":["Cursed Key"],"acts_visited":["Exordium"],"potions_floor_usage":[],"damage_taken":[{"damage":0.0,"enemies":"Cultist","floor":1.0,"turns":2.0},{"damage":0.0,"enemies":"Jaw Worm","floor":4.0,"turns":3.0},{"damage":0.0,"enemies":"2 Louse","floor":5.0,"turns":2.0},{"damage":0.0,"enemies":"Large Slime","floor":7.0,"turns":4.0},{"damage":1,"enemies":"2 Fungi Beasts","floor":11,"turns":4},{"damage":72,"enemies":"The Guardian","floor":16,"turns":12}],"seed_played":"-9071979472654475349","potions_obtained":[{"floor":4.0,"key":"Block Potion"},{"floor":7.0,"key":"LiquidMemories"}],"is_trial":false,"path_per_floor":["M","$","?","M","M","R","M","?","T","?","M","$","R","?","R","B"],"character_chosen":"WATCHER","items_purchased":["MentalFortress"],"campfire_rested":0,"item_purchase_floors":[2],"current_hp_per_floor":[72,72,72,72,72,72,72,72,72,72,71,71,71,71,71,0,0],"gold":62,"neow_bonus":"BOSS_RELIC","is_daily":false,"chose_seed":false,"campfire_upgraded":3,"win_rate":0.0,"timestamp":1609557079,"path_taken":["M","?","?","M","?","R","M","?","T","?","M","$","R","?","R","BOSS"],"items_purchased_type":["Card"],"build_version":"2020-12-22","purchased_purges":1,"victory":false,"max_hp_per_floor":[72,72,72,72,72,72,72,72,72,72,72,72,72,72,72,72,72],"card_choices":[{"not_picked":["FollowUp","EmptyBody","ThirdEye"],"picked":"SKIP","floor":1.0},{"not_picked":["Vengeance","CutThroughFate","ClearTheMind"],"picked":"SKIP","floor":4.0},{"not_picked":["Crescendo","CrushJoints","Prostrate"],"picked":"SKIP","floor":5.0},{"not_picked":["WheelKick","ClearTheMind","Fasting2"],"picked":"SKIP","floor":7.0},{"not_picked":["ReachHeaven","EmptyBody","FearNoEvil"],"picked":"SKIP","floor":11},{"not_picked":["ReachHeaven","EmptyBody","FearNoEvil"],"picked":"SKIP","floor":11}],"player_experience":25634,"relics_obtained":[],"event_choices":[{"damage_healed":0.0,"max_hp_gain":0.0,"max_hp_loss":0.0,"gold_gain":0.0,"event_name":"Wheel of Change","player_choice":"Full Heal","floor":3.0,"gold_loss":0.0,"damage_taken":0.0},{"damage_healed":0.0,"max_hp_gain":0.0,"max_hp_loss":0.0,"gold_gain":0.0,"event_name":"Scrap Ooze","player_choice":"Fled","floor":8.0,"gold_loss":0.0,"damage_taken":0.0},{"cards_removed":["Defend_P"],"damage_healed":0,"gold_gain":0,"player_choice":"Forget","damage_taken":0,"max_hp_gain":0,"max_hp_loss":0,"event_name":"Living Wall","floor":10,"gold_loss":0},{"damage_healed":0,"gold_gain":30,"player_choice":"Searched \u00272\u0027 times","damage_taken":0,"max_hp_gain":0,"max_hp_loss":0,"event_name":"Dead Adventurer","floor":14,"gold_loss":0}],"is_beta":false,"boss_relics":[],"items_purged_floors":[12],"is_endless":false,"potions_floor_spawned":[4,7],"killed_by":"The Guardian","ascension_level":0}}