{"host":"p4zclu0beiy6gkiq","time":1609584672,"event":{"mods":["AchievementEnabler","BaseMod","Bestiary","Colored Map","Colored Powertips","DeckTracker","Minty Spire (QoL Compilation)","Quick Restart","StSLib","SuperFastMode","The Cursed"],"gold_per_floor":[119,44,57,57,70,95,95,110,110,122,147,47,75,150,150,249,249,263,178,178,178,178,210,210,239,299,345,153,153,123,123],"floor_reached":30,"playtime":3916,"items_purged":["Strike_B","Defend_B","Writhe"],"score":368,"play_id":"2c365de8-d64a-4b3b-809a-743e3c928309","local_time":"20210102195112","is_ascension_mode":true,"campfire_choices":[{"data":"Creative AI","floor":7.0,"key":"SMITH"},{"data":"Glacier","floor":15.0,"key":"SMITH"},{"data":"Genetic Algorithm","floor":24,"key":"SMITH"}],"circlet_count":0,"master_deck":["Defend_B","Defend_B","Zap+1","Dualcast","Ball Lightning","Creative AI+1","Coolheaded","Hologram","Glacier+1","Cold Snap","Steam","Gash","Reboot","Genetic Algorithm+1","Bite","Bite","Bite","Bite","Bite","Conserve Battery+1","Capacitor"],"relics":["Cracked Core","Mercury Hourglass","FossilizedHelix","PreservedInsect","Philosopher\u0027s Stone","Mummified Hand","Orichalcum","Nilry\u0027s Codex","Bottled Tornado","MawBank","Boot","Eternal Feather"],"acts_visited":["Exordium","TheCity"],"potions_floor_usage":[25],"damage_taken":[{"damage":0.0,"enemies":"Small Slimes","floor":1.0,"turns":2.0},{"damage":0.0,"enemies":"Cultist","floor":3.0,"turns":3.0},{"damage":1.0,"enemies":"Jaw Worm","floor":5.0,"turns":2.0},{"damage":30.0,"enemies":"3 Sentries","floor":6.0,"turns":6.0},{"damage":9.0,"enemies":"3 Louse","floor":8.0,"turns":2.0},{"damage":1.0,"enemies":"Looter","floor":10.0,"turns":2.0},{"damage":4.0,"enemies":"Gremlin Nob","floor":11.0,"turns":3.0},{"damage":0.0,"enemies":"Lagavulin","floor":13.0,"turns":5.0},{"damage":4,"enemies":"The Guardian","floor":16,"turns":12},{"damage":11,"enemies":"3 Byrds","floor":18,"turns":5},{"damage":26,"enemies":"Book of Stabbing","floor":23,"turns":6},{"damage":25,"enemies":"Gremlin Leader","floor":25,"turns":6},{"damage":33,"enemies":"Book of Stabbing","floor":27,"turns":6},{"damage":11,"enemies":"2 Thieves","floor":30,"turns":1}],"seed_played":"8395881357592273979","potions_obtained":[{"floor":3.0,"key":"ColorlessPotion"},{"floor":6.0,"key":"Swift Potion"},{"floor":8.0,"key":"AttackPotion"},{"floor":16,"key":"SmokeBomb"},{"floor":18,"key":"Strength Potion"}],"is_trial":false,"path_per_floor":["M","$","M","?","M","E","R","M","T","M","E","$","E","?","R","B",null,"M","?","?","?","?","E","R","E","T","E","$","?","M"],"character_chosen":"DEFECT","items_purchased":["Capacitor"],"campfire_rested":0,"item_purchase_floors":[28],"current_hp_per_floor":[75,75,75,75,74,44,44,35,35,34,30,30,30,19,19,15,75,64,64,64,48,48,32,32,25,25,2,2,2,0,0],"gold":123,"neow_bonus":"UPGRADE_CARD","is_daily":false,"chose_seed":false,"campfire_upgraded":3,"win_rate":0.0,"timestamp":1609584672,"path_taken":["M","$","M","?","?","E","R","M","T","M","E","$","E","?","R","BOSS","M","?","?","?","?","E","R","E","T","E","$","?","M"],"items_purchased_type":["Card"],"build_version":"2020-12-22","purchased_purges":3,"victory":false,"max_hp_per_floor":[75,75,75,75,75,75,75,75,75,75,75,75,75,75,75,75,75,75,75,75,75,52,52,52,52,52,52,52,52,52,52],"card_choices":[{"not_picked":["Barrage","Force Field"],"picked":"Ball Lightning","floor":1.0},{"not_picked":["Lockon","Streamline"],"picked":"Creative AI","floor":3.0},{"not_picked":["Leap","Rebound"],"picked":"Coolheaded","floor":5.0},{"not_picked":["Rainbow","Reprogram"],"picked":"Hologram","floor":6.0},{"not_picked":["Leap","Sweeping Beam"],"picked":"Glacier","floor":8.0},{"not_picked":["Steam","Beam Cell"],"picked":"Cold Snap","floor":10.0},{"not_picked":["Storm","Beam Cell"],"picked":"Steam","floor":11.0},{"not_picked":["Reprogram","Storm"],"picked":"Gash","floor":13.0},{"not_picked":["Creative AI","Amplify"],"picked":"Reboot","floor":16},{"not_picked":["Consume","Redo"],"picked":"Genetic Algorithm","floor":18},{"not_picked":["Rebound","Streamline","Leap"],"picked":"SKIP","floor":23},{"not_picked":["Stack","Ball Lightning","Steam"],"picked":"SKIP","floor":25},{"not_picked":["Rebound","Steam Power+1"],"picked":"Conserve Battery+1","floor":27}],"player_experience":97796,"relics_obtained":[{"floor":6.0,"key":"Mercury Hourglass"},{"floor":11.0,"key":"FossilizedHelix"},{"floor":13.0,"key":"PreservedInsect"},{"floor":21,"key":"Nilry\u0027s Codex"},{"floor":23,"key":"Bottled Tornado"},{"floor":25,"key":"MawBank"},{"floor":26,"key":"Boot"},{"floor":27,"key":"Eternal Feather"}],"event_choices":[{"cards_removed":["Defend_B"],"damage_healed":0.0,"max_hp_gain":0.0,"max_hp_loss":0.0,"gold_gain":0.0,"event_name":"Bonfire Elementals","player_choice":"Offered Basic","floor":4.0,"gold_loss":0.0,"damage_taken":0.0},{"damage_healed":0.0,"max_hp_gain":0.0,"max_hp_loss":0.0,"gold_gain":75.0,"event_name":"World of Goop","player_choice":"Gather Gold","floor":14.0,"gold_loss":0.0,"damage_taken":11.0},{"damage_healed":0,"gold_gain":0,"player_choice":"Obtained Relic","damage_taken":0,"relics_obtained":["Mummified Hand"],"max_hp_gain":0,"max_hp_loss":0,"event_name":"Addict","floor":19,"gold_loss":85},{"damage_healed":0,"gold_gain":0,"player_choice":"Opened","damage_taken":0,"relics_obtained":["Orichalcum"],"max_hp_gain":0,"max_hp_loss":0,"event_name":"The Mausoleum","floor":20,"gold_loss":0,"cards_obtained":["Writhe"]},{"damage_healed":0,"gold_gain":0,"player_choice":"Obtained Book","damage_taken":16,"max_hp_gain":0,"max_hp_loss":0,"event_name":"Cursed Tome","floor":21,"gold_loss":0},{"damage_healed":0,"gold_gain":0,"player_choice":"Became a vampire","damage_taken":0,"max_hp_gain":0,"max_hp_loss":23,"event_name":"Vampires","floor":22,"gold_loss":0,"cards_obtained":["Bite","Bite","Bite","Bite","Bite"]},{"damage_healed":0,"gold_gain":0,"player_choice":"Ignored","damage_taken":0,"max_hp_gain":0,"max_hp_loss":0,"event_name":"Ghosts","floor":29,"gold_loss":0}],"is_beta":false,"boss_relics":[{"not_picked":["Busted Crown","Runic Dome"],"picked":"Philosopher\u0027s Stone"}],"items_purged_floors":[2,12,28],"is_endless":false,"potions_floor_spawned":[3,6,8,16,18],"killed_by":"2 Thieves","ascension_level":1}}