{"host":"baymyijz6sxaqj5s","time":1609593123,"event":{"mods":["AchievementEnabler","BaseMod","Colored Map","Colored Powertips","DeckTracker","Highlight Path","KOR Keyword Fix","Keyboard Shortcuts","Minty Spire (QoL Compilation)","Quick Restart","StSLib","SuperFastMode"],"gold_per_floor":[110,125,142,92,106,106,123,137,137,157,171,184,184,203,203,203,203],"floor_reached":16,"playtime":402,"items_purged":[],"score":110,"play_id":"6e138ea3-1c2b-4921-a608-76285437bc0a","local_time":"20210102221203","is_ascension_mode":true,"campfire_choices":[{"data":"Heavy Blade","floor":6,"key":"SMITH"},{"floor":13,"key":"REST"},{"data":"Entrench","floor":15,"key":"SMITH"}],"circlet_count":0,"master_deck":["Strike_R","Strike_R","Strike_R","Strike_R","Defend_R","Defend_R","Defend_R","Defend_R","Bash","Headbutt","Heavy Blade+1","Pommel Strike","Ghostly Armor","Entrench+1","Flame Barrier","Power Through"],"relics":["Burning Blood","Singing Bowl"],"acts_visited":["Exordium"],"potions_floor_usage":[11,16,16],"damage_taken":[{"damage":2,"enemies":"2 Louse","floor":1,"turns":3},{"damage":8,"enemies":"Jaw Worm","floor":2,"turns":5},{"damage":3,"enemies":"Small Slimes","floor":3,"turns":3},{"damage":10,"enemies":"2 Fungi Beasts","floor":5,"turns":4},{"damage":1,"enemies":"3 Louse","floor":7,"turns":4},{"damage":19,"enemies":"Red Slaver","floor":8,"turns":5},{"damage":15,"enemies":"2 Fungi Beasts","floor":10,"turns":4},{"damage":31,"enemies":"Exordium Thugs","floor":11,"turns":8},{"damage":11,"enemies":"Looter","floor":12,"turns":3},{"damage":0,"enemies":"2 Fungi Beasts","floor":14,"turns":4},{"damage":69,"enemies":"Slime Boss","floor":16,"turns":12}],"seed_played":"2912096127541639725","potions_obtained":[{"floor":2,"key":"Dexterity Potion"},{"floor":5,"key":"SmokeBomb"},{"floor":10,"key":"DistilledChaos"},{"floor":11,"key":"Strength Potion"}],"is_trial":false,"path_per_floor":["M","M","M","?","M","R","M","M","T","M","M","M","R","M","R","B"],"character_chosen":"IRONCLAD","items_purchased":[],"campfire_rested":1,"item_purchase_floors":[],"current_hp_per_floor":[88,86,88,88,84,84,88,75,75,66,41,38,65,73,73,4,4],"gold":203,"neow_bonus":"TEN_PERCENT_HP_BONUS","is_daily":false,"chose_seed":false,"campfire_upgraded":2,"win_rate":0.0,"timestamp":1609593123,"path_taken":["M","M","M","?","M","R","M","M","T","M","M","M","R","M","R","BOSS"],"items_purchased_type":[],"build_version":"2020-12-22","purchased_purges":0,"victory":false,"max_hp_per_floor":[88,88,88,88,88,88,88,88,88,88,88,90,90,92,92,92,92],"card_choices":[{"not_picked":["Pommel Strike","Iron Wave"],"picked":"Headbutt","floor":1},{"not_picked":["Pommel Strike","Entrench"],"picked":"Heavy Blade","floor":2},{"not_picked":["Burning Pact","Anger"],"picked":"Pommel Strike","floor":3},{"not_picked":["Pommel Strike","Iron Wave"],"picked":"Ghostly Armor","floor":5},{"not_picked":["Pummel","Iron Wave"],"picked":"Entrench","floor":7},{"not_picked":["Pommel Strike","Flex","Entrench"],"picked":"SKIP","floor":8},{"not_picked":["Armaments","Inflame"],"picked":"Flame Barrier","floor":10},{"not_picked":["Sever Soul","Wild Strike"],"picked":"Power Through","floor":11},{"not_picked":["Immolate","Cleave","Clash"],"picked":"Singing Bowl","floor":12},{"not_picked":["Heavy Blade","Dark Embrace","Wild Strike"],"picked":"Singing Bowl","floor":14}],"player_experience":287488,"relics_obtained":[{"floor":9,"key":"Singing Bowl"}],"event_choices":[{"cards_removed":["Strike_R"],"damage_healed":0,"gold_gain":0,"player_choice":"Card Removal","damage_taken":0,"max_hp_gain":0,"max_hp_loss":0,"event_name":"The Cleric","floor":4,"gold_loss":50}],"is_beta":false,"boss_relics":[],"items_purged_floors":[],"is_endless":false,"potions_floor_spawned":[2,5,10,11,12,14],"killed_by":"Slime Boss","ascension_level":2}}