{"host":"6pgtslebjnyv5xmi","time":1609601999,"event":{"mods":["AchievementEnabler","BaseMod","Colored Map","Minty Spire (QoL Compilation)","Rare Cards Sparkle","StSLib","SuperFastMode","Td1madao Mod","everything is the same but u backflip on backflip"],"gold_per_floor":[116,116,116,129,129,141,66,86,164,339,386,386,386,401,401,501,501,511,611,367,385,385,385,385,385],"floor_reached":24,"playtime":985,"items_purged":["Regret","Defend_B"],"score":184,"play_id":"722719e9-ef50-492e-9627-4c5d1462c434","local_time":"20210103003959","is_ascension_mode":false,"campfire_choices":[{"data":"Lockon","floor":13.0,"key":"SMITH"},{"floor":15.0,"key":"REST"},{"data":"Double Energy","floor":23,"key":"SMITH"}],"circlet_count":0,"master_deck":["Defend_B","Defend_B","Defend_B","Zap","Dualcast","Clumsy","Coolheaded","Creative AI+1","Chill","Lockon+1","Defragment","Core Surge","Double Energy+1","Glacier+1","Core Surge","Consume+1"],"relics":["Cracked Core","Pen Nib","Pocketwatch","Bottled Flame","Potion Belt","Empty Cage","Orrery"],"acts_visited":["Exordium","TheCity"],"potions_floor_usage":[24],"damage_taken":[{"damage":5.0,"enemies":"Small Slimes","floor":1.0,"turns":4.0},{"damage":13.0,"enemies":"2 Louse","floor":4.0,"turns":4.0},{"damage":17.0,"enemies":"Cultist","floor":6.0,"turns":6.0},{"damage":6.0,"enemies":"Large Slime","floor":8.0,"turns":5.0},{"damage":0.0,"enemies":"2 Fungi Beasts","floor":14.0,"turns":3.0},{"damage":10.0,"enemies":"Hexaghost","floor":16.0,"turns":10.0},{"damage":44.0,"enemies":"3 Byrds","floor":18.0,"turns":7.0},{"damage":20,"enemies":"Shell Parasite","floor":21,"turns":9},{"damage":41,"enemies":"Book of Stabbing","floor":24,"turns":5}],"seed_played":"1234166968628218308","potions_obtained":[{"floor":1.0,"key":"Weak Potion"},{"floor":6.0,"key":"FairyPotion"},{"floor":16.0,"key":"CultistPotion"},{"floor":21,"key":"BlessingOfTheForge"}],"is_trial":false,"path_per_floor":["M","?","?","M","?","M","$","M","T","?","T","?","R","M","R","B",null,"M","?","$","M","?","R","E"],"character_chosen":"DEFECT","items_purchased":["Orrery"],"campfire_rested":1,"item_purchase_floors":[20],"current_hp_per_floor":[70,70,70,57,50,33,33,27,27,27,27,27,27,27,49,39,75,31,31,31,11,11,11,0,0],"gold":385,"neow_bonus":"TRANSFORM_TWO_CARDS","is_daily":false,"chose_seed":false,"campfire_upgraded":2,"win_rate":0.0,"timestamp":1609601999,"path_taken":["M","?","?","?","?","M","$","M","T","?","?","?","R","?","R","BOSS","M","?","$","?","?","R","E"],"items_purchased_type":["Relic"],"build_version":"2020-12-22","purchased_purges":2,"victory":false,"max_hp_per_floor":[75,75,75,75,75,75,75,75,75,75,75,75,75,75,75,75,75,75,75,75,75,75,75,75,75],"card_choices":[{"not_picked":["Streamline","Compile Driver"],"picked":"Chill","floor":1.0},{"not_picked":["Sweeping Beam","Stack","Compile Driver"],"picked":"SKIP","floor":4.0},{"not_picked":["Compile Driver","Barrage"],"picked":"Lockon","floor":6.0},{"not_picked":["Fusion","Stack"],"picked":"Defragment","floor":8.0},{"not_picked":["Sunder","Coolheaded","Steam"],"picked":"SKIP","floor":14.0},{"not_picked":["All For One","Creative AI"],"picked":"Core Surge","floor":16.0},{"not_picked":["Turbo","Steam","Gash"],"picked":"SKIP","floor":18.0},{"not_picked":["Melter","Cold Snap"],"picked":"Double Energy","floor":20},{"not_picked":["Streamline","Gash"],"picked":"Glacier+1","floor":20},{"not_picked":["Reinforced Body","Darkness"],"picked":"Core Surge","floor":20},{"not_picked":["Recycle","Steam"],"picked":"Consume+1","floor":21}],"player_experience":645629,"relics_obtained":[{"floor":9.0,"key":"Bottled Flame"},{"floor":11.0,"key":"Potion Belt"}],"event_choices":[{"damage_healed":0.0,"max_hp_gain":0.0,"max_hp_loss":0.0,"gold_gain":0.0,"event_name":"Big Fish","player_choice":"Box","floor":2.0,"gold_loss":0.0,"damage_taken":0.0,"relics_obtained":["Pen Nib"],"cards_obtained":["Regret"]},{"damage_healed":0.0,"max_hp_gain":0.0,"max_hp_loss":0.0,"gold_gain":0.0,"event_name":"Upgrade Shrine","player_choice":"Upgraded","floor":3.0,"gold_loss":0.0,"damage_taken":0.0,"cards_upgraded":["Creative AI"]},{"damage_healed":0.0,"max_hp_gain":0.0,"max_hp_loss":0.0,"gold_gain":0.0,"event_name":"Scrap Ooze","player_choice":"Success","floor":5.0,"gold_loss":0.0,"damage_taken":7.0,"relics_obtained":["Pocketwatch"]},{"damage_healed":0.0,"max_hp_gain":0.0,"max_hp_loss":0.0,"gold_gain":175.0,"event_name":"Liars Game","player_choice":"AGREE","floor":10.0,"gold_loss":0.0,"damage_taken":0.0,"cards_obtained":["Doubt"]},{"cards_removed":["Doubt"],"damage_healed":0.0,"max_hp_gain":0.0,"max_hp_loss":0.0,"gold_gain":0.0,"event_name":"Living Wall","player_choice":"Forget","floor":12.0,"gold_loss":0.0,"damage_taken":0.0},{"damage_healed":0.0,"max_hp_gain":0.0,"max_hp_loss":0.0,"gold_gain":100.0,"event_name":"Golden Shrine","player_choice":"Pray","floor":19.0,"gold_loss":0.0,"damage_taken":0.0},{"damage_healed":0,"gold_gain":0,"player_choice":"Ignored","damage_taken":0,"max_hp_gain":0,"max_hp_loss":0,"event_name":"Cursed Tome","floor":22,"gold_loss":0}],"is_beta":false,"boss_relics":[{"not_picked":["SlaversCollar","Fusion Hammer"],"picked":"Empty Cage"}],"items_purged_floors":[7,20],"is_endless":false,"potions_floor_spawned":[1,6,16,21],"killed_by":"Book of Stabbing","ascension_level":0}}