{"host":"n900smz9wr3yo27a","time":1609585443,"event":{"mods":["Arknights The Spire","BaseMod","CapriCore","GungeonMod","Hermit","Koishi","Lobotomy","Marisa£¨Ùöéë¡¡Øª×âÞÞ£©","Minty Spire (QoL Compilation)","Prisma Mod","Replay The Spire","StSLib","Td1madao Mod","The Animator","The Bug Knight","The Cursed","The Dragon Tamer","The Gatherer","The Hierophant","The Immortal","The Jungle","The Necromancer","The Poker Player","The Runesmith","WarShipGirlsR/??á´Ò³R mod"],"gold_per_floor":[212,212,228,228,241,241,274,294,294,259,277,311,311,322,322,420,420,434,434,461,204,215,215,215,229,229,25,25,54,73,107,107,208,208,219,219,231,9,56,56,56],"floor_reached":40,"playtime":2623,"items_purged":[],"score":584,"play_id":"09916ad3-76ff-4564-9d05-3be1f9649cc6","local_time":"20210102200403","is_ascension_mode":false,"campfire_choices":[{"data":"hermit:HighCaliber","floor":6,"key":"SMITH"},{"data":"hermit:Dive","floor":15,"key":"SMITH"},{"data":"hermit:Quickdraw","floor":24,"key":"SMITH"},{"floor":28,"key":"RECALL"},{"floor":32,"key":"REST"}],"circlet_count":0,"master_deck":["hermit:Strike_Hermit","hermit:Defend_Hermit","hermit:Defend_Hermit","hermit:Defend_Hermit","hermit:Snapshot","hermit:Covet","hermit:Quickdraw+1","hermit:HighCaliber+1","hermit:BigShot","hermit:RoundhouseKick","hermit:TrackingShot","hermit:Dive+1","hermit:FlashPowder","hermit:Reprieve","hermit:Snipe","hermit:Dive","hermit:PistolWhip","Decay","hermit:Desperado","hermit:Determination+1","hermit:CalledShot","hermit:Glare","hermit:BlackWind","hermit:HighCaliber+1","hermit:Brawl"],"relics":["hermit:Momento","Replay:Bottled Snecko","Lantern","DemoMod:SerJunkan","SlaversCollar","Red Mask","Darkstone Periapt","Lee\u0027s Waffle","DemoMod:ClearGuonStone","DemoMod:Junk","Cursed Key","DemoMod:WeirdEgg","Blood Vial"],"acts_visited":["Exordium","TheCity","TheBeyond"],"potions_floor_usage":[7,12,31,39],"damage_taken":[{"damage":0,"enemies":"Small Slimes","floor":1,"turns":3},{"damage":0,"enemies":"2 Louse","floor":3,"turns":2},{"damage":1,"enemies":"Cultist","floor":5,"turns":3},{"damage":28,"enemies":"3 Sentries","floor":7,"turns":6},{"damage":7,"enemies":"Looter","floor":8,"turns":3},{"damage":0,"enemies":"Blue Slaver","floor":11,"turns":2},{"damage":24,"enemies":"Lagavulin","floor":12,"turns":6},{"damage":0,"enemies":"Gremlin Gang","floor":14,"turns":4},{"damage":23,"enemies":"Hexaghost","floor":16,"turns":11},{"damage":11,"enemies":"Spheric Guardian","floor":18,"turns":4},{"damage":10,"enemies":"Masked Bandits","floor":20,"turns":5},{"damage":2,"enemies":"Chosen","floor":22,"turns":6},{"damage":18,"enemies":"Centurion and Healer","floor":25,"turns":6},{"damage":11,"enemies":"HollowMod:Nosk","floor":29,"turns":8},{"damage":15,"enemies":"Cultist and Chosen","floor":30,"turns":8},{"damage":47,"enemies":"Book of Stabbing","floor":31,"turns":8},{"damage":33,"enemies":"Pondfish","floor":33,"turns":9},{"damage":24,"enemies":"3 Darklings","floor":35,"turns":6},{"damage":1,"enemies":"3 Shapes","floor":37,"turns":5},{"damage":42,"enemies":"2 Orb Walkers","floor":39,"turns":6},{"damage":61,"enemies":"Giant Head","floor":40,"turns":8}],"seed_played":"6744837778444930607","potions_obtained":[{"floor":3,"key":"Weak Potion"},{"floor":8,"key":"DemoMod:LeadSkinPotion"},{"floor":11,"key":"ColorlessPotion"},{"floor":12,"key":"LiquidMemories"},{"floor":14,"key":"Elixir"},{"floor":33,"key":"Dexterity Potion"}],"is_trial":false,"path_per_floor":["M","?","M","?","M","R","E","M","T","?","M","E","?","M","R","B",null,"M","?","?","$","M","?","R","M","T","$","R","E","M","E","R","B",null,"M","?","M","$","?","E"],"character_chosen":"HERMIT","items_purchased":["Darkstone Periapt","hermit:Desperado","Lee\u0027s Waffle","hermit:Brawl","Blood Vial"],"campfire_rested":1,"item_purchase_floors":[21,27,27,38,38],"current_hp_per_floor":[75,75,75,75,74,74,46,39,39,57,57,33,33,33,33,10,75,64,64,54,54,56,62,62,52,52,88,88,77,66,23,49,16,88,64,64,71,71,35,0,0],"gold":56,"neow_bonus":"HUNDRED_GOLD","is_daily":false,"chose_seed":false,"campfire_upgraded":3,"win_rate":0.0,"timestamp":1609585443,"path_taken":["M","?","M","?","?","R","E","M","T","?","M","E","?","?","R","BOSS","M","?","?","$","M","?","R","M","T","$","R","E","M","E","R","BOSS","M","?","M","?","?","E"],"items_purchased_type":["Relic","Card","Relic","Card","Relic"],"build_version":"2020-12-22","purchased_purges":0,"victory":false,"max_hp_per_floor":[75,75,75,75,75,75,75,75,75,75,75,75,75,75,75,75,75,75,75,75,75,75,81,81,81,81,88,88,88,88,88,88,88,88,88,88,88,88,88,88,88],"card_choices":[{"not_picked":["hermit:Vantage","hermit:BodyArmor"],"picked":"hermit:Quickdraw","floor":1},{"not_picked":["hermit:SprayPray","hermit:Manifest"],"picked":"hermit:HighCaliber","floor":3},{"not_picked":["hermit:Feint","hermit:SprayPray"],"picked":"hermit:BigShot","floor":5},{"not_picked":["hermit:LowProfile","hermit:Shortfuse"],"picked":"hermit:RoundhouseKick","floor":7},{"not_picked":["hermit:Feint","hermit:Quickdraw"],"picked":"hermit:TrackingShot","floor":8},{"not_picked":["hermit:BodyArmor","hermit:HighCaliber"],"picked":"hermit:Ricochet","floor":11},{"not_picked":["hermit:TrackingShot","hermit:Gestalt"],"picked":"hermit:Dive","floor":12},{"not_picked":["hermit:Grudge","hermit:DeadMansHand"],"picked":"hermit:FlashPowder","floor":14},{"not_picked":["hermit:EternalForm","hermit:Roughhouse"],"picked":"hermit:Reprieve","floor":16},{"not_picked":["hermit:SprayPray","hermit:TrackingShot"],"picked":"hermit:Snipe","floor":18},{"not_picked":["hermit:Showdown+1","hermit:Glare"],"picked":"hermit:Dive","floor":20},{"not_picked":["hermit:FromBeyond","hermit:Feint"],"picked":"hermit:PistolWhip","floor":22},{"not_picked":["hermit:DeadMansHand","hermit:Shortfuse","hermit:SprayPray"],"picked":"SKIP","floor":25},{"not_picked":["hermit:LuckOfTheDraw","hermit:FinalCanter"],"picked":"hermit:Determination+1","floor":29},{"not_picked":["hermit:ItchyTrigger","hermit:TakeCover"],"picked":"hermit:CalledShot","floor":30},{"not_picked":["hermit:ShadowCloak","hermit:Combo"],"picked":"hermit:Glare","floor":31},{"not_picked":["hermit:Dissolve","hermit:Purgatory"],"picked":"hermit:BlackWind","floor":33},{"not_picked":["hermit:Spite+1","hermit:Feint","hermit:Malice"],"picked":"SKIP","floor":35},{"not_picked":["hermit:LowProfile+1","hermit:Feint+1"],"picked":"hermit:HighCaliber+1","floor":37}],"player_experience":738868,"relics_obtained":[{"floor":7,"key":"Replay:Bottled Snecko"},{"floor":9,"key":"Lantern"},{"floor":12,"key":"DemoMod:SerJunkan"},{"floor":20,"key":"Red Mask"},{"floor":29,"key":"DemoMod:ClearGuonStone"},{"floor":31,"key":"DemoMod:Junk"},{"floor":39,"key":"DemoMod:Junk"}],"event_choices":[{"cards_removed":["hermit:Strike_Hermit"],"damage_healed":0,"gold_gain":0,"player_choice":"Offered Basic","damage_taken":0,"max_hp_gain":0,"max_hp_loss":0,"event_name":"Bonfire Elementals","floor":4,"gold_loss":0},{"damage_healed":18,"gold_gain":0,"player_choice":"Healed","damage_taken":0,"max_hp_gain":0,"max_hp_loss":0,"event_name":"The Cleric","floor":10,"gold_loss":35},{"cards_removed":["hermit:Strike_Hermit"],"damage_healed":0,"gold_gain":0,"player_choice":"Purged","damage_taken":0,"max_hp_gain":0,"max_hp_loss":0,"event_name":"Purifier","floor":13,"gold_loss":0},{"cards_removed":["hermit:Strike_Hermit"],"damage_healed":0,"gold_gain":0,"player_choice":"Elegance","damage_taken":0,"max_hp_gain":0,"max_hp_loss":0,"event_name":"Back to Basics","floor":19,"gold_loss":0},{"damage_healed":0,"gold_gain":0,"player_choice":"Fought Bandits","damage_taken":0,"max_hp_gain":0,"max_hp_loss":0,"event_name":"Masked Bandits","floor":20,"gold_loss":0},{"damage_healed":0,"gold_gain":0,"player_choice":"Smashed Altar","damage_taken":0,"max_hp_gain":0,"max_hp_loss":0,"event_name":"Forgotten Altar","floor":23,"gold_loss":0,"cards_obtained":["Decay"]},{"cards_removed":["hermit:Ricochet"],"damage_healed":0,"gold_gain":0,"player_choice":"Gave Card","damage_taken":0,"relics_obtained":["DemoMod:WeirdEgg"],"max_hp_gain":0,"max_hp_loss":0,"event_name":"WeMeetAgain","floor":36,"gold_loss":0},{"damage_healed":0,"gold_gain":0,"player_choice":"Fight","damage_taken":0,"max_hp_gain":0,"max_hp_loss":0,"event_name":"Mysterious Sphere","floor":39,"gold_loss":0}],"is_beta":false,"boss_relics":[{"not_picked":["Replay:Wanted Poster","Replay:Bronze Core"],"picked":"SlaversCollar"},{"not_picked":["Tiny House","Snecko Heart"],"picked":"Cursed Key"}],"items_purged_floors":[],"is_endless":false,"potions_floor_spawned":[3,8,11,12,14,20,22,25,33,35],"killed_by":"Giant Head","ascension_level":0}}