{"host":"baymyijz6sxaqj5s","time":1609596633,"event":{"mods":["AchievementEnabler","BaseMod","Colored Map","Colored Powertips","DeckTracker","Highlight Path","KOR Keyword Fix","Keyboard Shortcuts","Minty Spire (QoL Compilation)","Quick Restart","StSLib","SuperFastMode"],"gold_per_floor":[119,137,154,0,12,12,12,12,12,12,28,44,61,80,80,185,185,198,213,213,213,213,213],"floor_reached":22,"playtime":593,"items_purged":[],"score":205,"play_id":"0836091b-03b0-4152-8464-26fb86c39c41","local_time":"20210102231033","is_ascension_mode":false,"campfire_choices":[{"data":"Dualcast","floor":7,"key":"SMITH"},{"data":"Zap","floor":10,"key":"SMITH"},{"floor":15,"key":"REST"}],"circlet_count":0,"master_deck":["Strike_B","Strike_B","Strike_B","Defend_B","Defend_B","Defend_B","Defend_B","Zap+1","Dualcast+1","Coolheaded","Ball Lightning","Compile Driver","Sweeping Beam","Echo Form","Leap"],"relics":["Cracked Core","Lee\u0027s Waffle","Ornamental Fan","Strawberry","SacredBark"],"acts_visited":["Exordium","TheCity"],"potions_floor_usage":[16,22,22],"damage_taken":[{"damage":2,"enemies":"Small Slimes","floor":1,"turns":3},{"damage":6,"enemies":"Jaw Worm","floor":2,"turns":3},{"damage":1,"enemies":"Cultist","floor":3,"turns":3},{"damage":9,"enemies":"Blue Slaver","floor":5,"turns":6},{"damage":1,"enemies":"2 Fungi Beasts","floor":11,"turns":5},{"damage":0,"enemies":"Large Slime","floor":12,"turns":4},{"damage":7,"enemies":"Blue Slaver","floor":13,"turns":3},{"damage":5,"enemies":"Looter","floor":14,"turns":2},{"damage":52,"enemies":"The Guardian","floor":16,"turns":11},{"damage":23,"enemies":"Shell Parasite","floor":18,"turns":9},{"damage":11,"enemies":"Chosen","floor":19,"turns":5},{"damage":46,"enemies":"3 Cultists","floor":22,"turns":6}],"seed_played":"-1620349766662624433","potions_obtained":[{"floor":2,"key":"SkillPotion"},{"floor":11,"key":"SpeedPotion"},{"floor":12,"key":"DuplicationPotion"}],"is_trial":false,"path_per_floor":["M","M","M","$","M","?","R","?","T","R","M","M","M","M","R","B",null,"M","M","?","?","M"],"character_chosen":"DEFECT","items_purchased":["Lee\u0027s Waffle"],"campfire_rested":1,"item_purchase_floors":[4],"current_hp_per_floor":[80,74,73,89,80,80,80,73,80,80,79,79,72,67,95,43,96,73,62,43,43,0,0],"gold":213,"neow_bonus":"TEN_PERCENT_HP_BONUS","is_daily":false,"chose_seed":false,"campfire_upgraded":2,"win_rate":0.0,"timestamp":1609596633,"path_taken":["M","M","M","$","M","?","R","?","T","R","M","M","M","M","R","BOSS","M","M","?","?","?"],"items_purchased_type":["Relic"],"build_version":"2020-12-22","purchased_purges":0,"victory":false,"max_hp_per_floor":[82,82,82,89,89,89,89,89,96,96,96,96,96,96,96,96,96,96,96,101,101,101,101],"card_choices":[{"not_picked":["Hologram","Rebound","Barrage"],"picked":"SKIP","floor":1},{"not_picked":["Rip and Tear","Rebound","White Noise"],"picked":"SKIP","floor":2},{"not_picked":["Heatsinks","Streamline","Barrage"],"picked":"SKIP","floor":3},{"not_picked":["Consume","Aggregate"],"picked":"Coolheaded","floor":5},{"not_picked":["Turbo","Steam Power"],"picked":"Ball Lightning","floor":11},{"not_picked":["Reboot","Scrape"],"picked":"Compile Driver","floor":12},{"not_picked":["Cold Snap","BootSequence","Hologram"],"picked":"SKIP","floor":13},{"not_picked":["Go for the Eyes","Reinforced Body"],"picked":"Sweeping Beam","floor":14},{"not_picked":["Buffer","Meteor Strike"],"picked":"Echo Form","floor":16},{"not_picked":["Streamline+1","Redo"],"picked":"Leap","floor":18},{"not_picked":["FTL","Beam Cell","Coolheaded+1"],"picked":"SKIP","floor":19}],"player_experience":290104,"relics_obtained":[{"floor":9,"key":"Strawberry"}],"event_choices":[{"damage_healed":0,"gold_gain":0,"player_choice":"Ignored","damage_taken":0,"max_hp_gain":0,"max_hp_loss":0,"event_name":"Liars Game","floor":6,"gold_loss":0},{"damage_healed":0,"gold_gain":0,"player_choice":"Success","damage_taken":7,"relics_obtained":["Ornamental Fan"],"max_hp_gain":0,"max_hp_loss":0,"event_name":"Scrap Ooze","floor":8,"gold_loss":0},{"damage_healed":0,"gold_gain":0,"player_choice":"Shed Blood","damage_taken":24,"max_hp_gain":5,"max_hp_loss":0,"event_name":"Forgotten Altar","floor":20,"gold_loss":0},{"cards_removed":["Strike_B"],"damage_healed":0,"gold_gain":0,"player_choice":"Offered Basic","damage_taken":0,"max_hp_gain":0,"max_hp_loss":0,"event_name":"Bonfire Elementals","floor":21,"gold_loss":0}],"is_beta":false,"boss_relics":[{"not_picked":["Ectoplasm","Fusion Hammer"],"picked":"SacredBark"}],"items_purged_floors":[],"is_endless":false,"potions_floor_spawned":[2,11,12],"killed_by":"3 Cultists","ascension_level":0}}