{"host":"6l14a1yoo52x3x71","time":1609617219,"event":{"mods":["2.2 Compatiblity","AchievementEnabler","Act Like it!","BaseMod","Better Third Choice","Colored Map","Googly Eyes","Marisa????????","Minty Spire (QoL Compilation)","Permanent Neow","Quick Restart","StSLib","The Poker Player"],"gold_per_floor":[116,116,130,145,159,159,159,159,159,174,174,189,200,217,217,320,320,339,356,556,576,187,187,187,35,35,35,35,68,79,79,79,176,176,191,42,92,143,143,143,162,181,235,252,280,19,0,18,18,18],"floor_reached":51,"playtime":2467,"items_purged":["Strike_MRS"],"score":716,"play_id":"cfe353d6-d36c-465f-874d-1dcd65055001","local_time":"20210102215339","is_ascension_mode":false,"campfire_choices":[{"data":"1","floor":6,"key":"LIFT"},{"data":"2","floor":8,"key":"LIFT"},{"data":"3","floor":11,"key":"LIFT"},{"data":"MaximisePower","floor":15,"key":"SMITH"},{"floor":23,"key":"REST"},{"data":"CollectingQuirk","floor":28,"key":"SMITH"},{"floor":32,"key":"REST"},{"floor":40,"key":"REST"},{"floor":49,"key":"REST"}],"circlet_count":0,"master_deck":["Strike_MRS","Strike_MRS","Strike_MRS","Defend_MRS","Defend_MRS","MasterSpark","UpSweep","MaximisePower+1","GrandCross","AsteroidBelt","NonDirectionalLaser","IllusionStar","CollectingQuirk+1","MillisecondPulsars","SuperPerseids+1","EnergyRecoil+1","Insight","MagicAbsorber+1","UltimateShortwave","MysteriousBeam+1","MeteoricShower+1","Acceleration","SporeBomb+1","MagicChant+1","Acceleration+1"],"relics":["MiniHakkero","Girya","Ornamental Fan","Question Card","RampagingMagicTools","Incense Burner","Oddly Smooth Stone","Eternal Feather","Pen Nib","Empty Cage","Bag of Preparation","Peace Pipe","CatCart","Vajra","Lantern","HornCleat","Red Mask"],"acts_visited":["Exordium","TheCity","TheBeyond"],"potions_floor_usage":[13,16,21,27,29,33,38,50,50,50],"damage_taken":[{"damage":1,"enemies":"Jaw Worm","floor":1,"turns":3},{"damage":5,"enemies":"Small Slimes","floor":3,"turns":3},{"damage":0,"enemies":"Cultist","floor":4,"turns":3},{"damage":8,"enemies":"3 Louse","floor":5,"turns":2},{"damage":0,"enemies":"Lots of Slimes","floor":10,"turns":2},{"damage":4,"enemies":"Red Slaver","floor":12,"turns":2},{"damage":2,"enemies":"Blue Slaver","floor":13,"turns":2},{"damage":0,"enemies":"2 Fungi Beasts","floor":14,"turns":2},{"damage":38,"enemies":"The Guardian","floor":16,"turns":8},{"damage":3,"enemies":"Spheric Guardian","floor":18,"turns":2},{"damage":18,"enemies":"Shell Parasite","floor":19,"turns":5},{"damage":11,"enemies":"3 Cultists","floor":21,"turns":5},{"damage":0,"enemies":"Sentry and Sphere","floor":27,"turns":1},{"damage":17,"enemies":"Book of Stabbing","floor":29,"turns":4},{"damage":6,"enemies":"Centurion and Healer","floor":30,"turns":4},{"damage":51,"enemies":"Champ","floor":33,"turns":9},{"damage":9,"enemies":"3 Shapes","floor":35,"turns":2},{"damage":0,"enemies":"Mind Bloom Boss Battle","floor":37,"turns":1},{"damage":46,"enemies":"Orin","floor":38,"turns":7},{"damage":0,"enemies":"Orb Walker","floor":41,"turns":2},{"damage":0,"enemies":"Jaw Worm Horde","floor":42,"turns":2},{"damage":9,"enemies":"3 Darklings","floor":44,"turns":3},{"damage":44,"enemies":"Nemesis","floor":45,"turns":3},{"damage":0,"enemies":"Spire Growth","floor":48,"turns":1},{"damage":3,"enemies":"Awakened One","floor":50,"turns":6}],"seed_played":"7100104035462126826","potions_obtained":[{"floor":1,"key":"BlessingOfTheForge"},{"floor":10,"key":"Weak Potion"},{"floor":12,"key":"ShroomBrew"},{"floor":16,"key":"LiquidBronze"},{"floor":19,"key":"SmokeBomb"},{"floor":29,"key":"Swift Potion"},{"floor":30,"key":"Regen Potion"},{"floor":35,"key":"Energy Potion"},{"floor":38,"key":"Dexterity Potion"},{"floor":45,"key":"Ancient Potion"}],"is_trial":false,"path_per_floor":["M","?","M","M","M","R","?","R","T","M","R","M","M","M","R","B",null,"M","M","?","M","$","R","?","$","T","M","R","E","M","?","R","B",null,"M","$","?","?","?","R","M","M","T","M","E","$","?","M","R","B",null],"character_chosen":"MARISA","items_purchased":["Incense Burner","Oddly Smooth Stone","Bag of Preparation","HornCleat"],"campfire_rested":4,"item_purchase_floors":[22,25,36,46],"current_hp_per_floor":[74,58,53,53,45,45,45,45,45,45,45,41,39,39,39,1,75,72,54,54,43,43,65,65,65,65,65,74,57,51,37,73,22,80,71,71,71,37,37,73,73,73,73,64,20,20,20,20,59,56],"gold":18,"neow_bonus":"ONE_RANDOM_RARE_CARD","is_daily":false,"chose_seed":false,"campfire_upgraded":2,"win_rate":0.0,"timestamp":1609617219,"path_taken":["M","?","M","M","M","R","?","R","T","M","R","?","M","M","R","BOSS","M","M","?","?","?","R","?","$","T","M","R","E","M","?","R","BOSS","M","$","?","?","?","R","M","M","T","M","E","$","?","M","R","BOSS"],"items_purchased_type":["Relic","Relic","Relic","Relic"],"build_version":"2020-12-22","purchased_purges":1,"victory":true,"max_hp_per_floor":[75,75,75,75,75,75,75,75,75,75,75,75,75,75,75,75,75,75,75,75,75,75,75,75,75,75,75,75,75,75,80,80,80,80,80,80,80,80,80,80,80,80,80,80,80,80,80,80,80,80],"card_choices":[{"not_picked":["FairyDestructionRay","OpenUniverse"],"picked":"GrandCross","floor":1},{"not_picked":["6A","WitchOfGreed"],"picked":"AsteroidBelt","floor":3},{"not_picked":["BlazeAway","6A","MeteoricShower"],"picked":"SKIP","floor":4},{"not_picked":["PowerUp","ShootingEcho"],"picked":"NonDirectionalLaser","floor":5},{"not_picked":["PowerUp","DoubleSpark","ManaConvection"],"picked":"IllusionStar","floor":10},{"not_picked":["DC","MysteriousBeam","GrandCross","ShootingEcho"],"picked":"SKIP","floor":12},{"not_picked":["WitchLeyline","MeteoricShower","GravityBeat"],"picked":"CollectingQuirk","floor":13},{"not_picked":["DeepEcoloBomb","GrandCross","OpenUniverse","6A"],"picked":"SKIP","floor":14},{"not_picked":["BigCrunch","SatelliteIllusion","BinaryStars"],"picked":"MillisecondPulsars","floor":16},{"not_picked":["ShootingEcho","NonDirectionalLaser","AsteroidBelt"],"picked":"SuperPerseids+1","floor":18},{"not_picked":["MysteriousBeam","AsteroidBelt","LuminesStrike"],"picked":"EnergyRecoil+1","floor":19},{"not_picked":["SuperPerseids","MillisecondPulsars","PulseMagic","GravityBeat+1"],"picked":"SKIP","floor":21},{"not_picked":["BlazeAway+1","MachineGunSpark","LuminesStrike+1"],"picked":"MagicAbsorber+1","floor":29},{"not_picked":["MysteriousBeam","PulseMagic","ChargeUpSpray","AsteroidBelt"],"picked":"SKIP","floor":30},{"not_picked":["ManaRampage","AbsoluteMagnitude","CollectingQuirk"],"picked":"UltimateShortwave","floor":33},{"not_picked":["WitchLeyline+1","UnstableBomb","DC"],"picked":"MysteriousBeam+1","floor":35},{"not_picked":["WitchLeyline+1","GravityBeat","AlicesGift+1"],"picked":"MeteoricShower+1","floor":37},{"not_picked":["DarkSpark","GrandCross","SporeBomb"],"picked":"Acceleration","floor":38},{"not_picked":["PowerUp","6A","ShootingEcho"],"picked":"SporeBomb+1","floor":41},{"not_picked":["ShootingEcho+1","GravityBeat","DoubleSpark","EnergyRecoil+1"],"picked":"SKIP","floor":42},{"not_picked":["WitchLeyline+1","GalacticHalo","DarkMatter+1"],"picked":"MagicChant+1","floor":44},{"not_picked":["WitchLeyline+1","CasketOfStar","Robbery","MagicChant"],"picked":"SKIP","floor":45},{"not_picked":["GrandCross+1","MilkyWay","AsteroidBelt"],"picked":"Acceleration+1","floor":48}],"player_experience":153439,"relics_obtained":[{"floor":9,"key":"Question Card"},{"floor":26,"key":"Eternal Feather"},{"floor":29,"key":"Pen Nib"},{"floor":37,"key":"Peace Pipe"},{"floor":38,"key":"CatCart"},{"floor":43,"key":"Vajra"},{"floor":45,"key":"Lantern"}],"event_choices":[{"damage_healed":0,"gold_gain":1,"player_choice":"Relic Relic ","damage_taken":16,"max_hp_gain":0,"max_hp_loss":0,"event_name":"betterThird:BetterScrap","floor":2,"gold_loss":0,"cards_obtained":["Echo Form"]},{"damage_healed":0,"gold_gain":0,"player_choice":"Ignored","damage_taken":0,"max_hp_gain":0,"max_hp_loss":0,"event_name":"NoteForYourself","floor":7,"gold_loss":0},{"damage_healed":0,"gold_gain":250,"player_choice":"Bet on Owner","damage_taken":0,"max_hp_gain":0,"max_hp_loss":0,"event_name":"The Joust","floor":20,"gold_loss":50},{"damage_healed":0,"gold_gain":0,"player_choice":"Insight","damage_taken":0,"max_hp_gain":0,"max_hp_loss":0,"event_name":"betterThird:BetterWriting","floor":24,"gold_loss":0,"cards_obtained":["Insight"]},{"damage_healed":0,"gold_gain":0,"player_choice":"Shed Blood","damage_taken":19,"max_hp_gain":5,"max_hp_loss":0,"event_name":"Forgotten Altar","floor":31,"gold_loss":0},{"damage_healed":0,"gold_gain":0,"player_choice":"Fight","damage_taken":0,"max_hp_gain":0,"max_hp_loss":0,"event_name":"MindBloom","floor":37,"gold_loss":0},{"damage_healed":0,"gold_gain":0,"player_choice":"Fight","damage_taken":0,"max_hp_gain":0,"max_hp_loss":0,"event_name":"OrinTheCat","floor":38,"gold_loss":0},{"damage_healed":0,"gold_gain":0,"player_choice":"Ignored","damage_taken":0,"max_hp_gain":0,"max_hp_loss":0,"event_name":"Mysterious Sphere","floor":39,"gold_loss":0},{"damage_healed":0,"gold_gain":0,"player_choice":"Paid","damage_taken":0,"relics_obtained":["Red Mask"],"max_hp_gain":0,"max_hp_loss":0,"event_name":"Tomb of Lord Red Mask","floor":47,"gold_loss":19}],"is_beta":false,"boss_relics":[{"not_picked":["SlaversCollar","Astrolabe"],"picked":"RampagingMagicTools"},{"not_picked":["Tiny House","Coffee Dripper"],"picked":"Empty Cage"}],"items_purged_floors":[22],"is_endless":false,"potions_floor_spawned":[1,10,12,16,19,29,30,35,38,45],"ascension_level":0}}