{"host":"wgmbtq7u7cgqo6r7","time":1609570076,"event":{"mods":["BaseMod","Colored Powertips","Marisa（霧雨　魔理沙）","Minty Spire (QoL Compilation)","Rare Cards Sparkle","StSLib","everything is the same but u backflip on backflip"],"gold_per_floor":[112,128,143,160,180,215,215,234,234,234,234,248,36,56,56,152,152,168,168,187,195,224,224,257,257,282,307,323,333,333,333,333,333,333],"floor_reached":33,"playtime":1560,"items_purged":["Defend_MRS"],"score":287,"play_id":"49d3139f-cddd-4b6e-8a82-1c4a266d4631","local_time":"20210102014756","is_ascension_mode":true,"campfire_choices":[{"floor":7,"key":"REST"},{"floor":10,"key":"REST"},{"floor":15,"key":"RECALL"},{"floor":23,"key":"REST"},{"floor":30,"key":"REST"},{"floor":32,"key":"REST"}],"circlet_count":0,"master_deck":["Strike_MRS","Strike_MRS","Strike_MRS","Defend_MRS","Defend_MRS","Defend_MRS","MasterSpark","UpSweep","BlazeAway","GrandCross","LuminesStrike","StarBarrage","MachineGunSpark","FairyDestructionRay","Robbery","AsteroidBelt","AbsoluteMagnitude","SprinkleStarSeal","BlazingStar","OrrerysSun+1","AsteroidBelt+1","DeepEcoloBomb+1","EarthLightRay+1"],"relics":["MiniHakkero","Unceasing Top","Nunchaku","RampagingMagicTools","FaceOfCleric","Pocketwatch","Smiling Mask"],"acts_visited":["Exordium","TheCity"],"potions_floor_usage":[6,16,18,21,24,24,24,27,29],"damage_taken":[{"damage":1,"enemies":"Cultist","floor":1,"turns":3},{"damage":1,"enemies":"Jaw Worm","floor":2,"turns":3},{"damage":0,"enemies":"Small Slimes","floor":3,"turns":2},{"damage":4,"enemies":"Gremlin Gang","floor":4,"turns":3},{"damage":8,"enemies":"3 Louse","floor":5,"turns":2},{"damage":25,"enemies":"Lagavulin","floor":6,"turns":7},{"damage":0,"enemies":"2 Fungi Beasts","floor":8,"turns":2},{"damage":0,"enemies":"Large Slime","floor":12,"turns":3},{"damage":0,"enemies":"Lots of Slimes","floor":14,"turns":1},{"damage":64,"enemies":"Slime Boss","floor":16,"turns":8},{"damage":15,"enemies":"2 Thieves","floor":18,"turns":3},{"damage":2,"enemies":"Spheric Guardian","floor":20,"turns":3},{"damage":0,"enemies":"Snake Plant","floor":21,"turns":1},{"damage":12,"enemies":"Shelled Parasite and Fungi","floor":22,"turns":6},{"damage":33,"enemies":"Book of Stabbing","floor":24,"turns":5},{"damage":8,"enemies":"Chosen and Byrds","floor":27,"turns":7},{"damage":0,"enemies":"Snecko","floor":28,"turns":4},{"damage":29,"enemies":"Colosseum Slavers","floor":29,"turns":5},{"damage":63,"enemies":"Automaton","floor":33,"turns":6}],"seed_played":"-4567755474778679335","potions_obtained":[{"floor":2,"key":"SkillPotion"},{"floor":3,"key":"SmokeBomb"},{"floor":12,"key":"BottledSpark"},{"floor":16,"key":"AttackPotion"},{"floor":18,"key":"Block Potion"},{"floor":20,"key":"EssenceOfSteel"},{"floor":24,"key":"Fruit Juice"},{"floor":25,"key":"SneckoOil"},{"floor":25,"key":"FearPotion"},{"floor":25,"key":"Block Potion"},{"floor":27,"key":"BlessingOfTheForge"}],"is_trial":false,"path_per_floor":["M","M","M","M","M","E","R","M","T","R","?","M","$","M","R","B",null,"M","?","M","M","M","R","E","?","T","M","M","?","R","?","R","B"],"character_chosen":"MARISA","items_purchased":["AbsoluteMagnitude"],"campfire_rested":5,"item_purchase_floors":[13],"current_hp_per_floor":[67,66,66,62,54,29,49,49,49,68,68,68,68,68,68,4,68,53,53,52,53,42,63,36,36,36,29,30,8,32,26,50,0,0],"gold":333,"neow_bonus":"ONE_RARE_RELIC","is_daily":false,"chose_seed":false,"campfire_upgraded":0,"win_rate":0.0,"timestamp":1609570076,"path_taken":["M","M","M","M","M","E","R","?","T","R","?","M","$","M","R","BOSS","M","?","M","M","?","R","E","?","T","?","M","?","R","?","R","BOSS"],"items_purchased_type":["Card"],"build_version":"2020-12-22","purchased_purges":1,"victory":false,"max_hp_per_floor":[68,68,68,68,68,68,68,68,68,68,68,68,68,68,68,68,68,68,68,69,70,71,71,77,77,77,78,79,80,80,80,80,80,80],"card_choices":[{"not_picked":["LuminesStrike","GasGiant"],"picked":"BlazeAway","floor":1},{"not_picked":["GasGiant","MilkyWay"],"picked":"GrandCross","floor":2},{"not_picked":["Orbital","WitchLeyline"],"picked":"LuminesStrike","floor":3},{"not_picked":["WitchLeyline","EnergyRecoil"],"picked":"StarBarrage","floor":4},{"not_picked":["GalacticHalo","Robbery"],"picked":"MachineGunSpark","floor":5},{"not_picked":["SatelliteIllusion","Orbital"],"picked":"FairyDestructionRay","floor":6},{"not_picked":["DC","ChargingUp","WitchOfGreed"],"picked":"SKIP","floor":8},{"not_picked":["MagicChant","GalacticHalo"],"picked":"AsteroidBelt","floor":12},{"not_picked":["DarkSpark","SporeBomb"],"picked":"SprinkleStarSeal","floor":14},{"not_picked":["MaximisePower","CollectingQuirk"],"picked":"BlazingStar","floor":16},{"not_picked":["WitchLeyline","UnstableBomb"],"picked":"OrrerysSun+1","floor":18},{"not_picked":["GrandCross","EventHorizon","IllusionStar"],"picked":"SKIP","floor":20},{"not_picked":["OpenUniverse","MachineGunSpark","DoubleSpark"],"picked":"SKIP","floor":22},{"not_picked":["PowerUp","Orbital"],"picked":"AsteroidBelt+1","floor":24},{"not_picked":["DragonMeteor+1","PowerUp"],"picked":"DeepEcoloBomb+1","floor":27},{"not_picked":["MilkyWay","PowerUp"],"picked":"EarthLightRay+1","floor":28}],"player_experience":122667,"relics_obtained":[{"floor":6,"key":"Nunchaku"},{"floor":24,"key":"Pocketwatch"},{"floor":26,"key":"Smiling Mask"}],"event_choices":[{"damage_healed":0,"gold_gain":0,"cards_transformed":["Strike_MRS"],"player_choice":"Change","damage_taken":0,"max_hp_gain":0,"max_hp_loss":0,"event_name":"Living Wall","floor":11,"gold_loss":0,"cards_obtained":["Robbery"]},{"damage_healed":0,"gold_gain":0,"player_choice":"Trade","damage_taken":0,"relics_obtained":["FaceOfCleric"],"max_hp_gain":0,"max_hp_loss":0,"event_name":"FaceTrader","floor":19,"gold_loss":0},{"damage_healed":0,"gold_gain":0,"player_choice":"Got Potions","damage_taken":0,"max_hp_gain":0,"max_hp_loss":0,"event_name":"Lab","floor":25,"gold_loss":0},{"damage_healed":0,"gold_gain":0,"player_choice":"Fight","damage_taken":0,"max_hp_gain":0,"max_hp_loss":0,"event_name":"Colosseum","floor":29,"gold_loss":0},{"damage_healed":0,"gold_gain":0,"player_choice":"Fled From Nobs","damage_taken":0,"max_hp_gain":0,"max_hp_loss":0,"event_name":"Colosseum","floor":29,"gold_loss":0},{"damage_healed":0,"gold_gain":0,"player_choice":"","damage_taken":6,"max_hp_gain":0,"max_hp_loss":0,"event_name":"Knowing Skull","floor":31,"potions_obtained":[],"gold_loss":0,"cards_obtained":[]}],"is_beta":false,"boss_relics":[{"not_picked":["Pandora\u0027s Box","Runic Pyramid"],"picked":"RampagingMagicTools"}],"items_purged_floors":[13],"is_endless":false,"potions_floor_spawned":[2,3,12,16,18,20,24,27],"killed_by":"Automaton","ascension_level":1}}