{"host":"aj7el8l5kufbk20z","time":1609586021,"event":{"mods":["AchievementEnabler","BaseMod","Colored Map","Colored Powertips","Curses Come First","Highlight Path","Minty Spire (QoL Compilation)","Quick Restart","Rare Cards Sparkle","Relic Stats","StSLib","SuperFastMode"],"gold_per_floor":[118,138,138,63,238,238,238,238,284,284,297,102,13,37,37,161,161,184,184,103,116,131,131,131],"floor_reached":23,"playtime":1134,"items_purged":["Injury","Doubt","Defend_R"],"score":269,"play_id":"24f01fde-c6d5-46e4-8031-1fd6119e7fa7","local_time":"20210102191341","is_ascension_mode":true,"campfire_choices":[{"data":"Armaments","floor":6,"key":"SMITH"},{"data":"Body Slam","floor":8,"key":"SMITH"},{"data":"Bash","floor":10,"key":"SMITH"},{"data":"Magnetism","floor":15,"key":"SMITH"}],"circlet_count":0,"master_deck":["AscendersBane","Strike_R","Strike_R","Defend_R","Defend_R","Bash+1","Body Slam+1","Armaments+1","Inflame","Magnetism+1","Heavy Blade","Feed","Berserk+1","Rampage+1","Sword Boomerang+1","Anger+1","Ghostly Armor"],"relics":["Burning Blood","Golden Idol","Art of War","Membership Card","Astrolabe","Bag of Marbles"],"acts_visited":["Exordium","TheCity"],"potions_floor_usage":[21],"damage_taken":[{"damage":6,"enemies":"Cultist","floor":1,"turns":4},{"damage":11,"enemies":"Small Slimes","floor":2,"turns":5},{"damage":2,"enemies":"2 Louse","floor":11,"turns":3},{"damage":5,"enemies":"Blue Slaver","floor":14,"turns":4},{"damage":56,"enemies":"Hexaghost","floor":16,"turns":10},{"damage":33,"enemies":"Spheric Guardian","floor":18,"turns":4},{"damage":16,"enemies":"3 Byrds","floor":21,"turns":6},{"damage":27,"enemies":"Centurion and Healer","floor":22,"turns":6},{"damage":0,"enemies":"Book of Stabbing","floor":23,"turns":1}],"seed_played":"-9193382280251145745","potions_obtained":[{"floor":1,"key":"Fire Potion"},{"floor":16,"key":"Fire Potion"},{"floor":21,"key":"DuplicationPotion"},{"floor":22,"key":"SpeedPotion"}],"is_trial":false,"path_per_floor":["M","M","?","$","?","R","T","R","T","R","M","$","$","M","R","B",null,"M","?","$","M","M","E"],"character_chosen":"IRONCLAD","items_purchased":["Membership Card","Magnetism","Ghostly Armor"],"campfire_rested":0,"item_purchase_floors":[12,13,20],"current_hp_per_floor":[72,67,67,67,67,67,67,67,67,67,71,71,71,72,72,22,66,39,39,39,32,15,15,15],"gold":131,"neow_bonus":"REMOVE_CARD","is_daily":false,"chose_seed":false,"campfire_upgraded":4,"win_rate":0.0,"timestamp":1609586021,"path_taken":["M","?","?","$","?","R","?","R","T","R","M","?","$","M","R","BOSS","M","?","$","M","M","E"],"items_purchased_type":["Relic","Card","Card"],"build_version":"2020-12-22","purchased_purges":3,"victory":false,"max_hp_per_floor":[80,80,80,80,80,80,80,80,80,80,80,80,80,80,80,80,80,80,80,80,83,87,87,87],"relic_stats":{"counters":[9,43],"Golden Idol":44,"Astrolabe":["Berserk","Rampage","Sword Boomerang"],"Art of War":[0],"obtain_stats":[{"Golden Idol":3,"Astrolabe":17,"Art of War":9,"Bag of Marbles":19,"Membership Card":12,"Burning Blood":0},{"Golden Idol":2,"Astrolabe":5,"Art of War":2,"Bag of Marbles":6,"Membership Card":3,"Burning Blood":0},{"Golden Idol":9,"Astrolabe":26,"Art of War":9,"Bag of Marbles":30,"Membership Card":12,"Burning Blood":0}],"Burning Blood":48},"card_choices":[{"not_picked":["Headbutt","Clash"],"picked":"Body Slam","floor":1},{"not_picked":["Evolve","Cleave"],"picked":"Armaments","floor":2},{"not_picked":["Sword Boomerang","Wild Strike"],"picked":"Inflame","floor":11},{"not_picked":["Thunderclap","Body Slam"],"picked":"Heavy Blade","floor":14},{"not_picked":["Exhume","Offering"],"picked":"Feed","floor":16},{"not_picked":["Searing Blow","Pommel Strike+1"],"picked":"Anger+1","floor":18},{"not_picked":["Havoc","Disarm+1","Bludgeon"],"picked":"SKIP","floor":21},{"not_picked":["Thunderclap+1","Havoc","Armaments"],"picked":"SKIP","floor":22}],"player_experience":322268,"relics_obtained":[{"floor":9,"key":"Art of War"}],"event_choices":[{"damage_healed":0,"gold_gain":0,"player_choice":"Take Wound","damage_taken":0,"relics_obtained":["Golden Idol"],"max_hp_gain":0,"max_hp_loss":0,"event_name":"Golden Idol","floor":3,"gold_loss":0,"cards_obtained":["Injury"]},{"damage_healed":0,"gold_gain":175,"player_choice":"AGREE","damage_taken":0,"max_hp_gain":0,"max_hp_loss":0,"event_name":"Liars Game","floor":5,"gold_loss":0,"cards_obtained":["Doubt"]},{"damage_healed":0,"gold_gain":0,"player_choice":"Gave Potion","damage_taken":0,"relics_obtained":["Bag of Marbles"],"max_hp_gain":0,"max_hp_loss":0,"event_name":"WeMeetAgain","floor":19,"gold_loss":0}],"is_beta":false,"boss_relics":[{"not_picked":["Snecko Eye","Calling Bell"],"picked":"Astrolabe"}],"items_purged_floors":[4,12,20],"is_endless":false,"potions_floor_spawned":[1,16,21,22],"killed_by":"Book of Stabbing","ascension_level":10}}