{"host":"vumwfieg2b2mnrfl","time":1609547345,"event":{"mods":["AchievementEnabler","BaseMod","Minty Spire (QoL Compilation)","Rare Cards Sparkle","Relic Stats"],"gold_per_floor":[110,110,110,128,148,148,177,177,177,204,204,231,231,86,86,160,160,174,174,99,114,164,164,199,199,199,199,56,56,67,84,84,161,161,176,201,201,201,219,219,235,235,235,235,288,322,339,339,339],"floor_reached":48,"playtime":1321,"items_purged":[],"score":914,"play_id":"fb10fa21-e78a-43a8-97ff-e27aedf002d7","local_time":"20210101182905","is_ascension_mode":true,"campfire_choices":[{"data":"Immolate","floor":6.0,"key":"SMITH"},{"data":"Bash","floor":8.0,"key":"SMITH"},{"data":"Inflame","floor":11.0,"key":"SMITH"},{"data":"Armaments","floor":15.0,"key":"SMITH"},{"floor":23.0,"key":"REST"},{"floor":25.0,"key":"REST"},{"floor":29.0,"key":"REST"},{"floor":32.0,"key":"REST"},{"floor":42,"key":"REST"},{"floor":44,"key":"REST"}],"circlet_count":0,"master_deck":["AscendersBane","Strike_R","Strike_R","Strike_R","Defend_R","Defend_R","Defend_R","Defend_R","Bash+1","Inflame+1","Immolate+1","Headbutt","Shrug It Off","Anger","Headbutt","Armaments+1","Cleave","Demon Form","Metallicize","Pummel","Pommel Strike+1","Armaments","Metallicize","Barricade","Heavy Blade","Mayhem","Flame Barrier","Shrug It Off","Shrug It Off+1"],"relics":["Burning Blood","NeowsBlessing","White Beast Statue","Singing Bowl","Strawberry","Ornamental Fan","Orrery","Fusion Hammer","Regal Pillow","PreservedInsect","Bottled Tornado","ClockworkSouvenir","Empty Cage","Magic Flower","Turnip","Ice Cream","Molten Egg 2"],"acts_visited":["Exordium","TheCity","TheBeyond"],"potions_floor_usage":[40,45,46,47,48],"damage_taken":[{"damage":0.0,"enemies":"Jaw Worm","floor":1.0,"turns":1.0},{"damage":0.0,"enemies":"Cultist","floor":4.0,"turns":1.0},{"damage":0.0,"enemies":"Small Slimes","floor":5.0,"turns":1.0},{"damage":25.0,"enemies":"3 Sentries","floor":7.0,"turns":5.0},{"damage":20.0,"enemies":"Lagavulin","floor":10.0,"turns":4.0},{"damage":8.0,"enemies":"Gremlin Nob","floor":12.0,"turns":3.0},{"damage":43.0,"enemies":"Hexaghost","floor":16.0,"turns":9.0},{"damage":34.0,"enemies":"3 Byrds","floor":18.0,"turns":4.0},{"damage":19.0,"enemies":"Shell Parasite","floor":21.0,"turns":5.0},{"damage":36.0,"enemies":"Book of Stabbing","floor":24.0,"turns":4.0},{"damage":27.0,"enemies":"Snecko","floor":30.0,"turns":4.0},{"damage":27.0,"enemies":"Cultist and Chosen","floor":31.0,"turns":5.0},{"damage":54.0,"enemies":"Automaton","floor":33.0,"turns":9.0},{"damage":36.0,"enemies":"3 Darklings","floor":35.0,"turns":4.0},{"damage":22.0,"enemies":"Mind Bloom Boss Battle","floor":36.0,"turns":6.0},{"damage":16.0,"enemies":"3 Shapes","floor":39.0,"turns":4.0},{"damage":5,"enemies":"Nemesis","floor":40,"turns":4},{"damage":13,"enemies":"Maw","floor":41,"turns":7},{"damage":26,"enemies":"2 Orb Walkers","floor":45,"turns":3},{"damage":46,"enemies":"Giant Head","floor":46,"turns":7},{"damage":24,"enemies":"3 Darklings","floor":47,"turns":5},{"damage":29,"enemies":"Writhing Mass","floor":48,"turns":2}],"seed_played":"-4106028805492952966","potions_obtained":[{"floor":3.0,"key":"LiquidMemories"},{"floor":3.0,"key":"Energy Potion"},{"floor":5.0,"key":"AttackPotion"},{"floor":10.0,"key":"EssenceOfSteel"},{"floor":12.0,"key":"DuplicationPotion"},{"floor":16.0,"key":"DuplicationPotion"},{"floor":18.0,"key":"Block Potion"},{"floor":24.0,"key":"LiquidBronze"},{"floor":31.0,"key":"SmokeBomb"},{"floor":36.0,"key":"DuplicationPotion"},{"floor":41,"key":"Explosive Potion"},{"floor":45,"key":"ColorlessPotion"},{"floor":46,"key":"DistilledChaos"},{"floor":47,"key":"Strength Potion"}],"is_trial":false,"path_per_floor":["M","$","?","M","M","R","E","R","T","E","R","E","$","$","R","B",null,"M","?","?","M","?","R","E","R","T","T","$","R","M","M","R","B",null,"M","?","?","?","M","E","M","R","T","R","?","E","M","M"],"character_chosen":"IRONCLAD","items_purchased":["Orrery","ClockworkSouvenir"],"campfire_rested":6,"item_purchase_floors":[14,28],"current_hp_per_floor":[74,74,74,75,75,75,56,56,56,49,49,47,47,51,51,14,68,40,40,40,27,27,52,22,62,62,62,62,86,65,44,84,36,74,44,30,30,30,23,27,25,67,67,90,73,36,23,0,0],"gold":339,"neow_bonus":"THREE_ENEMY_KILL","is_daily":false,"chose_seed":false,"campfire_upgraded":4,"win_rate":0.0,"timestamp":1609547345,"path_taken":["M","$","?","?","M","R","E","R","T","E","R","E","?","$","R","BOSS","M","?","?","?","?","R","E","R","T","?","$","R","M","M","R","BOSS","M","?","?","?","M","E","M","R","T","R","?","E","M","M"],"items_purchased_type":["Relic","Relic"],"build_version":"2020-12-22","purchased_purges":0,"victory":false,"max_hp_per_floor":[75,75,75,75,75,75,75,75,75,82,82,82,82,86,86,86,86,86,86,86,86,86,86,86,86,86,86,86,86,86,86,86,86,86,86,88,88,88,88,88,90,90,90,90,90,90,92,92,92],"relic_stats":{"Regal Pillow":45,"Singing Bowl":10,"counters":[22,97],"Ornamental Fan":[72],"Magic Flower":[18],"PreservedInsect":180,"Turnip":[0],"obtain_stats":[{"Ice Cream":45,"Regal Pillow":24,"NeowsBlessing":0,"Singing Bowl":9,"Magic Flower":36,"PreservedInsect":26,"Bottled Tornado":27,"Empty Cage":34,"Burning Blood":0,"White Beast Statue":7,"ClockworkSouvenir":28,"Ornamental Fan":12,"Strawberry":10,"Orrery":14,"Molten Egg 2":46,"Fusion Hammer":17,"Turnip":43},{"Ice Cream":19,"Regal Pillow":10,"NeowsBlessing":0,"Singing Bowl":4,"Magic Flower":15,"PreservedInsect":10,"Bottled Tornado":10,"Empty Cage":13,"Burning Blood":0,"White Beast Statue":4,"ClockworkSouvenir":10,"Ornamental Fan":6,"Strawberry":5,"Orrery":6,"Molten Egg 2":20,"Fusion Hammer":7,"Turnip":18},{"Ice Cream":83,"Regal Pillow":37,"NeowsBlessing":0,"Singing Bowl":8,"Magic Flower":65,"PreservedInsect":37,"Bottled Tornado":37,"Empty Cage":55,"Burning Blood":0,"White Beast Statue":8,"ClockworkSouvenir":37,"Ornamental Fan":15,"Strawberry":12,"Orrery":15,"Molten Egg 2":90,"Fusion Hammer":24,"Turnip":80}],"Burning Blood":133},"card_choices":[{"not_picked":["Wild Strike","Flex"],"picked":"Inflame","floor":1.0},{"not_picked":["Flex","Pommel Strike"],"picked":"Immolate","floor":4.0},{"not_picked":["Burning Pact","Iron Wave"],"picked":"Headbutt","floor":5.0},{"not_picked":["Fire Breathing","Burning Pact"],"picked":"Shrug It Off","floor":7.0},{"not_picked":["Iron Wave","Headbutt"],"picked":"Anger","floor":10.0},{"not_picked":["Anger","Sword Boomerang"],"picked":"Headbutt","floor":12.0},{"not_picked":["Pommel Strike","Flame Barrier"],"picked":"Demon Form","floor":14.0},{"not_picked":["Heavy Blade","Cleave"],"picked":"Armaments","floor":14.0},{"not_picked":["Second Wind","Brutality"],"picked":"Cleave","floor":14.0},{"not_picked":["Wild Strike","Perfected Strike","Anger"],"picked":"Singing Bowl","floor":14.0},{"not_picked":["Sword Boomerang","Headbutt","Twin Strike"],"picked":"Singing Bowl","floor":14.0},{"not_picked":["Fiend Fire","Bludgeon"],"picked":"Demon Form","floor":16.0},{"not_picked":["True Grit","Burning Pact"],"picked":"Metallicize","floor":18.0},{"not_picked":["Evolve","Fire Breathing"],"picked":"Pummel","floor":21.0},{"not_picked":["Dropkick","Iron Wave"],"picked":"Pommel Strike+1","floor":24.0},{"not_picked":["Body Slam","Second Wind"],"picked":"Armaments","floor":30.0},{"not_picked":["Entrench","Clash"],"picked":"Metallicize","floor":31.0},{"not_picked":["Exhume","Immolate"],"picked":"Barricade","floor":33.0},{"not_picked":["Thunderclap","Dark Embrace+1"],"picked":"Heavy Blade","floor":35.0},{"not_picked":["Dual Wield","Whirlwind","Reckless Charge"],"picked":"Singing Bowl","floor":36.0},{"not_picked":["Impatience","Good Instincts"],"picked":"Mayhem","floor":37.0},{"not_picked":["Havoc","Reckless Charge"],"picked":"Flame Barrier","floor":39.0},{"not_picked":["Iron Wave","Flex","Twin Strike"],"picked":"Singing Bowl","floor":41},{"not_picked":["Body Slam","Fiend Fire"],"picked":"Shrug It Off","floor":45},{"not_picked":["Iron Wave+1","Body Slam+1"],"picked":"Shrug It Off+1","floor":46},{"not_picked":["Exhume","Twin Strike+1","Perfected Strike+1"],"picked":"Singing Bowl","floor":47}],"player_experience":342776,"relics_obtained":[{"floor":7.0,"key":"White Beast Statue"},{"floor":9.0,"key":"Singing Bowl"},{"floor":10.0,"key":"Strawberry"},{"floor":12.0,"key":"Ornamental Fan"},{"floor":24.0,"key":"Regal Pillow"},{"floor":26.0,"key":"PreservedInsect"},{"floor":27.0,"key":"Bottled Tornado"},{"floor":36.0,"key":"Magic Flower"},{"floor":43,"key":"Turnip"},{"floor":45,"key":"Ice Cream"},{"floor":46,"key":"Molten Egg 2"}],"event_choices":[{"damage_healed":0.0,"max_hp_gain":0.0,"max_hp_loss":0.0,"gold_gain":0.0,"event_name":"Lab","player_choice":"Got Potions","floor":3.0,"gold_loss":0.0,"damage_taken":0.0},{"damage_healed":0.0,"max_hp_gain":0.0,"max_hp_loss":0.0,"gold_gain":0.0,"event_name":"Cursed Tome","player_choice":"Ignored","floor":19.0,"gold_loss":0.0,"damage_taken":0.0},{"cards_removed":["Strike_R"],"damage_healed":0.0,"max_hp_gain":0.0,"max_hp_loss":0.0,"gold_gain":0.0,"event_name":"Beggar","player_choice":"Gave Gold","floor":20.0,"gold_loss":75.0,"damage_taken":0.0},{"damage_healed":0.0,"max_hp_gain":0.0,"max_hp_loss":0.0,"gold_gain":50.0,"event_name":"Nest","player_choice":"Stole From Cult","floor":22.0,"gold_loss":0.0,"damage_taken":0.0},{"damage_healed":0.0,"max_hp_gain":0.0,"max_hp_loss":0.0,"gold_gain":0.0,"event_name":"MindBloom","player_choice":"Fight","floor":36.0,"gold_loss":0.0,"damage_taken":0.0},{"damage_healed":0.0,"max_hp_gain":0.0,"max_hp_loss":0.0,"gold_gain":0.0,"event_name":"SensoryStone","player_choice":"Memory 1","floor":37.0,"gold_loss":0.0,"damage_taken":0.0},{"damage_healed":0.0,"max_hp_gain":0.0,"max_hp_loss":0.0,"gold_gain":0.0,"event_name":"Tomb of Lord Red Mask","player_choice":"Ignored","floor":38.0,"gold_loss":0.0,"damage_taken":0.0},{"damage_healed":0,"gold_gain":0,"player_choice":"Fight","damage_taken":0,"max_hp_gain":0,"max_hp_loss":0,"event_name":"Mysterious Sphere","floor":45,"gold_loss":0}],"is_beta":false,"boss_relics":[{"not_picked":["Runic Pyramid","Black Blood"],"picked":"Fusion Hammer"},{"not_picked":["Runic Dome","Coffee Dripper"],"picked":"Empty Cage"}],"items_purged_floors":[],"is_endless":false,"potions_floor_spawned":[5,7,10,12,16,18,21,24,30,31,33,35,36,39,40,41,45,46,47],"killed_by":"Writhing Mass","ascension_level":15}}