{"host":"at64dhdf9kc8hjax","time":1609565262,"event":{"mods":["Act Like it!","BaseMod","Dota2Spire","Friendly Minions","Gensokyo","Highlight Path","Minty Spire (QoL Compilation)","Quick Restart","RumiaBox-露米娅的神秘盒子","Spicy Shops","StSLib","SuperFastMode","【遗物卡牌】REMEMod"],"gold_per_floor":[109,119,129,129,129,129,161,161,161,177,195,208,208,225,225,329,329,348,368,385,484,484,484,504,538,585,112,112,212,242,258,258,355,355,372,390,401,416,432,432,461,461,530,541,603,603,621,8,8,8],"floor_reached":51,"playtime":3379,"items_purged":["Strike_G","Strike_G"],"score":1320,"play_id":"cf81340d-bf12-4d48-b918-fa48feed8399","local_time":"20210102132742","is_ascension_mode":true,"campfire_choices":[{"data":"REME_Flogging","floor":6.0,"key":"SMITH"},{"data":"Neutralize","floor":8.0,"key":"SMITH"},{"data":"Dagger Spray","floor":13.0,"key":"SMITH"},{"data":"Dagger Throw","floor":15.0,"key":"SMITH"},{"data":"Tools of the Trade","floor":23.0,"key":"SMITH"},{"floor":28.0,"key":"REST"},{"data":"Survivor","floor":32.0,"key":"SMITH"},{"data":"REME_GreenPollution","floor":40.0,"key":"SMITH"},{"data":"Defend_G","floor":42.0,"key":"SMITH"},{"data":"Defend_G","floor":49,"key":"SMITH"}],"circlet_count":0,"master_deck":["AscendersBane","Strike_G","Strike_G","Strike_G","Defend_G","Defend_G","Defend_G","Defend_G+1","Defend_G+1","Survivor+1","Neutralize+1","REME_Flogging+1","REME_GreenPollution+1","Terror+1","Night Terror+1","Dagger Spray+1","Tools of the Trade+1","Underhanded Strike+1","Riddle With Holes+1","Prepared+1","REME_Flogging+1","Tactician+1","Venomology+1","Master of Strategy+1","Bandage Up+1","Thinking Ahead+1","Dark Shackles+1","Prepared+1","Acrobatics+1","Eviscerate+1"],"relics":["Ring of the Snake","REME_ComplimentaryCards","Dota2Spire:Mjollnir","Toxic Egg 2","Dota2Spire:MaskOfMadness","Black Star","Eternal Feather","TungstenRod","Regal Pillow","REME_HandOfSuture","DollysMirror","Dota2Spire:Vanguard","HornCleat","Dota2Spire:Butterfly","Mercury Hourglass","Blood Vial","REME_LowDesire","PreservedInsect","Dota2Spire:EchoSabre","Dota2Spire:ShadowBlade","White Beast Statue","Bottled Tornado","Calipers","Dota2Spire:LotusOrb","OrangePellets","Omamori","Strange Spoon","Dota2Spire:ArmletOfMordiggian"],"acts_visited":["Exordium","TheCity","TheBeyond"],"potions_floor_usage":[50],"damage_taken":[{"damage":4.0,"enemies":"Cultist","floor":1.0,"turns":2.0},{"damage":1.0,"enemies":"Small Slimes","floor":2.0,"turns":3.0},{"damage":8.0,"enemies":"Jaw Worm","floor":3.0,"turns":3.0},{"damage":10.0,"enemies":"Gremlin Nob","floor":7.0,"turns":3.0},{"damage":0.0,"enemies":"Looter","floor":10.0,"turns":1.0},{"damage":0.0,"enemies":"2 Fungi Beasts","floor":11.0,"turns":2.0},{"damage":4.0,"enemies":"3 Louse","floor":12.0,"turns":2.0},{"damage":0.0,"enemies":"Large Slime","floor":14.0,"turns":2.0},{"damage":7.0,"enemies":"The Guardian","floor":16.0,"turns":8.0},{"damage":20.0,"enemies":"Shell Parasite","floor":18.0,"turns":5.0},{"damage":0.0,"enemies":"Spheric Guardian","floor":19.0,"turns":2.0},{"damage":26.0,"enemies":"Shelled Parasite and Fungi","floor":20.0,"turns":4.0},{"damage":0.0,"enemies":"Sentry and Sphere","floor":24.0,"turns":2.0},{"damage":24.0,"enemies":"REME_1_Revenger","floor":25.0,"turns":4.0},{"damage":0.0,"enemies":"Colosseum Slavers","floor":29.0,"turns":2.0},{"damage":13.0,"enemies":"Colosseum Nobs","floor":29.0,"turns":3.0},{"damage":2.0,"enemies":"Book of Stabbing","floor":30.0,"turns":3.0},{"damage":0.0,"enemies":"Snake Plant","floor":31.0,"turns":2.0},{"damage":0.0,"enemies":"Collector","floor":33.0,"turns":4.0},{"damage":1.0,"enemies":"3 Shapes","floor":35.0,"turns":3.0},{"damage":0.0,"enemies":"3 Darklings","floor":36.0,"turns":2.0},{"damage":0.0,"enemies":"Spire Growth","floor":37.0,"turns":2.0},{"damage":0.0,"enemies":"Jaw Worm Horde","floor":38.0,"turns":3.0},{"damage":0.0,"enemies":"Transient","floor":39.0,"turns":5.0},{"damage":0.0,"enemies":"Reptomancer","floor":41.0,"turns":2.0},{"damage":0.0,"enemies":"3 Darklings","floor":44.0,"turns":2.0},{"damage":0.0,"enemies":"Giant Head","floor":45.0,"turns":4.0},{"damage":0,"enemies":"Maw","floor":47,"turns":2},{"damage":1,"enemies":"Awakened One","floor":50,"turns":5}],"seed_played":"7207357536707831374","potions_obtained":[{"floor":3.0,"key":"Strength Potion"},{"floor":12.0,"key":"Fire Potion"},{"floor":18.0,"key":"AttackPotion"},{"floor":20.0,"key":"SteroidPotion"},{"floor":33.0,"key":"SpeedPotion"},{"floor":41.0,"key":"Poison Potion"},{"floor":44.0,"key":"REME_GoldPotion"},{"floor":45.0,"key":"Block Potion"}],"is_trial":false,"path_per_floor":["M","M","M","?","?","R","E","R","T","M","M","M","R","M","R","B",null,"M","M","M","?","?","R","M","E","T","$","R","?","E","M","R","B",null,"M","M","M","M","M","R","E","R","T","M","E","?","M","$","R","B",null],"character_chosen":"THE_SILENT","items_purchased":["Prepared+1","REME_HandOfSuture","DollysMirror","Dota2Spire:Vanguard","OrangePellets","Omamori","Strange Spoon","Dota2Spire:ArmletOfMordiggian"],"campfire_rested":1,"item_purchase_floors":[27,27,27,27,48,48,48,48],"current_hp_per_floor":[59,58,50,50,70,70,60,60,60,60,60,56,56,56,56,49,65,49,49,26,26,26,26,26,13,13,13,61,48,46,48,60,62,68,69,70,70,70,70,70,70,70,70,70,70,70,70,70,70,70],"gold":8,"neow_bonus":"ONE_RARE_RELIC","is_daily":false,"chose_seed":false,"campfire_upgraded":9,"win_rate":0.0,"timestamp":1609565262,"path_taken":["M","M","M","?","?","R","E","R","T","M","M","M","R","M","R","BOSS","M","M","?","?","?","R","M","E","T","?","R","?","E","M","R","BOSS","M","M","M","M","M","R","E","R","T","M","E","?","M","$","R","BOSS"],"items_purchased_type":["Card","Relic","Relic","Relic","Relic","Relic","Relic","Relic"],"build_version":"2020-12-22","purchased_purges":2,"victory":true,"max_hp_per_floor":[70,70,70,70,70,70,70,70,70,70,70,70,70,70,70,70,70,70,70,70,70,70,70,70,70,70,70,70,70,70,70,70,70,70,70,70,70,70,70,70,70,70,70,70,70,70,70,70,70,70],"card_choices":[{"not_picked":["Slice","Prepared"],"picked":"REME_GreenPollution","floor":1.0},{"not_picked":["Dash","Dodge and Roll"],"picked":"Eviscerate","floor":2.0},{"not_picked":["Expertise","Outmaneuver","Slice"],"picked":"SKIP","floor":3.0},{"not_picked":["Expertise+1","Blade Dance+1"],"picked":"Dagger Throw","floor":7.0},{"not_picked":["Flechettes","Blur+1"],"picked":"Terror+1","floor":10.0},{"not_picked":["Terror+1","Dodge and Roll+1"],"picked":"Night Terror+1","floor":11.0},{"not_picked":["Bane","Outmaneuver+1"],"picked":"Dagger Spray","floor":12.0},{"not_picked":["Predator","Bouncing Flask+1","Sucker Punch"],"picked":"SKIP","floor":14.0},{"not_picked":["Doppelganger+1","REME_GrazeFinale"],"picked":"Tools of the Trade","floor":16.0},{"not_picked":["Dagger Spray","Outmaneuver+1","Caltrops"],"picked":"SKIP","floor":18.0},{"not_picked":["Endless Agony","Dagger Spray+1"],"picked":"Underhanded Strike+1","floor":19.0},{"not_picked":["Catalyst+1","Poisoned Stab","PiercingWail+1"],"picked":"SKIP","floor":20.0},{"not_picked":["Poisoned Stab","Outmaneuver+1","Bouncing Flask+1"],"picked":"SKIP","floor":24.0},{"not_picked":["Storm of Steel+1","PiercingWail+1"],"picked":"Riddle With Holes+1","floor":25.0},{"not_picked":["Glass Knife","Terror+1","Poisoned Stab"],"picked":"SKIP","floor":30.0},{"not_picked":["Deadly Poison+1","Dodge and Roll+1"],"picked":"Tactician+1","floor":31.0},{"not_picked":["Glass Knife","Storm of Steel+1"],"picked":"Venomology+1","floor":33.0},{"not_picked":["Flying Knee","PiercingWail+1","Distraction+1"],"picked":"Master of Strategy+1","floor":35.0},{"not_picked":["Bane+1","Outmaneuver+1","Poisoned Stab+1","REME_PuzzleBox+1"],"picked":"SKIP","floor":36.0},{"not_picked":["Endless Agony+1","Calculated Gamble+1","Heel Hook+1"],"picked":"Bandage Up+1","floor":37.0},{"not_picked":["Terror+1","Poisoned Stab+1","Slice"],"picked":"Thinking Ahead+1","floor":38.0},{"not_picked":["Masterful Stab+1","Poisoned Stab","Dagger Throw+1"],"picked":"Dark Shackles+1","floor":39.0},{"not_picked":["Phantasmal Killer+1","Expertise+1","Chrysalis+1"],"picked":"Prepared+1","floor":41.0},{"not_picked":["Choke","Heel Hook+1","Forethought+1"],"picked":"Acrobatics+1","floor":44.0},{"not_picked":["Infinite Blades","Poisoned Stab+1","Trip+1"],"picked":"Eviscerate+1","floor":45.0},{"not_picked":["Dodge and Roll+1","Poisoned Stab+1","Blade Dance+1","Forethought+1"],"picked":"SKIP","floor":47}],"player_experience":221027,"relics_obtained":[{"floor":7.0,"key":"Toxic Egg 2"},{"floor":9.0,"key":"Dota2Spire:MaskOfMadness"},{"floor":25.0,"key":"Eternal Feather"},{"floor":25.0,"key":"TungstenRod"},{"floor":26.0,"key":"Regal Pillow"},{"floor":29.0,"key":"HornCleat"},{"floor":29.0,"key":"Dota2Spire:Butterfly"},{"floor":30.0,"key":"Mercury Hourglass"},{"floor":30.0,"key":"Blood Vial"},{"floor":34.0,"key":"PreservedInsect"},{"floor":34.0,"key":"Dota2Spire:EchoSabre"},{"floor":41.0,"key":"Dota2Spire:ShadowBlade"},{"floor":41.0,"key":"White Beast Statue"},{"floor":43.0,"key":"Bottled Tornado"},{"floor":45.0,"key":"Calipers"},{"floor":45.0,"key":"Dota2Spire:LotusOrb"}],"event_choices":[{"cards_removed":["Pain"],"damage_healed":0.0,"max_hp_gain":0.0,"max_hp_loss":0.0,"gold_gain":0.0,"event_name":"Living Wall","player_choice":"Forget","floor":4.0,"gold_loss":0.0,"damage_taken":0.0},{"cards_removed":["Eviscerate"],"damage_healed":20.0,"max_hp_gain":0.0,"max_hp_loss":0.0,"gold_gain":0.0,"event_name":"Bonfire Elementals","player_choice":"Offered Uncommon","floor":5.0,"gold_loss":0.0,"damage_taken":0.0},{"damage_healed":0.0,"max_hp_gain":0.0,"max_hp_loss":0.0,"gold_gain":99.0,"event_name":"Nest","player_choice":"Stole From Cult","floor":21.0,"gold_loss":0.0,"damage_taken":0.0},{"damage_healed":0.0,"max_hp_gain":0.0,"max_hp_loss":0.0,"gold_gain":0.0,"event_name":"Ghosts","player_choice":"Ignored","floor":22.0,"gold_loss":0.0,"damage_taken":0.0},{"damage_healed":0.0,"max_hp_gain":0.0,"max_hp_loss":0.0,"gold_gain":0.0,"event_name":"Colosseum","player_choice":"Fight","floor":29.0,"gold_loss":0.0,"damage_taken":0.0},{"damage_healed":0.0,"max_hp_gain":0.0,"max_hp_loss":0.0,"gold_gain":0.0,"event_name":"Colosseum","player_choice":"Fought Nobs","floor":29.0,"gold_loss":0.0,"damage_taken":0.0},{"cards_removed":["Dagger Throw"],"damage_healed":0.0,"max_hp_gain":0.0,"max_hp_loss":0.0,"gold_gain":0.0,"event_name":"Falling","player_choice":"Removed Attack","floor":46.0,"gold_loss":0.0,"damage_taken":0.0}],"is_beta":false,"boss_relics":[{"not_picked":["SoulBox","Runic Pyramid"],"picked":"Black Star"},{"not_picked":["Sozu","Ring of the Serpent"],"picked":"REME_LowDesire"}],"items_purged_floors":[27,48],"is_endless":false,"potions_floor_spawned":[3,12,14,18,20,29,33,36,41,44,45,47],"ascension_level":11}}