{"host":"640uue19m79c7wbt","time":1609624329,"event":{"mods":["BaseMod","Colored Map","Googly Eyes","Highlight Path","Minty Spire (QoL Compilation)","Quick Restart","StSLib"],"gold_per_floor":[115,115,127,127,0,29,29,42,67,83,99,99,134,150,150,249,249,269,283,58,74,349,349,376,395,420,434,434,89,106,119,119,221,221,236,236,236,236,236],"floor_reached":38,"playtime":1821,"items_purged":["Strike_G","Regret"],"score":620,"play_id":"263171ca-1120-426d-ab35-e2f4b5e26624","local_time":"20210102165209","is_ascension_mode":true,"campfire_choices":[{"data":"Noxious Fumes","floor":7.0,"key":"SMITH"},{"data":"Adrenaline","floor":12.0,"key":"SMITH"},{"floor":15.0,"key":"REST"},{"floor":23.0,"key":"REST"},{"floor":32.0,"key":"REST"}],"circlet_count":0,"master_deck":["Defend_G","Defend_G","Defend_G","Defend_G","Defend_G","Survivor","Neutralize","Underhanded Strike","Noxious Fumes+1","Eviscerate","Flying Knee","Neutralize","Noxious Fumes","PiercingWail","Well Laid Plans","Underhanded Strike","Bane","Adrenaline+1","Caltrops","Reflex","Wraith Form v2","Catalyst+1","Setup+1","Tactician","Calculated Gamble","Dash","Prepared","Eviscerate","Noxious Fumes+1","Prepared","Slice+1","Night Terror","Distraction+1","Tools of the Trade+1","Glass Knife+1","Underhanded Strike+1"],"relics":["Ring of the Snake","NeowsBlessing","Boot","Tiny Chest","TungstenRod","HoveringKite","White Beast Statue","Potion Belt","Blood Vial","HornCleat","Astrolabe","Dream Catcher"],"acts_visited":["Exordium","TheCity","TheBeyond"],"potions_floor_usage":[38],"damage_taken":[{"damage":0.0,"enemies":"Cultist","floor":1.0,"turns":1.0},{"damage":0.0,"enemies":"2 Louse","floor":3.0,"turns":1.0},{"damage":0.0,"enemies":"Gremlin Nob","floor":6.0,"turns":1.0},{"damage":10.0,"enemies":"Small Slimes","floor":8.0,"turns":3.0},{"damage":2.0,"enemies":"Red Slaver","floor":10.0,"turns":3.0},{"damage":8.0,"enemies":"Looter","floor":11.0,"turns":3.0},{"damage":17.0,"enemies":"3 Sentries","floor":13.0,"turns":5.0},{"damage":6.0,"enemies":"Exordium Wildlife","floor":14.0,"turns":4.0},{"damage":38.0,"enemies":"Slime Boss","floor":16.0,"turns":8.0},{"damage":12.0,"enemies":"Chosen","floor":18.0,"turns":5.0},{"damage":0.0,"enemies":"3 Byrds","floor":19.0,"turns":3.0},{"damage":13.0,"enemies":"3 Cultists","floor":21.0,"turns":5.0},{"damage":31.0,"enemies":"Slavers","floor":24.0,"turns":7.0},{"damage":26.0,"enemies":"Cultist and Chosen","floor":25.0,"turns":5.0},{"damage":12.0,"enemies":"Snecko","floor":27.0,"turns":5.0},{"damage":10.0,"enemies":"Snake Plant","floor":30.0,"turns":4.0},{"damage":9.0,"enemies":"3 Cultists","floor":31.0,"turns":5.0},{"damage":17.0,"enemies":"Automaton","floor":33.0,"turns":9.0},{"damage":27.0,"enemies":"Orb Walker","floor":35.0,"turns":3.0},{"damage":42,"enemies":"3 Darklings","floor":38,"turns":4}],"seed_played":"6439902318772577081","potions_obtained":[{"floor":3.0,"key":"Ancient Potion"},{"floor":8.0,"key":"SneckoOil"},{"floor":10.0,"key":"FairyPotion"},{"floor":11.0,"key":"CunningPotion"},{"floor":14.0,"key":"ColorlessPotion"},{"floor":24.0,"key":"Regen Potion"},{"floor":25.0,"key":"LiquidMemories"},{"floor":27.0,"key":"SkillPotion"},{"floor":30.0,"key":"GhostInAJar"},{"floor":31.0,"key":"SteroidPotion"},{"floor":33.0,"key":"Fruit Juice"},{"floor":35.0,"key":"FearPotion"}],"is_trial":false,"path_per_floor":["M","?","M","?","$","E","R","M","T","M","M","R","E","M","R","B",null,"M","M","$","M","?","R","E","M","T","M","T","$","M","M","R","B",null,"M","?","T","M"],"character_chosen":"THE_SILENT","items_purchased":["Noxious Fumes","PiercingWail","Tactician","Calculated Gamble","HornCleat"],"campfire_rested":3,"item_purchase_floors":[5,5,20,20,29],"current_hp_per_floor":[63,63,63,63,63,63,63,53,53,51,43,43,26,20,41,3,53,41,41,41,28,28,49,18,6,6,21,21,21,13,6,27,12,56,36,36,36,0,0],"gold":236,"neow_bonus":"THREE_ENEMY_KILL","is_daily":false,"chose_seed":false,"campfire_upgraded":2,"win_rate":0.0,"timestamp":1609624329,"path_taken":["M","?","M","?","$","E","R","?","T","M","M","R","E","M","R","BOSS","M","?","$","M","?","R","E","M","T","?","?","$","M","?","R","BOSS","M","?","?","M"],"items_purchased_type":["Card","Card","Card","Card","Relic"],"build_version":"2020-12-22","purchased_purges":2,"victory":false,"max_hp_per_floor":[70,70,70,70,70,70,70,70,70,70,70,70,70,70,70,70,70,70,70,70,70,70,70,70,70,70,70,70,70,70,70,70,70,70,75,75,75,75,75],"card_choices":[{"not_picked":["Bane","Deadly Poison"],"picked":"Underhanded Strike","floor":1.0},{"not_picked":["Caltrops","Reflex"],"picked":"Eviscerate","floor":3.0},{"not_picked":["All Out Attack","Outmaneuver"],"picked":"Well Laid Plans","floor":6.0},{"not_picked":["Expertise","Deflect"],"picked":"Underhanded Strike","floor":8.0},{"not_picked":["Cloak And Dagger","PiercingWail"],"picked":"Bane","floor":10.0},{"not_picked":["Poisoned Stab","Accuracy"],"picked":"Adrenaline","floor":11.0},{"not_picked":["Dagger Throw","Deadly Poison"],"picked":"Caltrops","floor":13.0},{"not_picked":["Deadly Poison","Flechettes"],"picked":"Reflex","floor":14.0},{"not_picked":["Glass Knife","Malaise"],"picked":"Wraith Form v2","floor":16.0},{"not_picked":["Dodge and Roll","Sucker Punch"],"picked":"Catalyst+1","floor":18.0},{"not_picked":["Backflip","Dagger Spray"],"picked":"Setup+1","floor":19.0},{"not_picked":["Flying Knee","Deadly Poison"],"picked":"Dash","floor":21.0},{"not_picked":["Escape Plan","Outmaneuver"],"picked":"Prepared","floor":24.0},{"not_picked":["Bane","Quick Slash"],"picked":"Eviscerate","floor":25.0},{"not_picked":["Dash","PiercingWail"],"picked":"Noxious Fumes+1","floor":27.0},{"not_picked":["Accuracy","Predator"],"picked":"Prepared","floor":30.0},{"not_picked":["Backflip","Accuracy"],"picked":"Slice+1","floor":31.0},{"not_picked":["Unload","Doppelganger"],"picked":"Night Terror","floor":33.0},{"not_picked":["Calculated Gamble","Bane"],"picked":"Underhanded Strike+1","floor":35.0}],"player_experience":556915,"relics_obtained":[{"floor":6.0,"key":"Boot"},{"floor":9.0,"key":"Tiny Chest"},{"floor":13.0,"key":"TungstenRod"},{"floor":24.0,"key":"White Beast Statue"},{"floor":26.0,"key":"Potion Belt"},{"floor":28.0,"key":"Blood Vial"},{"floor":37.0,"key":"Dream Catcher"}],"event_choices":[{"damage_healed":0.0,"max_hp_gain":0.0,"max_hp_loss":0.0,"gold_gain":0.0,"cards_transformed":["Strike_G"],"event_name":"Living Wall","player_choice":"Change","floor":2.0,"gold_loss":0.0,"damage_taken":0.0,"cards_obtained":["Noxious Fumes"]},{"damage_healed":0.0,"max_hp_gain":0.0,"max_hp_loss":0.0,"gold_gain":0.0,"event_name":"Match and Keep!","player_choice":"2 cards matched","floor":4.0,"gold_loss":0.0,"damage_taken":0.0,"cards_obtained":["Flying Knee","Neutralize"]},{"damage_healed":0.0,"max_hp_gain":0.0,"max_hp_loss":0.0,"gold_gain":275.0,"event_name":"Golden Shrine","player_choice":"Desecrate","floor":22.0,"gold_loss":0.0,"damage_taken":0.0,"cards_obtained":["Regret"]},{"damage_healed":0.0,"max_hp_gain":0.0,"max_hp_loss":0.0,"gold_gain":0.0,"event_name":"Tomb of Lord Red Mask","player_choice":"Ignored","floor":36.0,"gold_loss":0.0,"damage_taken":0.0}],"is_beta":false,"boss_relics":[{"not_picked":["Runic Dome","Ring of the Serpent"],"picked":"HoveringKite"},{"not_picked":["Busted Crown","Black Star"],"picked":"Astrolabe"}],"items_purged_floors":[20,29],"is_endless":false,"potions_floor_spawned":[3,8,10,11,14,24,25,27,30,31,33,35],"killed_by":"3 Darklings","ascension_level":6}}