{"host":"1shobamjx3kfwgso","time":1609627020,"event":{"mods":["2.2 Compatiblity","A Magickal Journey","AchievementEnabler","Act Like it!","Aspiration","BaseMod","Beaked The Cultist","Better Altar","Better Match","Better Sensory Stone","Better Skull","Better Third Choice","BetterRewards","Block Reminder","CCEM","CapriCore","Challenge The Spire","Clockwork Mod","Colored Map","Colored Powertips","Conjunction","Conspire","Defuse TimeMaze Blight","Downfall","Energized Spire","Exacting","FoggyMod","GifTheSpireLib","GungeonMod","Halation","Hallownest","Hermit","Highlight Path","Hubris","Infinite Spire","Ironclad Rager","JesterMod","Lobotomy","LobotomyExtend","Mimic Mod","Minty Spire (QoL Compilation)","Pale of the Ancients","Quick Restart","Relic Sorter","Replay The Spire","Shade Mod","Shop Mod","StSLib","Stuff the Spire","The Bladedancer","The Blue Laboratory","The Bug Knight","The Construct","The Cursed","The Dragon Tamer","The Druid","The Immortal","The Juggle","The Marked","The Mystic","The Sage","The Servant 0.9.4","TheFirefly","TheVacant","Uncapped","vexMod"],"gold_per_floor":[118,118,73,73,73,73,90,90,117,117,151,251,251,308,308,442,442,472,472,472,472,472,503,503,510,510],"floor_reached":25,"playtime":3811,"items_purged":[],"score":201,"play_id":"031f0202-78ef-4e4f-ab51-af64a722d615","local_time":"20210102173700","is_ascension_mode":false,"campfire_choices":[{"data":"DemoMod:RustySidearm","floor":6,"key":"SMITH"},{"data":"DemoMod:TableSutra","floor":10,"key":"SMITH"},{"data":"DemoMod:StickyCrossBow","floor":13,"key":"SMITH"},{"floor":15,"key":"REST"},{"data":"DemoMod:ConditionalReflex","floor":24,"key":"SMITH"}],"circlet_count":0,"master_deck":["DemoMod:Strike_Huntress","DemoMod:Strike_Huntress","DemoMod:Strike_Huntress","DemoMod:Defend_Huntress","DemoMod:Defend_Huntress","DemoMod:Defend_Huntress","DemoMod:Defend_Huntress","DemoMod:Roll","DemoMod:ManualReload","DemoMod:RustySidearm+1","DemoMod:CrossBow","DespairKnight","DemoMod:DirectionalPad","DemoMod:TableSutra+1","DemoMod:StickyCrossBow+1","DemoMod:FinishedGun","OSAHOGD","DemoMod:FullFirepower","expansioncontent:DonusPower+1","DemoMod:DarkMarker","DemoMod:ConditionalReflex+1","Wellcheers","Shame","expansioncontent:TimeRipple+1","DemoMod:StickyCrossBow+1"],"relics":["DemoMod:Dog","HellTrain","CogitoBucket","RabbitCall","LetterFromLob","hubris:Towel","betterThird:SlimedRelic","conspire:Dentures","CCEMRelics:FestiveHat","Odd Mushroom","CCEMRelics:SpiritsEdge","hubris:TenFootPole","halation:PinkAlligatorPlush","conspire:DeflatedDodgeball","DemoMod:Ammonomicon","vexMod:BarristanHead"],"acts_visited":["Exordium","TheCity"],"potions_floor_usage":[],"damage_taken":[{"damage":0.0,"enemies":"conspire:RoseBush","floor":1.0,"turns":4.0},{"damage":25,"enemies":"infinitespire:Voidling","floor":7,"turns":7},{"damage":0,"enemies":"The Mushroom Lair","floor":11,"turns":6},{"damage":0,"enemies":"Jaw Worm","floor":14,"turns":8},{"damage":19,"enemies":"Hexaghost","floor":16,"turns":14},{"damage":46,"enemies":"2 Thieves","floor":18,"turns":8},{"damage":25,"enemies":"Nightmare","floor":23,"turns":4}],"seed_played":"1955162290203352964","potions_obtained":[{"floor":7,"key":"Strength Potion"}],"is_trial":false,"path_per_floor":["M","?","M","$","?","R","M","T","T","R","?","?","R","?","R","B",null,"M","?","AVR","?","?","NM","R","?"],"character_chosen":"HUNTRESS","items_purchased":[],"campfire_rested":1,"item_purchase_floors":[],"current_hp_per_floor":[70,70,59,59,59,59,44,44,44,44,44,44,44,44,65,46,70,24,24,24,24,24,70,70,0,0],"gold":510,"neow_bonus":"","is_daily":false,"chose_seed":false,"campfire_upgraded":4,"win_rate":0.0,"timestamp":1609627020,"path_taken":["M","?","?","$","?","R","?","?","T","R","?","?","R","?","R","BOSS","M","?","AVR","?","?","NM","R","?"],"items_purchased_type":[],"build_version":"2020-12-22","purchased_purges":0,"victory":false,"max_hp_per_floor":[70,70,70,70,70,70,70,70,70,70,70,70,70,70,70,70,70,70,70,70,70,70,70,70,70,70],"card_choices":[{"not_picked":["FairyFestival","VoidDream","Murderer"],"picked":"Singing Bowl","floor":1.0},{"not_picked":["Alriune","PunishingBird"],"picked":"DespairKnight","floor":1.0},{"not_picked":["DemoMod:ZorGun","DemoMod:AC15"],"picked":"DemoMod:DirectionalPad","floor":1.0},{"not_picked":["Porccubus","PunishingBird","CherryBlossoms"],"picked":"Singing Bowl","floor":7},{"not_picked":["DemoMod:SAA","DemoMod:FeignSurrender"],"picked":"DemoMod:TableSutra","floor":7},{"not_picked":["BeautyBeast","Scarecrow","HeroicMonk"],"picked":"Singing Bowl","floor":11},{"not_picked":["DemoMod:HighKaliber","DemoMod:FastSwitch"],"picked":"DemoMod:StickyCrossBow","floor":11},{"not_picked":["DemoMod:TeaPot","DemoMod:SAA"],"picked":"DemoMod:FinishedGun","floor":14},{"not_picked":["Yin","Alriune"],"picked":"OSAHOGD","floor":14},{"not_picked":["DemoMod:BoxingGlove","DemoMod:DoubleSwitch"],"picked":"DemoMod:FullFirepower","floor":14},{"not_picked":["Transmutation+1","StuffTheSpire:FreeRealEstate+1"],"picked":"expansioncontent:DonusPower+1","floor":16},{"not_picked":["LittlePrince","MeatLantern","Alriune"],"picked":"Singing Bowl","floor":16},{"not_picked":["DemoMod:SuppressiveFire","DemoMod:Elimentaler"],"picked":"DemoMod:DarkMarker","floor":16},{"not_picked":["DemoMod:LifeOrb","DemoMod:JK47"],"picked":"DemoMod:ConditionalReflex","floor":18},{"not_picked":["SnowQueen","RedShoes","Murderer"],"picked":"Singing Bowl","floor":18},{"not_picked":["BeautyBeast","UniverseFragment"],"picked":"Wellcheers","floor":18},{"not_picked":["RedShoes","PunishingBird","NakedNest"],"picked":"Singing Bowl","floor":23},{"not_picked":["Secret Weapon+1","StuffTheSpire:PlasmaPunch+1"],"picked":"expansioncontent:TimeRipple+1","floor":23},{"not_picked":["DemoMod:TeaPot","DemoMod:SniperShot+1"],"picked":"DemoMod:StickyCrossBow+1","floor":23}],"player_experience":285531,"relics_obtained":[{"floor":1.0,"key":"LetterFromLob"},{"floor":8,"key":"conspire:Dentures"},{"floor":9,"key":"CCEMRelics:FestiveHat"},{"floor":11,"key":"Odd Mushroom"},{"floor":14,"key":"CCEMRelics:SpiritsEdge"},{"floor":14,"key":"hubris:TenFootPole"},{"floor":23,"key":"vexMod:BarristanHead"}],"event_choices":[{"damage_healed":0,"gold_gain":0,"player_choice":"Slimed","damage_taken":11,"max_hp_gain":0,"max_hp_loss":0,"event_name":"betterThird:BetterGoop","floor":3,"gold_loss":45},{"damage_healed":0,"gold_gain":0,"player_choice":"Ignored","damage_taken":0,"max_hp_gain":0,"max_hp_loss":0,"event_name":"Purifier","floor":5,"gold_loss":0},{"damage_healed":0,"gold_gain":0,"player_choice":"Fought Mushrooms","damage_taken":0,"max_hp_gain":0,"max_hp_loss":0,"event_name":"Mushrooms","floor":11,"gold_loss":0},{"damage_healed":0,"gold_gain":100,"player_choice":"Pray","damage_taken":0,"max_hp_gain":0,"max_hp_loss":0,"event_name":"Golden Shrine","floor":12,"gold_loss":0}],"is_beta":false,"boss_relics":[{"not_picked":["vexMod:RockOfEvil","halation:HeavySnake"],"picked":"halation:PinkAlligatorPlush"}],"items_purged_floors":[],"is_endless":false,"potions_floor_spawned":[7],"killed_by":"conspire:MimicChest","ascension_level":0}}