{"host":"3jjxuhjpio8e4zkv","time":1609611926,"event":{"mods":["BaseMod","Colored Map","Highlight Path","Minty Spire (QoL Compilation)","Permanent Neow","Relic Stats","StSLib"],"gold_per_floor":[13,30,47,47,67,67,86,86,86,86,86],"floor_reached":10,"playtime":292,"items_purged":[],"score":120,"play_id":"9792dc8a-9cf1-479d-956b-47e48e929a99","local_time":"20210102132526","is_ascension_mode":true,"campfire_choices":[{"data":"Blade Dance","floor":6,"key":"SMITH"}],"circlet_count":0,"master_deck":["AscendersBane","Strike_G","Strike_G","Strike_G","Strike_G","Defend_G","Defend_G","Defend_G","Defend_G","Survivor","Neutralize","Footwork","Poisoned Stab","Flying Knee","Blade Dance+1","Venomology"],"relics":["Ring of the Snake","Golden Idol","Toxic Egg 2"],"acts_visited":["Exordium"],"potions_floor_usage":[7,10,10],"damage_taken":[{"damage":3,"enemies":"Small Slimes","floor":1,"turns":6},{"damage":0,"enemies":"2 Louse","floor":2,"turns":4},{"damage":0,"enemies":"Cultist","floor":3,"turns":4},{"damage":28,"enemies":"Large Slime","floor":5,"turns":6},{"damage":6,"enemies":"Blue Slaver","floor":7,"turns":3},{"damage":35,"enemies":"Gremlin Nob","floor":10,"turns":3}],"seed_played":"3921512548234911985","potions_obtained":[{"floor":1,"key":"Energy Potion"},{"floor":2,"key":"DuplicationPotion"},{"floor":7,"key":"EssenceOfSteel"}],"is_trial":false,"path_per_floor":["M","M","M","?","M","R","M","?","T","E"],"character_chosen":"THE_SILENT","items_purchased":[],"campfire_rested":0,"item_purchase_floors":[],"current_hp_per_floor":[56,56,56,56,28,28,22,22,22,0,0],"gold":86,"neow_bonus":"REMOVE_TWO","is_daily":false,"chose_seed":false,"campfire_upgraded":1,"win_rate":0.0,"timestamp":1609611926,"path_taken":["M","M","M","?","M","R","M","?","T","E"],"items_purchased_type":[],"build_version":"2020-12-22","purchased_purges":0,"victory":false,"max_hp_per_floor":[66,66,66,60,60,60,60,60,60,60,60],"relic_stats":{"counters":[6,26],"Golden Idol":8,"obtain_stats":[{"Golden Idol":4,"Toxic Egg 2":9,"Ring of the Snake":0},{"Golden Idol":3,"Toxic Egg 2":5,"Ring of the Snake":0},{"Golden Idol":14,"Toxic Egg 2":23,"Ring of the Snake":0}],"Ring of the Snake":[12]},"card_choices":[{"not_picked":["Dodge and Roll","Reflex"],"picked":"Footwork","floor":1},{"not_picked":["Concentrate","Backflip"],"picked":"Poisoned Stab","floor":2},{"not_picked":["Underhanded Strike","Choke"],"picked":"Flying Knee","floor":3},{"not_picked":["Leg Sweep","Deflect"],"picked":"Blade Dance","floor":5},{"not_picked":["Underhanded Strike","Outmaneuver"],"picked":"Venomology","floor":7}],"player_experience":1175082,"relics_obtained":[{"floor":9,"key":"Toxic Egg 2"}],"event_choices":[{"damage_healed":0,"gold_gain":0,"player_choice":"Lose Max HP","damage_taken":0,"relics_obtained":["Golden Idol"],"max_hp_gain":0,"max_hp_loss":6,"event_name":"Golden Idol","floor":4,"gold_loss":0},{"damage_healed":0,"gold_gain":0,"player_choice":"Ignored","damage_taken":0,"max_hp_gain":0,"max_hp_loss":0,"event_name":"Shining Light","floor":8,"gold_loss":0}],"is_beta":false,"boss_relics":[],"items_purged_floors":[],"is_endless":false,"potions_floor_spawned":[1,2,7],"killed_by":"Gremlin Nob","ascension_level":20}}