{"host":"1qhzi8r9ejho5yph","time":1609562950,"event":{"mods":["AchievementEnabler","BaseMod","Colored Map","Colored Powertips","Highlight Path","Minty Spire (QoL Compilation)","Permanent Neow","Quick Restart","Random Character Button","StSLib","SuperFastMode"],"gold_per_floor":[116,191,45,63,82,82,115,129,129,148,163,163,163,163],"floor_reached":13,"playtime":338,"items_purged":[],"score":131,"play_id":"1561afb0-23e9-43f5-af92-6ce1447f2363","local_time":"20210102124910","is_ascension_mode":true,"campfire_choices":[{"data":"Evolve","floor":6,"key":"SMITH"},{"data":"Armaments","floor":12,"key":"SMITH"}],"circlet_count":0,"master_deck":["AscendersBane","Strike_R","Strike_R","Strike_R","Strike_R+1","Strike_R","Defend_R","Defend_R","Defend_R","Defend_R","Bash+1","Sword Boomerang","Cleave","Evolve+1","Armaments+1","Rage"],"relics":["Burning Blood","Whetstone","StrikeDummy","Bottled Lightning"],"acts_visited":["Exordium"],"potions_floor_usage":[13],"damage_taken":[{"damage":8,"enemies":"Small Slimes","floor":1,"turns":3},{"damage":0,"enemies":"Cultist","floor":4,"turns":2},{"damage":7,"enemies":"Jaw Worm","floor":5,"turns":2},{"damage":30,"enemies":"3 Sentries","floor":7,"turns":7},{"damage":12,"enemies":"Lots of Slimes","floor":8,"turns":3},{"damage":21,"enemies":"Exordium Thugs","floor":10,"turns":5},{"damage":6,"enemies":"Blue Slaver","floor":11,"turns":3},{"damage":29,"enemies":"Lagavulin","floor":13,"turns":4}],"seed_played":"2011191254617325161","potions_obtained":[{"floor":5,"key":"Fire Potion"},{"floor":7,"key":"Swift Potion"}],"is_trial":false,"path_per_floor":["M","?","$","M","M","R","E","M","T","M","M","R","E"],"character_chosen":"IRONCLAD","items_purchased":["Whetstone"],"campfire_rested":0,"item_purchase_floors":[3],"current_hp_per_floor":[70,62,62,68,67,67,43,37,37,22,22,22,0,0],"gold":163,"neow_bonus":"THREE_CARDS","is_daily":false,"chose_seed":false,"campfire_upgraded":2,"win_rate":0.0,"timestamp":1609562950,"path_taken":["M","?","$","M","?","R","E","M","T","M","M","R","E"],"items_purchased_type":["Relic"],"build_version":"2020-12-22","purchased_purges":0,"victory":false,"max_hp_per_floor":[80,80,80,80,80,80,80,80,80,80,80,80,80,80],"card_choices":[{"not_picked":["Blood for Blood","Dual Wield"],"picked":"Sword Boomerang","floor":0},{"not_picked":["Clash","Entrench"],"picked":"Cleave","floor":1},{"not_picked":["Cleave","Burning Pact","Body Slam"],"picked":"SKIP","floor":4},{"not_picked":["Cleave","Heavy Blade"],"picked":"Evolve","floor":5},{"not_picked":["Reaper","Rupture"],"picked":"Armaments","floor":7},{"not_picked":["Rupture","Heavy Blade"],"picked":"Rage","floor":8},{"not_picked":["Armaments","Flex","Uppercut"],"picked":"SKIP","floor":10},{"not_picked":["Power Through","Perfected Strike","Anger"],"picked":"SKIP","floor":11}],"player_experience":318428,"relics_obtained":[{"floor":7,"key":"StrikeDummy"},{"floor":9,"key":"Bottled Lightning"}],"event_choices":[{"damage_healed":0,"gold_gain":75,"player_choice":"Touch","damage_taken":8,"max_hp_gain":0,"max_hp_loss":0,"event_name":"FaceTrader","floor":2,"gold_loss":0}],"is_beta":false,"boss_relics":[],"items_purged_floors":[],"is_endless":false,"potions_floor_spawned":[5,7],"killed_by":"Lagavulin","ascension_level":10}}