{"host":"3qkmyeoym75lj4wn","time":1609607509,"event":{"mods":["2.2 Compatiblity","BaseMod","Block Reminder","Colored Powertips","Highlight Path","Minty Spire (QoL Compilation)","Permanent Neow","Potion Indicator Mod","Rare Cards Sparkle","Relic Stats","StSLib"],"gold_per_floor":[111,17,34,46,62,62,88,103,103,103,17,32,32,50,50,129,129,140,65,91,106,120,120,148,48,48,48,79,94,94,122,122,122,122],"floor_reached":33,"playtime":1381,"items_purged":["Strike_P","Strike_P+1"],"score":714,"play_id":"24d6c680-7f48-4d93-b085-383910d0427e","local_time":"20210102171149","is_ascension_mode":true,"campfire_choices":[{"data":"Eruption","floor":6,"key":"SMITH"},{"data":"Wallop","floor":10,"key":"SMITH"},{"data":"Adaptation","floor":13,"key":"SMITH"},{"data":"BowlingBash","floor":15,"key":"SMITH"},{"floor":27,"key":"REST"},{"floor":30,"key":"REST"},{"floor":32,"key":"REST"}],"circlet_count":0,"master_deck":["AscendersBane","Strike_P+1","Strike_P+1","Defend_P+1","Defend_P+1","Defend_P+1","Defend_P+1","Eruption+1","Vigilance","EmptyFist","DeceiveReality","BowlingBash+1","Adaptation+1","CutThroughFate","Consecrate","Wallop+1","SandsOfTime","Tantrum","Protect","Establishment","Sanctity","Ragnarok","ClearTheMind+1"],"relics":["PureWater","Question Card","Eternal Feather","VioletLotus","Red Mask","Yang","FossilizedHelix","Gremlin Horn"],"acts_visited":["Exordium","TheCity"],"potions_floor_usage":[7,8,16,20,24,28,29,31,33],"damage_taken":[{"damage":0,"enemies":"Cultist","floor":1,"turns":3},{"damage":0,"enemies":"Small Slimes","floor":3,"turns":2},{"damage":0,"enemies":"2 Louse","floor":4,"turns":3},{"damage":11,"enemies":"2 Fungi Beasts","floor":5,"turns":4},{"damage":6,"enemies":"Lagavulin","floor":7,"turns":5},{"damage":1,"enemies":"Large Slime","floor":8,"turns":6},{"damage":3,"enemies":"Looter","floor":12,"turns":3},{"damage":0,"enemies":"3 Louse","floor":14,"turns":3},{"damage":0,"enemies":"Slime Boss","floor":16,"turns":5},{"damage":0,"enemies":"Chosen","floor":18,"turns":3},{"damage":2,"enemies":"Masked Bandits","floor":20,"turns":3},{"damage":6,"enemies":"3 Byrds","floor":21,"turns":4},{"damage":9,"enemies":"Centurion and Healer","floor":22,"turns":4},{"damage":47,"enemies":"Book of Stabbing","floor":24,"turns":5},{"damage":34,"enemies":"Slavers","floor":28,"turns":5},{"damage":0,"enemies":"Shelled Parasite and Fungi","floor":29,"turns":4},{"damage":11,"enemies":"Book of Stabbing","floor":31,"turns":5},{"damage":73,"enemies":"Champ","floor":33,"turns":12}],"seed_played":"-6658335977283514908","potions_obtained":[{"floor":1,"key":"SkillPotion"},{"floor":7,"key":"Block Potion"},{"floor":8,"key":"FearPotion"},{"floor":14,"key":"Fire Potion"},{"floor":21,"key":"Dexterity Potion"},{"floor":22,"key":"Energy Potion"},{"floor":24,"key":"DistilledChaos"},{"floor":29,"key":"LiquidMemories"},{"floor":31,"key":"PowerPotion"}],"is_trial":false,"path_per_floor":["M","$","M","M","M","R","E","M","T","R","$","M","R","M","R","B",null,"M","$","?","M","M","?","E","$","T","R","E","M","R","E","R","B"],"character_chosen":"WATCHER","items_purchased":["BowlingBash","Adaptation","Tantrum"],"campfire_rested":3,"item_purchase_floors":[2,2,11],"current_hp_per_floor":[61,61,61,61,50,50,44,43,43,52,52,49,61,61,68,68,68,68,68,66,60,51,51,4,4,4,36,2,2,34,23,55,0,0],"gold":122,"neow_bonus":"THREE_CARDS","is_daily":false,"chose_seed":false,"campfire_upgraded":4,"win_rate":0.0,"timestamp":1609607509,"path_taken":["M","$","M","M","M","R","E","M","T","R","$","?","R","M","R","BOSS","M","$","?","M","M","?","E","$","T","R","E","M","R","E","R","BOSS"],"items_purchased_type":["Card","Card","Card"],"build_version":"2020-12-22","purchased_purges":2,"victory":false,"max_hp_per_floor":[68,68,68,68,68,68,68,68,68,68,68,68,68,68,68,68,68,68,68,68,68,68,68,68,68,68,68,68,68,68,68,68,68,68],"relic_stats":{"Gremlin Horn":[0,0],"counters":[18,79],"Eternal Feather":64,"Yang":[54],"VioletLotus":[11],"Question Card":12,"obtain_stats":[{"Gremlin Horn":31,"Eternal Feather":9,"Yang":24,"VioletLotus":17,"Red Mask":20,"PureWater":0,"Question Card":7,"FossilizedHelix":28},{"Gremlin Horn":17,"Eternal Feather":6,"Yang":14,"VioletLotus":9,"Red Mask":11,"PureWater":0,"Question Card":5,"FossilizedHelix":15},{"Gremlin Horn":67,"Eternal Feather":23,"Yang":53,"VioletLotus":34,"Red Mask":40,"PureWater":0,"Question Card":17,"FossilizedHelix":58}]},"card_choices":[{"not_picked":["ThirdEye","Evaluate"],"picked":"EmptyFist","floor":0},{"not_picked":["FlurryOfBlows","Prostrate"],"picked":"DeceiveReality","floor":1},{"not_picked":["WheelKick","FollowUp"],"picked":"CutThroughFate","floor":3},{"not_picked":["CrushJoints","JustLucky","BowlingBash"],"picked":"SKIP","floor":4},{"not_picked":["CutThroughFate","Scrawl"],"picked":"Consecrate","floor":5},{"not_picked":["Evaluate","EmptyBody"],"picked":"Wallop","floor":7},{"not_picked":["EmptyBody","Nirvana","FlurryOfBlows"],"picked":"SandsOfTime","floor":8},{"not_picked":["PathToVictory","EmptyBody","CutThroughFate","ThirdEye"],"picked":"SKIP","floor":12},{"not_picked":["Tantrum","SashWhip","BowlingBash"],"picked":"Protect","floor":14},{"not_picked":["Omniscience","Alpha","DeusExMachina"],"picked":"Establishment","floor":16},{"not_picked":["BowlingBash","Prostrate+1","Crescendo","ThirdEye"],"picked":"SKIP","floor":18},{"not_picked":["ClearTheMind","Consecrate","Prostrate+1","Nirvana+1"],"picked":"SKIP","floor":21},{"not_picked":["Pray","BowlingBash","WreathOfFlame"],"picked":"Sanctity","floor":22},{"not_picked":["FlurryOfBlows","Consecrate","WreathOfFlame"],"picked":"Ragnarok","floor":24},{"not_picked":["ReachHeaven","Tantrum","FlurryOfBlows","BattleHymn"],"picked":"SKIP","floor":28},{"not_picked":["InnerPeace","Collect","ThirdEye+1","Crescendo"],"picked":"SKIP","floor":29},{"not_picked":["Wallop","FlyingSleeves+1","WheelKick"],"picked":"ClearTheMind+1","floor":31}],"player_experience":1640272,"relics_obtained":[{"floor":7,"key":"Question Card"},{"floor":9,"key":"Eternal Feather"},{"floor":20,"key":"Red Mask"},{"floor":24,"key":"Yang"},{"floor":28,"key":"FossilizedHelix"},{"floor":31,"key":"Gremlin Horn"}],"event_choices":[{"damage_healed":0,"gold_gain":0,"player_choice":"Fought Bandits","damage_taken":0,"max_hp_gain":0,"max_hp_loss":0,"event_name":"Masked Bandits","floor":20,"gold_loss":0},{"damage_healed":0,"gold_gain":0,"player_choice":"Simplicity","damage_taken":0,"max_hp_gain":0,"max_hp_loss":0,"event_name":"Back to Basics","floor":23,"gold_loss":0,"cards_upgraded":["Strike_P","Strike_P","Strike_P","Defend_P","Defend_P","Defend_P","Defend_P"]}],"is_beta":false,"boss_relics":[{"not_picked":["Cursed Key","Runic Pyramid"],"picked":"VioletLotus"}],"items_purged_floors":[19,25],"is_endless":false,"potions_floor_spawned":[1,7,8,14,21,22,24,29,31],"killed_by":"Champ","ascension_level":20}}