{"host":"Kdaddybrian","time":1609620625,"event":{"mods":["AchievementEnabler","BaseMod","Bestiary","Colored Powertips","Minty Spire (QoL Compilation)","Potion Indicator Mod","Quick Restart","Rare Cards Sparkle","Relic Stats","StSLib","Uncapped"],"gold_per_floor":[113,133,149,149,161,161,196,196,223,236,236,236,247,52,52,149,149,163,179,94,25,25,25,52,52,98,98,118,118,43,62,62,158,158,171,171,223,223,239,239,239],"floor_reached":40,"playtime":4192,"items_purged":[],"score":606,"play_id":"090053a9-1751-4b9b-bbdd-9f51d4f6bb20","local_time":"20210102155025","is_ascension_mode":true,"campfire_choices":[{"data":"Static Discharge","floor":6,"key":"SMITH"},{"floor":8,"key":"REST"},{"data":"Hologram","floor":12,"key":"SMITH"},{"data":"Biased Cognition","floor":15,"key":"SMITH"},{"floor":23,"key":"REST"},{"floor":25,"key":"REST"},{"floor":27,"key":"REST"},{"floor":32,"key":"REST"}],"circlet_count":0,"master_deck":["AscendersBane","Strike_B+1","Strike_B","Defend_B","Defend_B","Defend_B+1","Defend_B+1","Zap","Dualcast+1","Static Discharge+1","Compile Driver+1","Beam Cell","Barrage","FTL","Hologram+1","Biased Cognition+1","Capacitor","Coolheaded","Genetic Algorithm","Fission","Chill+1","Turbo+1","Self Repair","Electrodynamics","Recycle","Cold Snap","Core Surge","Storm+1","Leap+1","Biased Cognition+1","Stack"],"relics":["Cracked Core","Omamori","War Paint","Snecko Eye","Bag of Marbles","The Courier","Toy Ornithopter","Akabeko","Sozu","Incense Burner"],"acts_visited":["Exordium","TheCity","TheBeyond"],"potions_floor_usage":[7,24,33],"damage_taken":[{"damage":0,"enemies":"2 Louse","floor":1,"turns":3},{"damage":1,"enemies":"Cultist","floor":2,"turns":4},{"damage":4,"enemies":"Jaw Worm","floor":3,"turns":3},{"damage":14,"enemies":"Exordium Wildlife","floor":5,"turns":3},{"damage":20,"enemies":"3 Sentries","floor":7,"turns":6},{"damage":5,"enemies":"Lots of Slimes","floor":10,"turns":4},{"damage":0,"enemies":"Looter","floor":13,"turns":1},{"damage":18,"enemies":"The Guardian","floor":16,"turns":9},{"damage":31,"enemies":"2 Thieves","floor":18,"turns":3},{"damage":9,"enemies":"Shell Parasite","floor":19,"turns":4},{"damage":34,"enemies":"Gremlin Leader","floor":24,"turns":8},{"damage":8,"enemies":"3 Cultists","floor":28,"turns":5},{"damage":0,"enemies":"Cultist and Chosen","floor":31,"turns":4},{"damage":52,"enemies":"Collector","floor":33,"turns":9},{"damage":19,"enemies":"3 Shapes","floor":35,"turns":7},{"damage":50,"enemies":"2 Orb Walkers","floor":37,"turns":4},{"damage":4,"enemies":"3 Darklings","floor":39,"turns":4},{"damage":41,"enemies":"Nemesis","floor":40,"turns":5}],"seed_played":"-2125787311308279156","potions_obtained":[{"floor":1,"key":"SpeedPotion"},{"floor":2,"key":"DistilledChaos"},{"floor":13,"key":"Dexterity Potion"},{"floor":24,"key":"BlessingOfTheForge"},{"floor":28,"key":"PowerPotion"},{"floor":33,"key":"Weak Potion"}],"is_trial":false,"path_per_floor":["M","M","M","?","M","R","E","R","T","M","?","R","M","$","R","B",null,"M","M","?","$","?","R","E","R","T","R","M","?","?","M","R","B",null,"M","?","?","?","M","E"],"character_chosen":"DEFECT","items_purchased":["Capacitor","Coolheaded","Genetic Algorithm","Self Repair"],"campfire_rested":5,"item_purchase_floors":[14,14,14,21],"current_hp_per_floor":[68,67,63,63,49,49,29,51,51,46,31,31,31,31,31,13,60,29,20,20,20,20,42,15,37,37,59,58,58,58,58,75,35,65,53,53,10,10,13,0,0],"gold":239,"neow_bonus":"UPGRADE_CARD","is_daily":false,"chose_seed":false,"campfire_upgraded":3,"win_rate":0.0,"timestamp":1609620625,"path_taken":["M","M","M","?","M","R","E","R","T","?","?","R","M","$","R","BOSS","M","M","?","$","?","R","E","R","T","R","?","?","?","?","R","BOSS","M","?","?","?","M","E"],"items_purchased_type":["Card","Card","Card","Card"],"build_version":"2020-12-18","purchased_purges":0,"victory":false,"max_hp_per_floor":[75,75,75,75,75,75,75,75,75,75,75,75,75,75,75,75,75,75,75,75,75,75,75,75,75,75,75,75,75,75,75,75,75,75,75,71,71,71,71,71,71],"relic_stats":{"Sozu":1,"counters":[18,86],"Snecko Eye":[93,99,87,95],"War Paint":["Defend_B","Defend_B"],"obtain_stats":[{"Sozu":34,"Snecko Eye":17,"The Courier":24,"Omamori":7,"Bag of Marbles":20,"Incense Burner":37,"War Paint":9,"Cracked Core":0,"Toy Ornithopter":26,"Akabeko":29},{"Sozu":14,"Snecko Eye":8,"The Courier":11,"Omamori":5,"Bag of Marbles":10,"Incense Burner":16,"War Paint":5,"Cracked Core":0,"Toy Ornithopter":11,"Akabeko":12},{"Sozu":66,"Snecko Eye":33,"The Courier":48,"Omamori":19,"Bag of Marbles":40,"Incense Burner":77,"War Paint":19,"Cracked Core":0,"Toy Ornithopter":48,"Akabeko":53}],"Toy Ornithopter":5},"card_choices":[{"not_picked":["Beam Cell","Stack"],"picked":"Static Discharge","floor":1},{"not_picked":["Beam Cell","Stack"],"picked":"Compile Driver","floor":2},{"not_picked":["Hologram","Leap"],"picked":"Beam Cell","floor":3},{"not_picked":["Hologram","Cold Snap"],"picked":"Barrage","floor":5},{"not_picked":["Chill","Go for the Eyes"],"picked":"FTL","floor":7},{"not_picked":["Double Energy","Steam Power"],"picked":"Hologram","floor":10},{"not_picked":["Storm","Rebound"],"picked":"Biased Cognition","floor":13},{"not_picked":["Amplify","Buffer"],"picked":"Fission","floor":16},{"not_picked":["Rebound","Go for the Eyes"],"picked":"Chill+1","floor":18},{"not_picked":["Rip and Tear+1","Coolheaded"],"picked":"Turbo+1","floor":19},{"not_picked":["Go for the Eyes","Gash"],"picked":"Electrodynamics","floor":24},{"not_picked":["Gash","Doom and Gloom"],"picked":"Recycle","floor":28},{"not_picked":["Hologram+1","Barrage"],"picked":"Cold Snap","floor":31},{"not_picked":["All For One","Electrodynamics"],"picked":"Core Surge","floor":33},{"not_picked":["Ball Lightning+1","Streamline"],"picked":"Storm+1","floor":35},{"not_picked":["Sweeping Beam+1","Recycle"],"picked":"Leap+1","floor":37},{"not_picked":["Tempest+1","Steam Power+1"],"picked":"Stack","floor":39}],"player_experience":2919141,"relics_obtained":[{"floor":7,"key":"Omamori"},{"floor":9,"key":"War Paint"},{"floor":24,"key":"The Courier"},{"floor":26,"key":"Toy Ornithopter"},{"floor":37,"key":"Incense Burner"}],"event_choices":[{"damage_healed":0,"gold_gain":0,"player_choice":"Ignored","damage_taken":0,"max_hp_gain":0,"max_hp_loss":0,"event_name":"Purifier","floor":4,"gold_loss":0},{"damage_healed":0,"gold_gain":0,"player_choice":"Entered Light","damage_taken":15,"max_hp_gain":0,"max_hp_loss":0,"event_name":"Shining Light","floor":11,"gold_loss":0,"cards_upgraded":["Compile Driver","Strike_B"]},{"damage_healed":0,"gold_gain":0,"player_choice":"Obtained Relic","damage_taken":0,"relics_obtained":["Bag of Marbles"],"max_hp_gain":0,"max_hp_loss":0,"event_name":"Addict","floor":20,"gold_loss":85},{"cards_removed":["Strike_B"],"damage_healed":0,"gold_gain":0,"player_choice":"Purged","damage_taken":0,"max_hp_gain":0,"max_hp_loss":0,"event_name":"Purifier","floor":22,"gold_loss":0},{"damage_healed":0,"gold_gain":0,"player_choice":"Opened","damage_taken":0,"relics_obtained":["Akabeko"],"max_hp_gain":0,"max_hp_loss":0,"event_name":"The Mausoleum","floor":29,"gold_loss":0},{"cards_removed":["Strike_B"],"damage_healed":0,"gold_gain":0,"player_choice":"Gave Gold","damage_taken":0,"max_hp_gain":0,"max_hp_loss":0,"event_name":"Beggar","floor":30,"gold_loss":75},{"damage_healed":0,"gold_gain":0,"player_choice":"Max HP","damage_taken":0,"max_hp_gain":0,"max_hp_loss":4,"event_name":"Winding Halls","floor":36,"gold_loss":0},{"damage_healed":0,"gold_gain":0,"player_choice":"Fight","damage_taken":0,"max_hp_gain":0,"max_hp_loss":0,"event_name":"Mysterious Sphere","floor":37,"gold_loss":0},{"damage_healed":0,"gold_gain":0,"player_choice":"Copied","damage_taken":0,"max_hp_gain":0,"max_hp_loss":0,"event_name":"Duplicator","floor":38,"gold_loss":0,"cards_obtained":["Biased Cognition"]}],"is_beta":true,"boss_relics":[{"not_picked":["Runic Dome","Empty Cage"],"picked":"Snecko Eye"},{"not_picked":["Busted Crown","Coffee Dripper"],"picked":"Sozu"}],"items_purged_floors":[],"is_endless":false,"potions_floor_spawned":[1,2,13,24,28,33,35],"killed_by":"Nemesis","ascension_level":10}}