{"host":"e8rlfedn69rz2s07","time":1609630393,"event":{"mods":["Act Like it!","BaseMod","Conspire","Hubris","Infinite Spire","Minty Spire (QoL Compilation)","Permanent Neow","Relic Stats","Replay The Spire","Shop Mod","StSLib","The Jungle"],"gold_per_floor":[210,210,210,222,142,142,176,192,219,219,4,23,23,35,35,114,114,130,142,122,136,136,163,178,178,178,268,284,3,3,34,34,109,109,119,69,69,79,108,149,185,250,276,297,297,322,272,285,285,285,285],"floor_reached":50,"playtime":2694,"items_purged":["Pain","Strike_B"],"score":1309,"play_id":"70817361-7455-49ed-85d0-e4d935ffbb82","local_time":"20210103013313","is_ascension_mode":true,"campfire_choices":[{"floor":6.0,"key":"REST"},{"floor":10.0,"key":"REST"},{"data":"Defragment","floor":15.0,"key":"SMITH"},{"data":"Seek","floor":25.0,"key":"SMITH"},{"data":"Defragment","floor":32.0,"key":"SMITH"},{"floor":45,"key":"REST"},{"floor":49,"key":"RECALL"}],"circlet_count":0,"master_deck":["AscendersBane","Strike_B","Strike_B","Defend_B","Defend_B","Defend_B","Defend_B","Zap","Dualcast","Cold Snap","hubris:SpecializedCircuitry","Core Surge","Defragment+1","Reinforced Body","Coolheaded","Glacier","Streamline","Seek+1","Ball Lightning","Conserve Battery","Barrage","Barrage+1","Defragment+1","Conserve Battery","Buffer+1","ReplayTheSpireMod:Brewmster+1","White Noise","Electrodynamics+1","Consume+1","conspire:SpireCoStock","hubris:PowerSurge+1","Defragment+1","Panic Button","Pot Of Greed","Pot Of Greed","Pot Of Greed","Chill"],"relics":["Cracked Core","hubris:EvacipatedBox","hubris:FruitBowl","conspire:DecoderRing","Runic Capacitor","conspire:SpecialSausage","Replay:Bronze Core","hubris:BallOfYels","Golden Egg","infinitespire:Broken Mirror","Replay:Fungal Core","Blue Candle","MealTicket","Ornamental Fan","Boot","Grinning Jar"],"acts_visited":["Exordium","Exordium","TheBeyond"],"potions_floor_usage":[46,46,46,46,50],"damage_taken":[{"damage":4.0,"enemies":"2 Louse","floor":1.0,"turns":3.0},{"damage":0.0,"enemies":"Cultist","floor":4.0,"turns":4.0},{"damage":22.0,"enemies":"Gremlin Nob","floor":7.0,"turns":4.0},{"damage":7.0,"enemies":"Small Slimes","floor":8.0,"turns":3.0},{"damage":13.0,"enemies":"Exordium Wildlife","floor":12.0,"turns":8.0},{"damage":2.0,"enemies":"Looter","floor":14.0,"turns":4.0},{"damage":4.0,"enemies":"The Guardian","floor":16.0,"turns":14.0},{"damage":2.0,"enemies":"theJungle:MUSHROOMGANG","floor":18.0,"turns":10.0},{"damage":0.0,"enemies":"theJungle:GiantWrat","floor":19.0,"turns":6.0},{"damage":0.0,"enemies":"theJungle:Lyon","floor":21.0,"turns":5.0},{"damage":0.0,"enemies":"Nightmare","floor":23.0,"turns":12.0},{"damage":1.0,"enemies":"theJungle:JungleHuntersEncounter","floor":24.0,"turns":8.0},{"damage":1.0,"enemies":"theJungle:Snecko_Cultist_And_Trap","floor":28.0,"turns":9.0},{"damage":0.0,"enemies":"theJungle:MamaSnecko","floor":31.0,"turns":8.0},{"damage":0.0,"enemies":"theJungle:QueenSpyder","floor":33.0,"turns":13.0},{"damage":11.0,"enemies":"3 Shapes","floor":35.0,"turns":4.0},{"damage":0.0,"enemies":"Orb Walker","floor":38.0,"turns":3.0},{"damage":0.0,"enemies":"Sphere and 2 Shapes","floor":39.0,"turns":1.0},{"damage":30.0,"enemies":"Nightmare","floor":40.0,"turns":9.0},{"damage":15.0,"enemies":"4 Shapes","floor":41.0,"turns":3.0},{"damage":4,"enemies":"conspire:MimicChest","floor":42,"turns":10},{"damage":0,"enemies":"Transient","floor":44,"turns":6},{"damage":9,"enemies":"Giant Head","floor":46,"turns":7},{"damage":10,"enemies":"3 Darklings","floor":48,"turns":2},{"damage":35,"enemies":"Awakened One","floor":50,"turns":3}],"seed_played":"-1670649720435122929","potions_obtained":[{"floor":4.0,"key":"Adrenaline Potion"},{"floor":14.0,"key":"Dexterity Potion"},{"floor":16.0,"key":"FocusPotion"},{"floor":20.0,"key":"Swift Potion"},{"floor":28.0,"key":"Fruit Juice"},{"floor":33.0,"key":"Elixir"},{"floor":38.0,"key":"FearPotion"}],"is_trial":false,"path_per_floor":["M","?","$","M","$","R","E","M","T","R","$","M","?","M","R","B",null,"M","M","?","M","AVR","NM","M","R","T","?","M","$","?","E","R","B",null,"M","?","AVR","M","M","NM","M","?","T","M","R","E","?","M","R","B"],"character_chosen":"DEFECT","items_purchased":["hubris:EvacipatedBox","hubris:FruitBowl","LiquidMemories","Runic Capacitor","Block Potion","ReplayTheSpireMod:Brewmster"],"campfire_rested":3,"item_purchase_floors":[3,3,5,11,11,29],"current_hp_per_floor":[60,60,22,22,22,43,21,14,14,35,35,22,22,20,20,16,57,55,55,55,55,55,55,54,54,54,54,53,60,52,52,52,52,77,66,66,66,66,66,36,21,17,17,17,42,33,33,23,23,0,0],"gold":285,"neow_bonus":"HUNDRED_GOLD","is_daily":false,"chose_seed":false,"campfire_upgraded":3,"win_rate":0.0,"timestamp":1609630393,"path_taken":["M","?","?","M","$","R","E","M","T","R","$","M","?","M","R","BOSS","M","M","?","M","AVR","NM","?","R","T","?","M","$","?","E","R","BOSS","M","?","AVR","M","M","NM","M","?","T","M","R","E","?","M","R","BOSS"],"items_purchased_type":["Relic","Relic","Potion","Relic","Potion","Card"],"build_version":"2020-12-22","purchased_purges":2,"victory":false,"max_hp_per_floor":[71,71,71,71,71,71,71,71,71,71,71,71,71,71,71,71,71,71,71,71,71,71,71,71,71,71,71,71,78,85,85,85,85,85,85,85,85,85,85,85,85,85,85,85,85,85,85,85,85,85,85],"relic_stats":{"counters":[25,159],"Ornamental Fan":[8],"Blue Candle":[0],"MealTicket":0,"Boot":[14],"obtain_stats":[{"hubris:BallOfYels":23,"Golden Egg":26,"Replay:Fungal Core":34,"Blue Candle":37,"hubris:FruitBowl":3,"conspire:SpecialSausage":17,"Runic Capacitor":11,"Boot":43,"hubris:EvacipatedBox":3,"infinitespire:Broken Mirror":31,"Ornamental Fan":42,"conspire:DecoderRing":7,"Replay:Bronze Core":22,"MealTicket":40,"Grinning Jar":46,"Cracked Core":0},{"hubris:BallOfYels":11,"Golden Egg":12,"Replay:Fungal Core":15,"Blue Candle":16,"hubris:FruitBowl":1,"conspire:SpecialSausage":7,"Runic Capacitor":4,"Boot":21,"hubris:EvacipatedBox":1,"infinitespire:Broken Mirror":14,"Ornamental Fan":21,"conspire:DecoderRing":3,"Replay:Bronze Core":10,"MealTicket":19,"Grinning Jar":23,"Cracked Core":0},{"hubris:BallOfYels":73,"Golden Egg":81,"Replay:Fungal Core":111,"Blue Candle":115,"hubris:FruitBowl":3,"conspire:SpecialSausage":40,"Runic Capacitor":14,"Boot":141,"hubris:EvacipatedBox":3,"infinitespire:Broken Mirror":98,"Ornamental Fan":141,"conspire:DecoderRing":11,"Replay:Bronze Core":61,"MealTicket":128,"Grinning Jar":154,"Cracked Core":0}]},"card_choices":[{"not_picked":["Leap","Stack"],"picked":"Cold Snap","floor":1.0},{"not_picked":["Panic Button","Steam"],"picked":"Core Surge","floor":4.0},{"not_picked":["ReplayTheSpireMod:Dual Polarity","Barrage"],"picked":"Defragment","floor":7.0},{"not_picked":["ReplaySort","Panic Button"],"picked":"Reinforced Body","floor":8.0},{"not_picked":["ReplaySort","Reinforced Body"],"picked":"Coolheaded","floor":12.0},{"not_picked":["BasicCrystalCard","Conserve Battery"],"picked":"Streamline","floor":14.0},{"not_picked":["ReplayTheSpireMod:Omega Cannon","Multi-Cast"],"picked":"Seek","floor":16.0},{"not_picked":["ReplaySort+1","BasicCrystalCard","Crystallizer"],"picked":"SKIP","floor":18.0},{"not_picked":["Steam","Aggregate"],"picked":"Ball Lightning","floor":19.0},{"not_picked":["Compile Driver","Turbo"],"picked":"Conserve Battery","floor":21.0},{"not_picked":["All For One","Redo"],"picked":"Barrage","floor":23.0},{"not_picked":["Hologram","Storm"],"picked":"Barrage+1","floor":24.0},{"not_picked":["Go for the Eyes","Rebound"],"picked":"Defragment","floor":27.0},{"not_picked":["ReplaySolidLightProjector","Panic Button"],"picked":"Conserve Battery","floor":27.0},{"not_picked":["BootSequence","ReplaySolidLightProjector"],"picked":"Buffer","floor":28.0},{"not_picked":["Skim+1","hubris:Ukulele"],"picked":"White Noise","floor":31.0},{"not_picked":["Rainbow","Buffer"],"picked":"Electrodynamics","floor":33.0},{"not_picked":["Redo","Hologram"],"picked":"Consume+1","floor":35.0},{"not_picked":["Streamline+1","Double Energy+1"],"picked":"hubris:PowerSurge+1","floor":38.0},{"not_picked":["Stack","Static Discharge+1"],"picked":"Defragment","floor":39.0},{"not_picked":["Stack","Machine Learning"],"picked":"Panic Button","floor":40.0},{"not_picked":["Lockon","Turbo","Barrage"],"picked":"SKIP","floor":41.0},{"not_picked":["Conserve Battery","Heatsinks+1","Beam Cell"],"picked":"SKIP","floor":44},{"not_picked":["All For One","Rebound","ReplayTheSpireMod:Dual Polarity"],"picked":"SKIP","floor":46},{"not_picked":["Hello World","Conserve Battery"],"picked":"Chill","floor":48}],"player_experience":940928,"relics_obtained":[{"floor":7.0,"key":"conspire:DecoderRing"},{"floor":23.0,"key":"hubris:BallOfYels"},{"floor":26.0,"key":"Golden Egg"},{"floor":31.0,"key":"infinitespire:Broken Mirror"},{"floor":40.0,"key":"MealTicket"},{"floor":42,"key":"Ornamental Fan"},{"floor":43,"key":"Boot"},{"floor":46,"key":"Grinning Jar"}],"event_choices":[{"damage_healed":0.0,"max_hp_gain":0.0,"max_hp_loss":0.0,"gold_gain":0.0,"cards_transformed":["Strike_B"],"event_name":"Transmorgrifier","player_choice":"Transformed","floor":2.0,"gold_loss":0.0,"damage_taken":0.0,"cards_obtained":["hubris:SpecializedCircuitry"]},{"damage_healed":0.0,"max_hp_gain":0.0,"max_hp_loss":0.0,"gold_gain":0.0,"event_name":"The Woman in Blue","player_choice":"Bought 1 Potion","floor":20.0,"gold_loss":0.0,"damage_taken":0.0},{"damage_healed":0.0,"max_hp_gain":0.0,"max_hp_loss":0.0,"gold_gain":0.0,"event_name":"conspire:Investor","player_choice":"Invest 1","floor":36.0,"gold_loss":0.0,"damage_taken":0.0},{"damage_healed":0,"gold_gain":0,"player_choice":"Upgrade","damage_taken":0,"max_hp_gain":0,"max_hp_loss":0,"event_name":"Designer","floor":47,"gold_loss":50,"cards_upgraded":["Defragment"]}],"is_beta":false,"boss_relics":[{"not_picked":["hubris:BlackHole","ReplayTheSpireMod:DimensionalGlitch","Black Star"],"picked":"conspire:SpecialSausage"},{"not_picked":["conspire:RoyalGoblet","conspire:RunicOctahedron","Empty Cage"],"picked":"Replay:Fungal Core"}],"items_purged_floors":[29,37],"is_endless":false,"potions_floor_spawned":[4,14,16,21,28,33,38,42],"killed_by":"Awakened One","ascension_level":20}}