{"host":"w0w6jcqjdtkzk2bw","time":1609604355,"event":{"mods":["2.2 Compatiblity","AchievementEnabler","Ascension Unlocker","BaseMod","Bestiary","Colored Map","Colored Powertips","Downfall","Friendly Minions","Highlight Path","Infinite Spire","Minty Spire (QoL Compilation)","Permanent Neow","Quick Restart","Shade Mod","StSLib","Synergy Search","The Runesmith"],"gold_per_floor":[99,99,109,119,130,46,46,46,78,89,104,104,138,138,200,220,319,319,319,319,319,304,304,304,304,304,304,304,304,304,304,58,58,58,58,58,58,43,43,43,43,43,43,43,43,43,43,43,43,43,43,43,43,43,43,43],"floor_reached":56,"playtime":5619,"items_purged":[],"score":1281,"play_id":"b7d5230d-2c2f-4bca-9bd3-315cc096e90e","local_time":"20210102111915","is_ascension_mode":true,"campfire_choices":[{"floor":1.0,"key":"RECALL"},{"data":"Guardian:EvasiveProtocol","floor":6.0,"key":"SMITH"},{"floor":13.0,"key":"REST"},{"data":"Guardian:Repulse","floor":18.0,"key":"SMITH"},{"data":"Guardian:DonusPower","floor":23.0,"key":"SMITH"},{"data":"Guardian:ExploitGems","floor":25.0,"key":"SMITH"},{"floor":28.0,"key":"REST"},{"data":"Guardian:FastForward","floor":35,"key":"SMITH"},{"floor":40,"key":"REST"},{"data":"Guardian:ShieldCharger","floor":45,"key":"SMITH"},{"data":"Guardian:ShieldCharger","floor":54,"key":"SMITH"}],"circlet_count":0,"master_deck":["Guardian:Strike_Guardian","Guardian:Strike_Guardian","Guardian:Strike_Guardian","Guardian:Strike_Guardian","Guardian:Defend_Guardian","Guardian:Defend_Guardian","Guardian:Defend_Guardian","Guardian:Defend_Guardian","Guardian:CurlUp","Guardian:TwinSlam","Clumsy","Guardian:PiercingHide","Guardian:DonusPower+1","Guardian:EvasiveProtocol+1","Guardian:Repulse+1","Guardian:BronzeArmor","Guardian:ShieldCharger+1","Guardian:ExploitGems+1","Guardian:Recover+1","Guardian:MultiBeam+1","Guardian:BronzeOrb+1","Guardian:Suspension+1","Guardian:FastForward+1","Guardian:MultiBeam+1","Guardian:Reroute+1","Guardian:AncientConstruct","Guardian:ShieldCharger+1","Guardian:StasisStrike+1","Guardian:ChargeUp+1","expansioncontent:DecasProtection","Parasite","Guardian:RefractedBeam+1","Guardian:Planning"],"relics":["Guardian:ModeShifter","Calipers","Gambling Chip","Molten Egg 2","Nunchaku","Pen Nib","Centennial Puzzle","downfall:Hecktoplasm","downfall:HeartBlessingRed","downfall:HeartBlessingBlue","Bottled Flame","Ancient Tea Set","Bronze Scales","Runic Dome","InkBottle","Bag of Preparation","downfall:HeartBlessingGreen","Runesmith:AutoHammer","Anchor"],"acts_visited":["Exordium","TheCity","TheBeyond","TheEnding"],"potions_floor_usage":[37,55,55],"damage_taken":[{"damage":0.0,"enemies":"Cultist","floor":2.0,"turns":4.0},{"damage":0.0,"enemies":"Small Slimes","floor":3.0,"turns":4.0},{"damage":0.0,"enemies":"2 Louse","floor":4.0,"turns":3.0},{"damage":5.0,"enemies":"downfall:FleeingMerchant","floor":5.0,"turns":4.0},{"damage":14.0,"enemies":"3 Sentries","floor":8.0,"turns":6.0},{"damage":9.0,"enemies":"Exordium Wildlife","floor":9.0,"turns":8.0},{"damage":4.0,"enemies":"Red Slaver","floor":10.0,"turns":6.0},{"damage":38.0,"enemies":"Gremlin Nob","floor":12.0,"turns":6.0},{"damage":10.0,"enemies":"Lagavulin Event","floor":14.0,"turns":6.0},{"damage":0.0,"enemies":"Blue Slaver","floor":15.0,"turns":3.0},{"damage":13.0,"enemies":"downfall:Silent","floor":16.0,"turns":11.0},{"damage":2.0,"enemies":"Shell Parasite","floor":19.0,"turns":6.0},{"damage":0.0,"enemies":"Spheric Guardian","floor":20.0,"turns":6.0},{"damage":1.0,"enemies":"downfall:FleeingMerchant","floor":21.0,"turns":4.0},{"damage":13.0,"enemies":"Snecko","floor":26.0,"turns":4.0},{"damage":7.0,"enemies":"Slavers","floor":27.0,"turns":4.0},{"damage":0.0,"enemies":"Snake Plant","floor":29.0,"turns":3.0},{"damage":11.0,"enemies":"Gremlin Leader","floor":30.0,"turns":6.0},{"damage":0.0,"enemies":"downfall:FleeingMerchant","floor":31.0,"turns":4.0},{"damage":0.0,"enemies":"Cultist and Chosen","floor":32.0,"turns":3.0},{"damage":23.0,"enemies":"downfall:Watcher","floor":33.0,"turns":9.0},{"damage":5,"enemies":"3 Shapes","floor":36,"turns":1},{"damage":25,"enemies":"downfall:FleeingMerchant","floor":37,"turns":4},{"damage":8,"enemies":"Orb Walker","floor":38,"turns":3},{"damage":0,"enemies":"downfall:FleeingMerchant","floor":39,"turns":1},{"damage":25,"enemies":"Writhing Mass","floor":43,"turns":5},{"damage":10,"enemies":"Nightmare","floor":44,"turns":6},{"damage":15,"enemies":"Reptomancer","floor":46,"turns":4},{"damage":0,"enemies":"Spire Growth","floor":48,"turns":4},{"damage":0,"enemies":"Maw","floor":49,"turns":6},{"damage":10,"enemies":"downfall:Ironclad","floor":50,"turns":10},{"damage":5,"enemies":"downfall:CharBossMerchant","floor":52,"turns":7},{"damage":0,"enemies":"downfall:NeowBoss","floor":55,"turns":20}],"seed_played":"3914328251295506265","potions_obtained":[{"floor":3.0,"key":"Ancient Potion"},{"floor":8.0,"key":"Slimebound:ThreeZeroPotion"},{"floor":12.0,"key":"PowerPotion"},{"floor":15.0,"key":"EssenceOfSteel"},{"floor":16.0,"key":"Dexterity Potion"},{"floor":20.0,"key":"Regen Potion"},{"floor":30.0,"key":"SpeedPotion"},{"floor":33.0,"key":"Energy Potion"},{"floor":38,"key":"Strength Potion"}],"is_trial":false,"path_per_floor":["R","M","M","M","$","R","T","E","M","M","?","E","R","?","M","B",null,"R","M","M","$","?","R","T","R","M","E","R","M","E","$","M","B",null,"R","M","$","M","$","R","T","?","M","NM","R","E","?","M","M","B",null,"E","$","R","B",null],"character_chosen":"GUARDIAN","items_purchased":["Guardian:EvasiveProtocol","Guardian:MultiBeam+1","Bronze Scales"],"campfire_rested":3,"item_purchase_floors":[5,31,31],"current_hp_per_floor":[80,80,80,80,80,75,75,75,61,52,48,48,10,34,24,24,11,80,80,78,78,77,77,77,77,87,74,67,90,90,79,79,79,56,90,90,85,60,52,52,79,79,79,54,44,44,29,29,29,29,19,90,85,85,85,85],"gold":43,"neow_bonus":"ONE_RARE_RELIC","is_daily":false,"chose_seed":false,"campfire_upgraded":7,"win_rate":0.0,"timestamp":1609604355,"path_taken":["R","M","?","M","$","R","T","E","M","M","?","E","R","?","M","BOSS","R","M","M","$","?","R","T","R","M","E","R","M","E","$","M","BOSS","R","M","$","M","?","R","T","?","M","NM","R","E","?","M","M","BOSS","E","$","R","BOSS"],"items_purchased_type":["Card","Card","Relic"],"build_version":"2020-12-22","purchased_purges":0,"victory":true,"max_hp_per_floor":[80,80,80,80,80,80,80,80,80,80,80,80,80,80,80,80,80,80,80,80,80,80,80,80,80,90,90,90,90,90,90,90,90,90,90,90,90,90,90,90,90,90,90,90,90,90,90,90,90,90,90,90,90,90,90,90],"card_choices":[{"not_picked":["Guardian:CrystalBeam","Guardian:VentSteam"],"picked":"Guardian:Gem_Lightblue","floor":2.0},{"not_picked":["Guardian:CrystalBeam","Guardian:TemporalShield"],"picked":"Guardian:PiercingHide","floor":3.0},{"not_picked":["Guardian:Gem_Cyan","Guardian:Gem_Fragmented"],"picked":"Guardian:Gem_Yellow","floor":4.0},{"not_picked":["Guardian:PrismaticBarrier","Guardian:TemporalShield"],"picked":"Guardian:DonusPower","floor":5.0},{"not_picked":["Guardian:ConstructionForm","Guardian:WalkerClaw+1","Guardian:TemporalStrike+1"],"picked":"SKIP","floor":8.0},{"not_picked":["Guardian:PiercingHide","Guardian:Gem_Green"],"picked":"Guardian:Repulse","floor":9.0},{"not_picked":["Guardian:CrystalBeam+1","Guardian:TimeCapacitor"],"picked":"Guardian:Gem_Crimson","floor":10.0},{"not_picked":["Guardian:Repulse","Guardian:ShieldCharger"],"picked":"Guardian:BronzeArmor","floor":12.0},{"not_picked":["Guardian:VentSteam","Guardian:Gem_Fragmented"],"picked":"Guardian:ShieldCharger","floor":15.0},{"not_picked":["Guardian:ConstructionForm","Guardian:TimeSifter"],"picked":"Guardian:ExploitGems","floor":16.0},{"not_picked":["Guardian:PiercingHide","Guardian:Gem_Cyan"],"picked":"Guardian:Recover+1","floor":19.0},{"not_picked":["Guardian:CrystalBeam+1","Guardian:WalkerClaw+1"],"picked":"Guardian:MultiBeam+1","floor":20.0},{"not_picked":["Guardian:TemporalShield+1","Guardian:PrismaticBarrier","Guardian:Gem_Purple"],"picked":"SKIP","floor":21.0},{"not_picked":["Guardian:Gem_Lightblue","Guardian:ChargeCore+1"],"picked":"Guardian:BronzeOrb+1","floor":26.0},{"not_picked":["Guardian:PolyBeam+1","Guardian:PrismaticBarrier"],"picked":"Guardian:Gem_Synthetic","floor":27.0},{"not_picked":["Guardian:DonusPower","Guardian:Reroute+1"],"picked":"Guardian:Suspension+1","floor":29.0},{"not_picked":["Guardian:Recover+1","Guardian:Clone"],"picked":"Guardian:FastForward","floor":30.0},{"not_picked":["Guardian:Gem_Cyan","Guardian:HyperBeam_Guardian+1","Guardian:ShieldSpikes+1"],"picked":"SKIP","floor":31.0},{"not_picked":["Guardian:TemporalShield","Guardian:Gem_Purple"],"picked":"Guardian:Reroute+1","floor":32.0},{"not_picked":["Guardian:GemFire+1","Guardian:SphericShield"],"picked":"Guardian:AncientConstruct","floor":33.0},{"not_picked":["Guardian:Gem_Crimson","Guardian:CrystalBeam+1"],"picked":"Guardian:ShieldCharger","floor":36},{"not_picked":["Guardian:Gem_Cyan","Guardian:Gem_Crimson"],"picked":"Guardian:StasisStrike+1","floor":37},{"not_picked":["Guardian:SentryBeam+1","Guardian:Repulse","Guardian:Gem_Cyan"],"picked":"SKIP","floor":38},{"not_picked":["Guardian:BronzeArmor+1","Guardian:Incinerate+1"],"picked":"Guardian:ChargeUp+1","floor":39},{"not_picked":["expansioncontent:PrepareCrush","expansioncontent:ManipulateTime"],"picked":"expansioncontent:DecasProtection","floor":42},{"not_picked":["Guardian:Gem_Cyan","Guardian:TemporalStrike+1"],"picked":"Guardian:Gem_White","floor":43},{"not_picked":["Guardian:PrismaticBarrier+1","Guardian:TemporalShield","Guardian:ShieldCharger+1"],"picked":"SKIP","floor":44},{"not_picked":["Guardian:PiercingHide","Guardian:Gem_Green"],"picked":"Guardian:RefractedBeam+1","floor":46},{"not_picked":["Guardian:PolyBeam+1","Guardian:DonusPower"],"picked":"Guardian:Planning","floor":48},{"not_picked":["Guardian:Gem_Synthetic","Guardian:RollAttack+1"],"picked":"Guardian:Gem_Yellow","floor":49},{"not_picked":["Guardian:WalkerClaw+1","Guardian:ChargeCore+1","Guardian:TemporalShield+1"],"picked":"SKIP","floor":52}],"player_experience":329023,"relics_obtained":[{"floor":7.0,"key":"Gambling Chip"},{"floor":8.0,"key":"Molten Egg 2"},{"floor":11.0,"key":"Nunchaku"},{"floor":12.0,"key":"Pen Nib"},{"floor":14.0,"key":"Centennial Puzzle"},{"floor":27.0,"key":"Bottled Flame"},{"floor":30.0,"key":"Ancient Tea Set"},{"floor":41,"key":"InkBottle"},{"floor":44,"key":"Bag of Preparation"},{"floor":46,"key":"Runesmith:AutoHammer"},{"floor":52,"key":"Anchor"}],"event_choices":[{"damage_healed":0.0,"max_hp_gain":0.0,"max_hp_loss":0.0,"gold_gain":0.0,"event_name":"NoteForYourself","player_choice":"Ignored","floor":22.0,"gold_loss":0.0,"damage_taken":0.0}],"is_beta":false,"boss_relics":[{"not_picked":["infinitespire:Cupcake","SlaversCollar"],"picked":"downfall:Hecktoplasm"},{"not_picked":["Sozu","Cursed Key"],"picked":"Runic Dome"}],"items_purged_floors":[],"is_endless":false,"potions_floor_spawned":[3,8,12,15,16,20,30,33,38,48],"ascension_level":1}}