{"host":"sjo4oracihb00px1","time":1609601832,"event":{"mods":["Astrologer","BaseMod","Better Note","Colored Powertips","Defective Defect","Friendly Minions","Hermit","HololiveMod","Hubris","Jorbs\u0027s Wanderer Trilogy","Kiyohime????","Marisa????????","Minty Spire (QoL Compilation)","Quick Restart","Random Character Button","Remilia??????","Replay The Spire","Shop Mod","ShortenTheSpire","Somnambulant","StSLib","The Administrix","The Animator","The Awakened One except there are too many feathers","The Bug Knight","The Cursed","The Death Knight","The Disciple","The Gatherer","The IronCluck","The Necromancer","The Problem Sleuth","The Runesmith","The Servant 0.9.4","The Vixen","TheBandit","Waifu the Spire","Wandering Minibosses","Yuri Mod","everything is the same but u backflip on backflip","slay the spire mod where everything is the same but ironclad has a cowboy hat","thorton"],"gold_per_floor":[118,133,133,133,133,158,169,204,204,233,26,26,46,71,71,169,169,189,199,218,230,230,230,230],"floor_reached":23,"playtime":2061,"items_purged":[],"score":465,"play_id":"52b888d7-00f6-4ff3-bdd5-066cda6355cd","local_time":"20210102103712","is_ascension_mode":true,"campfire_choices":[{"floor":12.0,"key":"DIG"},{"floor":15.0,"key":"DIG"}],"circlet_count":0,"master_deck":["Strike_MRS","Strike_MRS","Strike_MRS","Strike_MRS","Defend_MRS","Defend_MRS","Defend_MRS","Defend_MRS","MasterSpark","UpSweep","Singularity","AsteroidBelt","Amnesia","CasketOfStar","AsteroidBelt","BinaryStars","BlazeAway","GalacticHalo","BinaryStars","GasGiant","GalacticHalo","FinalSpark","SporeBomb+1","DC+1","Decay"],"relics":["MiniHakkero","NeowsBlessing","ReplayTheSpireMod:Ring of Exchange","FossilizedHelix","Oddly Smooth Stone","Quantum Egg","Blue Candle","Shovel","hubris:BottledRain","Regal Pillow","Turnip","OrangePellets"],"acts_visited":["Exordium","TheCity"],"potions_floor_usage":[23],"damage_taken":[{"damage":0.0,"enemies":"2 Louse","floor":1.0,"turns":1.0},{"damage":0.0,"enemies":"Small Slimes","floor":2.0,"turns":1.0},{"damage":0.0,"enemies":"Lagavulin","floor":6.0,"turns":1.0},{"damage":0.0,"enemies":"Cultist","floor":7.0,"turns":4.0},{"damage":9.0,"enemies":"Gremlin Nob","floor":8.0,"turns":4.0},{"damage":11.0,"enemies":"3 Sentries","floor":10.0,"turns":8.0},{"damage":0.0,"enemies":"Large Slime","floor":13.0,"turns":3.0},{"damage":0.0,"enemies":"Lagavulin","floor":14.0,"turns":4.0},{"damage":0.0,"enemies":"Slime Boss","floor":16.0,"turns":3.0},{"damage":0.0,"enemies":"Chosen","floor":18.0,"turns":6.0},{"damage":41.0,"enemies":"3 Byrds","floor":19.0,"turns":7.0},{"damage":0.0,"enemies":"Snecko","floor":20.0,"turns":6.0},{"damage":0.0,"enemies":"Centurion and Healer","floor":21.0,"turns":6.0},{"damage":27,"enemies":"Book of Stabbing","floor":23,"turns":7}],"seed_played":"1018978314688356722","potions_obtained":[{"floor":1.0,"key":"SpeedPotion"},{"floor":6.0,"key":"FearPotion"},{"floor":8.0,"key":"Toxic Potion"},{"floor":14.0,"key":"ShroomBrew"},{"floor":18.0,"key":"DeathKnight:BottledBloodEchoes"},{"floor":21.0,"key":"DeathKnight:RimePotion"}],"is_trial":false,"path_per_floor":["M","M","?","?","?","E","M","E","T","E","$","R","M","E","R","B",null,"M","M","M","M","?","E"],"character_chosen":"MARISA","items_purchased":["GalacticHalo","BinaryStars"],"campfire_rested":0,"item_purchase_floors":[11,11],"current_hp_per_floor":[68,68,68,68,68,68,68,59,59,48,48,48,48,48,48,48,68,68,27,27,27,27,0,0],"gold":230,"neow_bonus":"THREE_ENEMY_KILL","is_daily":false,"chose_seed":false,"campfire_upgraded":0,"win_rate":0.0,"timestamp":1609601832,"path_taken":["M","M","?","?","?","E","M","E","T","E","$","R","M","E","R","BOSS","M","?","M","M","?","E"],"items_purchased_type":["Card","Card"],"build_version":"2020-12-22","purchased_purges":0,"victory":false,"max_hp_per_floor":[75,75,75,75,75,75,75,75,75,75,75,75,75,75,75,75,75,75,75,75,75,75,75,75],"card_choices":[{"not_picked":["PowerUp","GasGiant"],"picked":"Singularity","floor":1.0},{"not_picked":["LuminesStrike","DoubleSpark"],"picked":"AsteroidBelt","floor":2.0},{"not_picked":["WitchOfGreed","SuperPerseids"],"picked":"CasketOfStar","floor":6.0},{"not_picked":["NonDirectionalLaser","WitchOfGreed"],"picked":"AsteroidBelt","floor":7.0},{"not_picked":["StarBarrage","MysteriousBeam"],"picked":"BinaryStars","floor":8.0},{"not_picked":["WitchLeyline","LuminesStrike"],"picked":"BlazeAway","floor":10.0},{"not_picked":["LuminesStrike","IllusionStar"],"picked":"GasGiant","floor":13.0},{"not_picked":["StarBarrage","FairyDestructionRay"],"picked":"GalacticHalo","floor":14.0},{"not_picked":["JA","MillisecondPulsars"],"picked":"FinalSpark","floor":16.0},{"not_picked":["DoubleSpark","Orbital","GrandCross"],"picked":"SKIP","floor":18.0},{"not_picked":["ChargingUp","EventHorizon","FairyDestructionRay"],"picked":"SKIP","floor":19.0},{"not_picked":["GalacticHalo+1","DoubleSpark"],"picked":"SporeBomb+1","floor":20.0},{"not_picked":["GrandCross","IllusionStar+1"],"picked":"DC+1","floor":21.0}],"player_experience":705116,"relics_obtained":[{"floor":3.0,"key":"ReplayTheSpireMod:Ring of Exchange"},{"floor":6.0,"key":"Oddly Smooth Stone"},{"floor":8.0,"key":"Quantum Egg"},{"floor":9.0,"key":"Blue Candle"},{"floor":10.0,"key":"Shovel"},{"floor":12.0,"key":"hubris:BottledRain"},{"floor":14.0,"key":"Regal Pillow"},{"floor":15.0,"key":"Turnip"}],"event_choices":[{"damage_healed":0.0,"max_hp_gain":0.0,"max_hp_loss":0.0,"gold_gain":0.0,"event_name":"The Cleric","player_choice":"Leave","floor":4.0,"gold_loss":0.0,"damage_taken":0.0},{"damage_healed":0.0,"max_hp_gain":0.0,"max_hp_loss":0.0,"gold_gain":0.0,"event_name":"WeMeetAgain","player_choice":"Gave Potion","floor":5.0,"gold_loss":0.0,"damage_taken":0.0,"relics_obtained":["FossilizedHelix"]},{"damage_healed":0.0,"max_hp_gain":0.0,"max_hp_loss":0.0,"gold_gain":0.0,"event_name":"Wheel of Change","player_choice":"Cursed","floor":22.0,"gold_loss":0.0,"damage_taken":0.0,"cards_obtained":["Decay"]}],"is_beta":false,"boss_relics":[{"not_picked":["RampagingMagicTools","Astrolabe"],"picked":"OrangePellets"}],"items_purged_floors":[],"is_endless":false,"potions_floor_spawned":[1,6,8,14,18,21],"killed_by":"Book of Stabbing","ascension_level":9}}