{"host":"792mtbovsoa03nb3","time":1609548422,"event":{"mods":["BaseMod","Colored Map","Curses Come First","Dota2Spire","Downfall","Ekko","Evolution","Hubris","Infinite Spire","Minty Spire (QoL Compilation)","Replay The Spire","Spicy Shops","StSLib","The Blue Laboratory","The Jungle","??????REMEMod"],"gold_per_floor":[113,129,26,44,219,246,13,13,67,98,98,98,98,132,132,248,248,301,301,329,329,359,408,408,428,428],"floor_reached":25,"playtime":860,"items_purged":[],"score":321,"play_id":"fa0b6f62-b3ca-4cef-bb16-8d05fdc02761","local_time":"20210101164702","is_ascension_mode":true,"campfire_choices":[{"data":"REME_Flogging","floor":8,"key":"SMITH"},{"data":"REME_Cut","floor":12,"key":"SMITH"},{"data":"Metallicize","floor":15,"key":"SMITH"},{"data":"Demonic Infusion","floor":24,"key":"SMITH"}],"circlet_count":0,"master_deck":["Strike_R","Strike_R","Strike_R","Strike_R","Defend_R","Defend_R","Defend_R","Defend_R","Bash","Shrug It Off","Replay:Undeath\u0027s Touch","Fire Breathing","Thunderclap","Thunderclap","REME_Flogging+1","Replay:Undeath\u0027s Touch","Metallicize+1","REME_Cut+1","Reaper","Twin Strike+1","Looming Evil","Brutality","Demonic Infusion+1","True Grit"],"relics":["Burning Blood","EVO:Axolotl","REME_ComplimentaryCards","NeowsBlessing","Mummified Hand","ClockworkSouvenir","Replay:Bandana","Replay:Fungal Core","Ring of Hypnosis","ReplayTheSpireMod:Ring of Sloth","MealTicket"],"acts_visited":["Exordium","TheCity"],"potions_floor_usage":[6,10,16,22],"damage_taken":[{"damage":0,"enemies":"infinitespire:Voidling","floor":1,"turns":1},{"damage":0,"enemies":"Cultist","floor":2,"turns":1},{"damage":0,"enemies":"Small Slimes","floor":4,"turns":1},{"damage":32,"enemies":"3 Sentries","floor":6,"turns":6},{"damage":13,"enemies":"Gremlin Nob","floor":10,"turns":4},{"damage":4,"enemies":"Looter","floor":14,"turns":3},{"damage":8,"enemies":"Fading Forest","floor":16,"turns":11},{"damage":6,"enemies":"3 Byrds","floor":18,"turns":4},{"damage":14,"enemies":"Chosen","floor":20,"turns":2},{"damage":0,"enemies":"Centurion and Healer","floor":22,"turns":2},{"damage":33,"enemies":"Slavers","floor":23,"turns":5},{"damage":59,"enemies":"Nightmare","floor":25,"turns":6}],"seed_played":"6209757011637130119","potions_obtained":[{"floor":1,"key":"Dota2Spire:HealingSalve"},{"floor":6,"key":"blueLaboratory:PolymorphPotion"},{"floor":10,"key":"Block Potion"},{"floor":16,"key":"blueLaboratory:CorrosionFlask"},{"floor":20,"key":"Swift Potion"}],"is_trial":false,"path_per_floor":["M","M","$","M","?","E","$","R","T","E","?","R","?","M","R","B",null,"M","?","M","?","M","E","R","NM"],"character_chosen":"IRONCLAD","items_purchased":["Fire Breathing","Thunderclap","Metallicize","ClockworkSouvenir"],"campfire_rested":0,"item_purchase_floors":[3,3,7,7],"current_hp_per_floor":[78,80,80,80,80,63,63,63,63,56,56,56,49,51,51,67,77,80,80,79,79,80,53,53,0,0],"gold":428,"neow_bonus":"THREE_ENEMY_KILL","is_daily":false,"chose_seed":false,"campfire_upgraded":4,"win_rate":0.0,"timestamp":1609548422,"path_taken":["M","?","?","M","?","E","$","R","T","E","?","R","?","M","R","BOSS","M","?","M","?","M","E","R","NM"],"items_purchased_type":["Card","Card","Card","Relic"],"build_version":"2020-12-22","purchased_purges":0,"victory":false,"max_hp_per_floor":[80,80,80,80,80,80,80,80,80,80,80,80,80,80,80,80,80,80,80,80,80,80,80,80,80,80],"card_choices":[{"not_picked":["Replay:Undeath\u0027s Touch","Heavy Blade"],"picked":"Shrug It Off","floor":1},{"not_picked":["Battle Trance","Warcry"],"picked":"Replay:Undeath\u0027s Touch","floor":2},{"not_picked":["Run Through","Headbutt"],"picked":"Thunderclap","floor":4},{"not_picked":["Clothesline","Iron Wave"],"picked":"Replay:Undeath\u0027s Touch","floor":6},{"not_picked":["Dropkick","Anger"],"picked":"REME_Cut","floor":10},{"not_picked":["Abandon","Twin Strike","Uppercut"],"picked":"SKIP","floor":14},{"not_picked":["Hemogenesis","Limit Break"],"picked":"Reaper","floor":16},{"not_picked":["Sentinel","Wild Strike"],"picked":"Twin Strike+1","floor":18},{"not_picked":["Cleave","ReplayTheSpireMod:Strike From Hell","Thunderclap"],"picked":"SKIP","floor":20},{"not_picked":["Intimidate+1","Flex"],"picked":"Demonic Infusion","floor":22},{"not_picked":["REME_ACTH","Pummel+1"],"picked":"True Grit","floor":23}],"player_experience":826569,"relics_obtained":[{"floor":6,"key":"Mummified Hand"},{"floor":10,"key":"Replay:Bandana"},{"floor":19,"key":"Ring of Hypnosis"},{"floor":19,"key":"ReplayTheSpireMod:Ring of Sloth"},{"floor":23,"key":"MealTicket"}],"event_choices":[{"damage_healed":0,"gold_gain":175,"player_choice":"AGREE","damage_taken":0,"max_hp_gain":0,"max_hp_loss":0,"event_name":"Liars Game","floor":5,"gold_loss":0,"cards_obtained":["Doubt"]},{"cards_removed":["Doubt"],"damage_healed":0,"gold_gain":0,"player_choice":"Card Removal","damage_taken":7,"max_hp_gain":0,"max_hp_loss":0,"event_name":"Golden Wing","floor":13,"gold_loss":0},{"damage_healed":0,"gold_gain":0,"cards_transformed":["Strike_R"],"player_choice":"Transformed","damage_taken":0,"max_hp_gain":0,"max_hp_loss":0,"event_name":"Transmorgrifier","floor":21,"gold_loss":0,"cards_obtained":["Brutality"]}],"is_beta":false,"boss_relics":[{"not_picked":["Empty Cage","Replay:Ancient Bell"],"picked":"Replay:Fungal Core"}],"items_purged_floors":[],"is_endless":false,"potions_floor_spawned":[1,6,10,16,20],"killed_by":"Nightmare","ascension_level":8}}