{"host":"Yuki","time":1609547234,"event":{"mods":["AchievementEnabler","BaseMod","Block Reminder","Colored Map","Colored Powertips","Googly Eyes","Highlight Path","Minty Spire (QoL Compilation)","Permanent Neow","Quick Restart","Random Character Button","Random Character Mod","Relic Stats","StSLib","The Wild Card","everything is the same but u backflip on backflip","slay the spire mod where everything is the same but ironclad has a cowboy hat"],"gold_per_floor":[117,128,144,159,174,174,200,200,251,251,251],"floor_reached":10,"playtime":419,"items_purged":[],"score":91,"play_id":"648c0adf-ebba-4432-9696-144ae734cd50","local_time":"20210101182714","is_ascension_mode":true,"campfire_choices":[{"data":"Multi-Cast","floor":6,"key":"SMITH"},{"floor":8,"key":"REST"}],"circlet_count":0,"master_deck":["Strike_B","Strike_B","Strike_B","Strike_B","Defend_B","Defend_B","Defend_B","Defend_B","Zap","Dualcast","Multi-Cast+1","Coolheaded","Ball Lightning","Defragment"],"relics":["Cracked Core","Ice Cream"],"acts_visited":["Exordium"],"potions_floor_usage":[],"damage_taken":[{"damage":6,"enemies":"Cultist","floor":1,"turns":3},{"damage":1,"enemies":"Small Slimes","floor":2,"turns":3},{"damage":0,"enemies":"2 Louse","floor":3,"turns":2},{"damage":15,"enemies":"Red Slaver","floor":4,"turns":4},{"damage":13,"enemies":"Exordium Wildlife","floor":5,"turns":5},{"damage":30,"enemies":"Gremlin Nob","floor":7,"turns":4},{"damage":30,"enemies":"3 Sentries","floor":10,"turns":4}],"seed_played":"8219866816748305356","potions_obtained":[{"floor":1,"key":"Explosive Potion"},{"floor":7,"key":"Fruit Juice"}],"is_trial":false,"path_per_floor":["M","M","M","M","M","R","E","R","T","E"],"character_chosen":"DEFECT","items_purchased":[],"campfire_rested":1,"item_purchase_floors":[],"current_hp_per_floor":[62,61,61,46,33,33,3,25,25,0,0],"gold":251,"neow_bonus":"ONE_RANDOM_RARE_CARD","is_daily":false,"chose_seed":false,"campfire_upgraded":1,"win_rate":0.0,"timestamp":1609547234,"path_taken":["M","M","M","M","M","R","E","R","T","E"],"items_purchased_type":[],"build_version":"2020-12-18","purchased_purges":0,"victory":false,"max_hp_per_floor":[75,75,75,75,75,75,75,75,75,75,75],"relic_stats":{"counters":[7,25],"obtain_stats":[{"Ice Cream":7,"Cracked Core":0},{"Ice Cream":6,"Cracked Core":0},{"Ice Cream":21,"Cracked Core":0}]},"card_choices":[{"not_picked":["Heatsinks","Streamline"],"picked":"Coolheaded","floor":1},{"not_picked":["Rebound","Conserve Battery"],"picked":"Ball Lightning","floor":2},{"not_picked":["Stack","Skim","Turbo"],"picked":"SKIP","floor":3},{"not_picked":["Cold Snap","Thunder Strike","Barrage"],"picked":"SKIP","floor":4},{"not_picked":["FTL","Aggregate","BootSequence"],"picked":"SKIP","floor":5},{"not_picked":["Streamline","Gash"],"picked":"Defragment","floor":7}],"player_experience":1252100,"relics_obtained":[{"floor":7,"key":"Ice Cream"}],"event_choices":[],"is_beta":true,"boss_relics":[],"items_purged_floors":[],"is_endless":false,"potions_floor_spawned":[1,7],"killed_by":"3 Sentries","ascension_level":6}}