{"host":"qrec1pgksm53712r","time":1609566302,"event":{"mods":["Act Like it!","Aspiration","BaseMod","CapriCore","Clawfect","Conjunction","Eldritch Tears","Energized Spire","Hubris","Hyrulean Relics","Minty Spire (QoL Compilation)","StSLib","The Dragon Tamer"],"gold_per_floor":[117,117,130,148,160,191,191,191,191,191,191,11,28,46,46,150,150,125,50,66,78,78,78],"floor_reached":22,"playtime":793,"items_purged":["Gash"],"score":213,"play_id":"eea651fa-e746-4cac-8d00-e13251f9eb70","local_time":"20210101234502","is_ascension_mode":false,"campfire_choices":[{"data":"Clawfect:Clawter","floor":7,"key":"SMITH"},{"data":"Clawfect:Clawrage","floor":10,"key":"SMITH"},{"floor":15,"key":"REST"}],"circlet_count":0,"master_deck":["Gash","Gash","Gash","Gash","Defend_B","Defend_B","Defend_B","Defend_B","Defend_B","Clawfect:ClawAndTear+1","Clawfect:ClawSnap","Clawfect:Clawter+1","Steam","Clawfect:Clawrage+1","Conserve Battery","Loop","Self Repair"],"relics":["Clawfect:DRClaw","Omamori","hubris:TenFootPole","Darkstone Periapt","aspiration:Lifesprig","SlaversCollar"],"acts_visited":["Exordium","TheCity"],"potions_floor_usage":[14,14,21],"damage_taken":[{"damage":2,"enemies":"2 Louse","floor":1,"turns":4},{"damage":0,"enemies":"Cultist","floor":3,"turns":4},{"damage":1,"enemies":"Jaw Worm","floor":4,"turns":4},{"damage":8,"enemies":"3 Louse","floor":5,"turns":4},{"damage":9,"enemies":"Lagavulin","floor":6,"turns":6},{"damage":35,"enemies":"Gremlin Gang","floor":13,"turns":5},{"damage":6,"enemies":"Large Slime","floor":14,"turns":6},{"damage":19,"enemies":"The Guardian","floor":16,"turns":10},{"damage":28,"enemies":"2 Thieves","floor":18,"turns":5},{"damage":9,"enemies":"Shell Parasite","floor":20,"turns":6},{"damage":37,"enemies":"Snake Plant","floor":21,"turns":6},{"damage":22,"enemies":"Shelled Parasite and Fungi","floor":22,"turns":3}],"seed_played":"4555636177184815640","potions_obtained":[{"floor":1,"key":"LiquidMemories"},{"floor":5,"key":"FearPotion"},{"floor":6,"key":"Weak Potion"},{"floor":16,"key":"PowerPotion"}],"is_trial":false,"path_per_floor":["M","?","M","M","M","E","R","?","T","R","?","$","M","M","R","B",null,"M","$","M","M","M"],"character_chosen":"DEFECT","items_purchased":["aspiration:Lifesprig","Conserve Battery"],"campfire_rested":1,"item_purchase_floors":[12,12],"current_hp_per_floor":[80,80,80,79,71,62,62,44,44,44,44,44,9,3,27,8,82,54,54,52,22,0,0],"gold":78,"neow_bonus":"TEN_PERCENT_HP_BONUS","is_daily":false,"chose_seed":false,"campfire_upgraded":2,"win_rate":0.0,"timestamp":1609566302,"path_taken":["M","?","?","M","M","E","R","?","T","R","?","$","M","?","R","BOSS","M","$","M","?","M"],"items_purchased_type":["Relic","Card"],"build_version":"2020-12-22","purchased_purges":1,"victory":false,"max_hp_per_floor":[82,82,82,82,82,82,82,82,82,82,82,82,82,82,82,82,82,82,82,82,82,82,82],"card_choices":[{"not_picked":["Clawfect:Clawline","Gash"],"picked":"Clawfect:ClawAndTear","floor":1},{"not_picked":["White Noise","Clawfect:Clawline"],"picked":"Clawfect:ClawSnap","floor":3},{"not_picked":["hubris:DoWhile","Blizzard"],"picked":"Clawfect:Clawter","floor":4},{"not_picked":["Steam Power","Hello World"],"picked":"Steam","floor":5},{"not_picked":["Conserve Battery","Force Field"],"picked":"Clawfect:Clawrage","floor":6},{"not_picked":["Stack","Storm","Chaos"],"picked":"SKIP","floor":13},{"not_picked":["Clawfect:ClawpileDriver","Heatsinks"],"picked":"Loop","floor":14},{"not_picked":["Double Energy","Genetic Algorithm+1"],"picked":"Self Repair","floor":18},{"not_picked":["White Noise","Rebound+1","Clawfect:Clawter"],"picked":"SKIP","floor":20},{"not_picked":["Storm","Hello World+1","Clawfect:ClawpileDriver"],"picked":"SKIP","floor":21}],"player_experience":182511,"relics_obtained":[{"floor":6,"key":"Omamori"},{"floor":9,"key":"Darkstone Periapt"}],"event_choices":[{"damage_healed":0,"gold_gain":0,"player_choice":"Forge","damage_taken":0,"max_hp_gain":0,"max_hp_loss":0,"event_name":"Accursed Blacksmith","floor":2,"gold_loss":0,"cards_upgraded":["Clawfect:ClawAndTear"]},{"damage_healed":0,"gold_gain":0,"player_choice":"Success","damage_taken":18,"relics_obtained":["hubris:TenFootPole"],"max_hp_gain":0,"max_hp_loss":0,"event_name":"Scrap Ooze","floor":8,"gold_loss":0},{"damage_healed":0,"gold_gain":0,"player_choice":"0 cards matched","damage_taken":0,"max_hp_gain":0,"max_hp_loss":0,"event_name":"Match and Keep!","floor":11,"gold_loss":0,"cards_obtained":[]}],"is_beta":false,"boss_relics":[{"not_picked":["aspiration:RitualDagger","energizedSpire:SpiderWeb"],"picked":"SlaversCollar"}],"items_purged_floors":[19],"is_endless":false,"potions_floor_spawned":[1,5,6,13,16],"killed_by":"Shelled Parasite and Fungi","ascension_level":0}}