{"host":"tva948ojjycf0txh","time":1609568531,"event":{"mods":["BaseMod","Minty Spire (QoL Compilation)","Replay The Spire","StSLib"],"gold_per_floor":[115,115,130,146,146,180,180,180,180,29,63,79,95,95,95,95,95],"floor_reached":16,"playtime":1818,"items_purged":[],"score":110,"play_id":"e6046549-cf48-447a-86ee-757f4efa86ac","local_time":"20210102142211","is_ascension_mode":false,"campfire_choices":[{"data":"Armaments","floor":8,"key":"SMITH"},{"data":"Bash","floor":15,"key":"SMITH"}],"circlet_count":0,"master_deck":["Strike_R","Strike_R+1","Strike_R","Strike_R","Strike_R","Defend_R","Defend_R","Defend_R","Defend_R","Bash+1","Armaments+1","Bloodletting","Life Link","Cleave","Parasite","Feel No Pain","Reaper","Clash","ReplayTheSpireMod:Muscle Training","Run Through"],"relics":["Burning Blood","Golden Idol","Matryoshka","Bottled Tornado","ReplayTheSpireMod:Lightbulb","Self Forming Clay"],"acts_visited":["Exordium"],"potions_floor_usage":[6,11,16,16,16],"damage_taken":[{"damage":3,"enemies":"Jaw Worm","floor":1,"turns":4},{"damage":5,"enemies":"Small Slimes","floor":3,"turns":4},{"damage":1,"enemies":"Cultist","floor":4,"turns":3},{"damage":52,"enemies":"Gremlin Nob","floor":6,"turns":4},{"damage":29,"enemies":"Lagavulin","floor":11,"turns":5},{"damage":9,"enemies":"3 Louse","floor":12,"turns":3},{"damage":15,"enemies":"Gremlin Gang","floor":13,"turns":5},{"damage":29,"enemies":"Hexaghost","floor":16,"turns":9}],"seed_played":"-2573195229374316848","potions_obtained":[{"floor":1,"key":"Regen Potion"},{"floor":4,"key":"SteroidPotion"},{"floor":11,"key":"Fire Potion"},{"floor":14,"key":"Toxic Potion"},{"floor":14,"key":"Weak Potion"}],"is_trial":false,"path_per_floor":["M","?","M","M","?","E","?","R","T","$","E","M","M","?","R","B"],"character_chosen":"IRONCLAD","items_purchased":["Feel No Pain","Reaper"],"campfire_rested":0,"item_purchase_floors":[10,10],"current_hp_per_floor":[80,80,80,80,74,35,53,53,53,53,33,33,29,29,29,0,0],"gold":95,"neow_bonus":"RANDOM_EVENT","is_daily":false,"chose_seed":false,"campfire_upgraded":2,"win_rate":0.0,"timestamp":1609568531,"path_taken":["M","?","M","M","?","E","?","R","T","$","E","M","M","?","R","BOSS"],"items_purchased_type":["Card","Card"],"build_version":"2020-12-22","purchased_purges":0,"victory":false,"max_hp_per_floor":[80,80,80,80,74,74,74,74,74,74,74,74,74,74,74,74,74],"card_choices":[{"not_picked":["Flame Barrier","ReplayTheSpireMod:Muscle Training"],"picked":"Armaments","floor":1},{"not_picked":["Dual Wield","Clothesline"],"picked":"Bloodletting","floor":3},{"not_picked":["Dropkick","Rampage"],"picked":"Life Link","floor":4},{"not_picked":["Iron Wave","Warcry"],"picked":"Cleave","floor":6},{"not_picked":["Uppercut","Feel No Pain"],"picked":"Clash","floor":11},{"not_picked":["Sword Boomerang","Burning Pact"],"picked":"ReplayTheSpireMod:Muscle Training","floor":12},{"not_picked":["Dark Embrace","ReplayTheSpireMod:Strike From Hell"],"picked":"Run Through","floor":13}],"player_experience":30359,"relics_obtained":[{"floor":6,"key":"Matryoshka"},{"floor":9,"key":"Bottled Tornado"},{"floor":9,"key":"ReplayTheSpireMod:Lightbulb"},{"floor":11,"key":"Self Forming Clay"}],"event_choices":[{"damage_healed":0,"gold_gain":0,"player_choice":"Ignored","damage_taken":0,"max_hp_gain":0,"max_hp_loss":0,"event_name":"Shining Light","floor":2,"gold_loss":0},{"damage_healed":0,"gold_gain":0,"player_choice":"Lose Max HP","damage_taken":0,"relics_obtained":["Golden Idol"],"max_hp_gain":0,"max_hp_loss":6,"event_name":"Golden Idol","floor":5,"gold_loss":0},{"damage_healed":18,"gold_gain":0,"player_choice":"Healed and dodged fight","damage_taken":0,"max_hp_gain":0,"max_hp_loss":0,"event_name":"Mushrooms","floor":7,"gold_loss":0,"cards_obtained":["Parasite"]},{"damage_healed":0,"gold_gain":0,"player_choice":"Got Potions","damage_taken":0,"max_hp_gain":0,"max_hp_loss":0,"event_name":"Lab","floor":14,"gold_loss":0}],"is_beta":false,"boss_relics":[],"items_purged_floors":[],"is_endless":false,"potions_floor_spawned":[1,4,11],"killed_by":"Hexaghost","ascension_level":0}}