{"host":"3yynf0dn84873kbr","time":1609597783,"event":{"mods":["Act Like it!","BaseMod","CapriCore","Marisa£®ÏF”Í°°ƒß¿Ì…≥£©","Minty Spire (QoL Compilation)","Pale of the Ancients","StSLib","The Marked","[IsaacMod]“‘»ˆº‚À˛"],"gold_per_floor":[114,114,114,128,139,171,171,202,227,559,587,621,621,621,621,621,621],"floor_reached":16,"playtime":470,"items_purged":[],"score":236,"play_id":"24ec52d3-47ad-4479-bacd-3d45f95b0ead","local_time":"20210102222943","daily_mods":["SealedDeck","Vintage","ControlledChaos","Heirloom","Time Dilation","Flight","DeadlyEvents","Elite Swarm","Binary"],"is_ascension_mode":false,"campfire_choices":[{"data":"theMarked:ElementalBlade","floor":7,"key":"SMITH"},{"data":"theMarked:Parkour","floor":13,"key":"SMITH"},{"data":"theMarked:GodGivenPower","floor":15,"key":"SMITH"}],"circlet_count":0,"master_deck":["theMarked:BanishingStrike","theMarked:ResourceFulStrike","theMarked:ResourceFulStrike","theMarked:Parkour+1","theMarked:HeritageOfTheMarked","theMarked:SwordAndMagic","theMarked:WardOff","theMarked:WardOff","theMarked:GodGivenPower+1","theMarked:ElementalBlade+1"],"relics":["theMarked:ArtifactOfAir","Frozen Eye","Busted Crown","HushsDoor","theMarked:VonisonLock","Leech","Peace Pipe","PreservedInsect","Mango","Dead Branch","Vajra","HowToJump","Damocles","PokeGo","Blood Vial","Old Coin","Toy Ornithopter","Regal Pillow","Torii","CaptainsWheel"],"acts_visited":["Exordium"],"potions_floor_usage":[],"damage_taken":[{"damage":0,"enemies":"Jaw Worm","floor":1,"turns":2},{"damage":0,"enemies":"Small Slimes","floor":4,"turns":2},{"damage":0,"enemies":"Cultist","floor":5,"turns":2},{"damage":9,"enemies":"3 Sentries","floor":6,"turns":3},{"damage":0,"enemies":"Gremlin Nob","floor":8,"turns":2},{"damage":0,"enemies":"3 Sentries","floor":10,"turns":3},{"damage":0,"enemies":"Lagavulin","floor":11,"turns":2},{"damage":0,"enemies":"3 Sentries","floor":12,"turns":3},{"damage":6,"enemies":"Hexaghost","floor":16,"turns":2}],"seed_played":"2825541616529156068","potions_obtained":[{"floor":1,"key":"PowerPotion"},{"floor":4,"key":"Dexterity Potion"},{"floor":8,"key":"theMarked:ChargePotion"}],"is_trial":true,"path_per_floor":["M","?","T","M","M","E","R","E","T","E","E","E","R","?","R","B"],"character_chosen":"THE_DEFAULT","items_purchased":[],"campfire_rested":0,"item_purchase_floors":[],"current_hp_per_floor":[70,45,59,60,61,54,54,55,55,57,60,64,64,64,64,0,0],"gold":621,"neow_bonus":"","is_daily":false,"chose_seed":false,"campfire_upgraded":3,"win_rate":0.0,"timestamp":1609597783,"path_taken":["M","?","?","M","M","E","R","E","T","E","?","E","R","?","R","BOSS"],"items_purchased_type":[],"build_version":"2020-12-22","purchased_purges":0,"victory":false,"max_hp_per_floor":[70,70,84,84,84,84,84,84,84,84,84,84,84,84,84,84,84],"card_choices":[],"player_experience":121287,"relics_obtained":[{"floor":1,"key":"Peace Pipe"},{"floor":3,"key":"Mango"},{"floor":4,"key":"Dead Branch"},{"floor":5,"key":"Vajra"},{"floor":6,"key":"HowToJump"},{"floor":8,"key":"Damocles"},{"floor":9,"key":"PokeGo"},{"floor":10,"key":"Blood Vial"},{"floor":10,"key":"Old Coin"},{"floor":11,"key":"Toy Ornithopter"},{"floor":11,"key":"Regal Pillow"},{"floor":12,"key":"Torii"},{"floor":12,"key":"CaptainsWheel"}],"event_choices":[{"damage_healed":0,"gold_gain":0,"player_choice":"Success","damage_taken":25,"relics_obtained":["PreservedInsect"],"max_hp_gain":0,"max_hp_loss":0,"event_name":"Scrap Ooze","floor":2,"gold_loss":0}],"is_beta":false,"boss_relics":[],"items_purged_floors":[],"is_endless":false,"potions_floor_spawned":[1,4,8,12],"killed_by":"Hexaghost","ascension_level":0}}