{"host":"qwttrqaysb380yri","time":1609617339,"event":{"mods":["BaseMod","Custom Start","Minty Spire (QoL Compilation)","Permanent Neow","Puzzle Mod","Relic Stats","StSLib","The Hierophant"],"gold_per_floor":[112,112,112,122,141,141,177,202,249,290,313,313,347,379,379,465,465,492,528,537,571,571,571,615,615,687,359,394,421,421,455,455,455,455],"floor_reached":33,"playtime":1501,"items_purged":["Writhe"],"score":520,"play_id":"c41dd2e8-ea62-4836-84a3-2a271e9f133b","local_time":"20210102205539","is_ascension_mode":true,"campfire_choices":[{"data":"Deadly Poison","floor":6,"key":"SMITH"},{"floor":12,"key":"REST"},{"data":"Footwork","floor":15,"key":"SMITH"},{"floor":23,"key":"REST"},{"floor":30,"key":"REST"},{"data":"Secret Technique","floor":32,"key":"SMITH"}],"circlet_count":0,"master_deck":["AscendersBane","Strike_G","Strike_G","Strike_G","Strike_G","Strike_G","Defend_G","Defend_G","Defend_G","Defend_G","Defend_G","Survivor","Neutralize+1","PiercingWail","Deadly Poison+1","Bouncing Flask","All Out Attack","Deflect","Dagger Throw","Backflip","Footwork+1","Deflect","Dagger Spray","Blade Dance","Glass Knife","Noxious Fumes","Deadly Poison","Quick Slash+1","Secret Technique+1","Backflip+1","Dodge and Roll+1","Calculated Gamble+1","Bouncing Flask+1"],"relics":["Ring of the Snake","Question Card","CeramicFish","Happy Flower","Prayer Wheel","Black Star","Frozen Egg 2","Red Mask","Smiling Mask","Vajra","Ninja Scroll","Toxic Egg 2","Anchor"],"acts_visited":["Exordium","TheCity"],"potions_floor_usage":[7,7,11,16,19,21,24,28,31,33],"damage_taken":[{"damage":0,"enemies":"2 Louse","floor":1,"turns":3},{"damage":4,"enemies":"Cultist","floor":4,"turns":5},{"damage":1,"enemies":"Jaw Worm","floor":5,"turns":4},{"damage":24,"enemies":"3 Sentries","floor":7,"turns":9},{"damage":0,"enemies":"3 Louse","floor":8,"turns":4},{"damage":28,"enemies":"Gremlin Nob","floor":10,"turns":4},{"damage":3,"enemies":"Blue Slaver","floor":11,"turns":4},{"damage":0,"enemies":"Red Slaver","floor":13,"turns":3},{"damage":8,"enemies":"Large Slime","floor":14,"turns":7},{"damage":21,"enemies":"The Guardian","floor":16,"turns":10},{"damage":18,"enemies":"3 Byrds","floor":18,"turns":5},{"damage":0,"enemies":"Chosen","floor":19,"turns":4},{"damage":14,"enemies":"Masked Bandits","floor":21,"turns":3},{"damage":41,"enemies":"Gremlin Leader","floor":24,"turns":8},{"damage":42,"enemies":"Book of Stabbing","floor":28,"turns":5},{"damage":12,"enemies":"3 Cultists","floor":29,"turns":6},{"damage":0,"enemies":"Centurion and Healer","floor":31,"turns":6},{"damage":67,"enemies":"Automaton","floor":33,"turns":6}],"seed_played":"-1828246801109516001","potions_obtained":[{"floor":1,"key":"Swift Potion"},{"floor":5,"key":"LiquidMemories"},{"floor":10,"key":"Fruit Juice"},{"floor":13,"key":"Explosive Potion"},{"floor":14,"key":"Regen Potion"},{"floor":19,"key":"DistilledChaos"},{"floor":21,"key":"SneckoOil"},{"floor":29,"key":"Strength Potion"}],"is_trial":false,"path_per_floor":["M","?","?","M","M","R","E","M","T","E","M","R","M","M","R","B",null,"M","M","?","?","?","R","E","?","T","$","E","M","R","M","R","B"],"character_chosen":"THE_SILENT","items_purchased":["Fire Potion","BlessingOfTheForge","Secret Technique"],"campfire_rested":3,"item_purchase_floors":[27,27,27],"current_hp_per_floor":[59,59,59,55,54,54,30,30,30,2,4,25,25,17,17,11,56,38,38,38,24,24,45,4,71,71,71,29,17,38,38,38,0,0],"gold":455,"neow_bonus":"UPGRADE_CARD","is_daily":false,"chose_seed":false,"campfire_upgraded":3,"win_rate":0.0,"timestamp":1609617339,"path_taken":["M","?","?","M","M","R","E","M","T","E","M","R","?","M","R","BOSS","M","M","?","?","?","R","E","?","T","$","E","?","R","M","R","BOSS"],"items_purchased_type":["Potion","Potion","Card"],"build_version":"2020-12-22","purchased_purges":1,"victory":false,"max_hp_per_floor":[66,66,66,66,66,66,66,66,66,66,71,71,71,71,71,71,71,71,71,71,71,71,71,71,71,71,71,71,71,71,71,71,71,71],"relic_stats":{"Happy Flower":[23],"counters":[18,96],"CeramicFish":171,"Prayer Wheel":7,"Black Star":2,"Question Card":23,"Smiling Mask":25,"obtain_stats":[{"Happy Flower":9,"CeramicFish":7,"Vajra":24,"Frozen Egg 2":20,"Question Card":2,"Smiling Mask":24,"Anchor":28,"Ninja Scroll":26,"Prayer Wheel":10,"Black Star":17,"Red Mask":21,"Toxic Egg 2":28,"Ring of the Snake":0},{"Happy Flower":5,"CeramicFish":4,"Vajra":14,"Frozen Egg 2":12,"Question Card":1,"Smiling Mask":14,"Anchor":15,"Ninja Scroll":14,"Prayer Wheel":6,"Black Star":10,"Red Mask":13,"Toxic Egg 2":15,"Ring of the Snake":0},{"Happy Flower":25,"CeramicFish":21,"Vajra":73,"Frozen Egg 2":62,"Question Card":3,"Smiling Mask":73,"Anchor":78,"Ninja Scroll":73,"Prayer Wheel":29,"Black Star":53,"Red Mask":65,"Toxic Egg 2":78,"Ring of the Snake":0}],"Ring of the Snake":[36]},"card_choices":[{"not_picked":["Calculated Gamble","Leg Sweep"],"picked":"PiercingWail","floor":1},{"not_picked":["Tactician","Bane","Cloak And Dagger"],"picked":"Deadly Poison","floor":4},{"not_picked":["Backstab","Backflip","Dagger Throw"],"picked":"Bouncing Flask","floor":5},{"not_picked":["Outmaneuver","PiercingWail","Choke"],"picked":"All Out Attack","floor":7},{"not_picked":["Outmaneuver","Noxious Fumes","Dagger Throw"],"picked":"Deflect","floor":8},{"not_picked":["Finisher","Expertise","Catalyst"],"picked":"Dagger Throw","floor":10},{"not_picked":["Noxious Fumes","Blade Dance","Dagger Throw"],"picked":"Backflip","floor":11},{"not_picked":["Distraction","Infinite Blades","Blade Dance","Sucker Punch"],"picked":"SKIP","floor":11},{"not_picked":["Adrenaline","Eviscerate","Caltrops"],"picked":"Footwork","floor":13},{"not_picked":["Flechettes","Concentrate","Predator"],"picked":"Deflect","floor":13},{"not_picked":["Dagger Throw","Concentrate","Backflip"],"picked":"Dagger Spray","floor":14},{"not_picked":["Sucker Punch","PiercingWail","Concentrate"],"picked":"Blade Dance","floor":14},{"not_picked":["Envenom","Night Terror","Phantasmal Killer"],"picked":"Glass Knife","floor":16},{"not_picked":["Reflex","Outmaneuver","All Out Attack"],"picked":"Noxious Fumes","floor":18},{"not_picked":["Prepared","Tactician","Footwork","Deflect"],"picked":"SKIP","floor":18},{"not_picked":["Dash","Dodge and Roll","Noxious Fumes"],"picked":"Deadly Poison","floor":19},{"not_picked":["Blade Dance","PiercingWail","Reflex"],"picked":"Quick Slash+1","floor":19},{"not_picked":["Concentrate","Doppelganger","Sucker Punch"],"picked":"Predator","floor":24},{"not_picked":["Dagger Throw","Concentrate+1","Distraction+1"],"picked":"Backflip+1","floor":28},{"not_picked":["Prepared+1","Poisoned Stab","Leg Sweep+1"],"picked":"Dodge and Roll+1","floor":29},{"not_picked":["Blade Dance+1","Heel Hook","Terror+1","Poisoned Stab"],"picked":"SKIP","floor":29},{"not_picked":["Flying Knee","Slice","Dagger Spray"],"picked":"Calculated Gamble+1","floor":31},{"not_picked":["Poisoned Stab","Flying Knee+1","Distraction+1"],"picked":"Bouncing Flask+1","floor":31}],"player_experience":1978829,"relics_obtained":[{"floor":7,"key":"CeramicFish"},{"floor":9,"key":"Happy Flower"},{"floor":10,"key":"Prayer Wheel"},{"floor":21,"key":"Red Mask"},{"floor":24,"key":"Smiling Mask"},{"floor":24,"key":"Vajra"},{"floor":26,"key":"Ninja Scroll"},{"floor":28,"key":"Toxic Egg 2"},{"floor":28,"key":"Anchor"}],"event_choices":[{"damage_healed":0,"gold_gain":0,"player_choice":"Box","damage_taken":0,"relics_obtained":["Question Card"],"max_hp_gain":0,"max_hp_loss":0,"event_name":"Big Fish","floor":2,"gold_loss":0,"cards_obtained":["Regret"]},{"cards_removed":["Regret"],"damage_healed":0,"gold_gain":0,"player_choice":"Removed Curses","damage_taken":0,"max_hp_gain":0,"max_hp_loss":0,"event_name":"Fountain of Cleansing","floor":3,"gold_loss":0},{"damage_healed":0,"gold_gain":0,"player_choice":"Opened","damage_taken":0,"relics_obtained":["Frozen Egg 2"],"max_hp_gain":0,"max_hp_loss":0,"event_name":"The Mausoleum","floor":20,"gold_loss":0,"cards_obtained":["Writhe"]},{"damage_healed":0,"gold_gain":0,"player_choice":"Fought Bandits","damage_taken":0,"max_hp_gain":0,"max_hp_loss":0,"event_name":"Masked Bandits","floor":21,"gold_loss":0},{"damage_healed":0,"gold_gain":0,"player_choice":"Ignored","damage_taken":0,"max_hp_gain":0,"max_hp_loss":0,"event_name":"Ghosts","floor":22,"gold_loss":0},{"cards_removed":["Predator"],"damage_healed":67,"gold_gain":0,"player_choice":"Offered Uncommon","damage_taken":0,"max_hp_gain":0,"max_hp_loss":0,"event_name":"Bonfire Elementals","floor":25,"gold_loss":0}],"is_beta":false,"boss_relics":[{"not_picked":["Tiny House","Runic Pyramid"],"picked":"Black Star"}],"items_purged_floors":[27],"is_endless":false,"potions_floor_spawned":[1,5,10,13,14,19,21,29],"killed_by":"Automaton","ascension_level":15}}