{"host":"yck2t2q3ro7hf56e","time":1609565977,"event":{"mods":["Act Like it!","Arknights The Spire","BaseMod","Custom Start","DNKmod","Friendly Minions","Hubris","Minty Spire (QoL Compilation)","Quick Restart","Rare Cards Sparkle","Replay The Spire","Slay the Relics Exporter","StSLib","The Construct","The Marked","Virulent Crown"],"gold_per_floor":[10020,9597,9597,9618,9645,9645,9687,9687,9687,9059,9059,9059,8834,8851,8851,8959,8959,8978,9077,9101,8947,8872,8903,8903,8903,8976,8976,8992,8992,9022,8647,8847,8954,8954,8990,8845,8865,8865,8865,8865,8865,8826,8826,8864,8879,8905,8905,8905,8905,8926,8926,8934],"floor_reached":53,"playtime":5664,"items_purged":["Voices","Spreading Infection","hubris:Gluttony"],"score":694,"play_id":"e4c24a33-0303-4d06-b3c9-83a6cc69ad9f","local_time":"20210102053937","is_ascension_mode":false,"campfire_choices":[{"data":"construct:Failsafe","floor":6,"key":"SMITH"},{"data":"construct:Autoturret","floor":8,"key":"SMITH"},{"data":"construct:ShieldBurst","floor":11,"key":"SMITH"},{"floor":15,"key":"DIG"},{"data":"construct:DefenseMode","floor":27,"key":"SMITH"},{"data":"construct:Reinforce","floor":29,"key":"SMITH"},{"data":"hubris:EnhanceAbility","floor":40,"key":"SMITH"},{"data":"ReplayUltimateDefense","floor":47,"key":"SMITH"},{"floor":51,"key":"DIG"}],"circlet_count":0,"master_deck":["construct:Strike_Gold","construct:Strike_Gold","construct:Strike_Gold","construct:Strike_Gold","construct:Strike_Gold","construct:Defend_Gold+1","construct:Defend_Gold+1","construct:Defend_Gold+1","construct:Defend_Gold+1","construct:Defend_Gold+1","construct:Failsafe+1","construct:Autoturret+1","construct:Boost","construct:Autoturret","ReplayUltimateDefense+1","construct:Reinforce+1","construct:MetalShell+1","construct:Autoturret","construct:ShieldBurst+1","construct:ReactiveShield","construct:Forcefield+1","construct:Autoturret+1","construct:Synchronize+1","hubris:EnhanceAbility+1","hubris:DuctTapeCard","construct:SuppressiveFire+1"],"relics":["Replay:Bandana","Iron Hammer","Ring of Fury","Ring of Hypnosis","Mercury Hourglass","Replay:Bottled Flurry","hubris:OldNail","Orrery","Replay:Antivirus Software","Membership Card","Happy Flower","hubris:Reverence","hubris:HollowSoul","hubris:TenFootPole","Toolbox","hubris:SlimyHat","Pen Nib","Replay:Bottled Steam","Unceasing Top","Bird Faced Urn","Bottled Tornado","construct:RocketBooster","hubris:Towel","ReplayTheSpireMod:CursedCoin","Replay:Bottled Eggs","hubris:DuctTape","Blue Doll","ReplayFunnel"],"acts_visited":["Exordium","TheCity","TheBeyond"],"potions_floor_usage":[18,33,37,44,52],"damage_taken":[{"damage":0,"enemies":"Jaw Worm","floor":1,"turns":3},{"damage":0,"enemies":"Small Slimes","floor":4,"turns":4},{"damage":0,"enemies":"2 Louse","floor":5,"turns":3},{"damage":27,"enemies":"Lagavulin","floor":7,"turns":12},{"damage":13,"enemies":"Looter","floor":14,"turns":3},{"damage":497,"enemies":"Hexaghost","floor":16,"turns":12},{"damage":16,"enemies":"2 Thieves","floor":18,"turns":5},{"damage":21,"enemies":"Spheric Guardian","floor":20,"turns":6},{"damage":12,"enemies":"Book of Stabbing","floor":23,"turns":8},{"damage":1,"enemies":"Snecko","floor":28,"turns":7},{"damage":3,"enemies":"Gremlin Leader","floor":30,"turns":7},{"damage":11,"enemies":"Automaton","floor":33,"turns":9},{"damage":31,"enemies":"3 Darklings","floor":35,"turns":5},{"damage":15,"enemies":"3 Shapes","floor":37,"turns":4},{"damage":10,"enemies":"R_Hoarder","floor":44,"turns":11},{"damage":45,"enemies":"Transient","floor":45,"turns":5},{"damage":38,"enemies":"3 Darklings","floor":46,"turns":6},{"damage":9,"enemies":"Spire Growth","floor":50,"turns":6},{"damage":4,"enemies":"Replay:Hell Engine","floor":52,"turns":13}],"seed_played":"-6714952054193356121","potions_obtained":[{"floor":14,"key":"FairyPotion"},{"floor":16,"key":"Energy Potion"},{"floor":18,"key":"Explosive Potion"},{"floor":37,"key":"SkillPotion"},{"floor":50,"key":"Adrenaline Potion"}],"is_trial":false,"path_per_floor":["M","$","?","M","M","R","E","R","T","$","R","?","$","M","R","B",null,"M","?","M","$","?","E","?","?","T","R","M","R","E","$","R","B",null,"M","$","M","?","?","R","?","$","T","E","M","M","R","PTL","PTL","M","R","B",null],"character_chosen":"THE_CONSTRUCT_MOD","items_purchased":["construct:Autoturret","Replay:Bandana","Iron Hammer","construct:Autoturret","hubris:OldNail","ReplayUltimateDefense","Orrery","Membership Card","Happy Flower","hubris:TenFootPole","Toolbox","Bird Faced Urn","construct:Autoturret+1","PowerPotion","Bottled Tornado","construct:RocketBooster","ReplayTheSpireMod:CursedCoin","Replay:Bottled Eggs"],"campfire_rested":0,"item_purchase_floors":[2,2,2,10,10,10,10,13,13,21,21,31,31,31,31,36,42,42],"current_hp_per_floor":[1100,1100,1100,1100,1100,1100,1073,1073,1073,1073,1073,1073,1073,1060,1060,563,1100,1084,1084,1063,1063,1063,1051,1100,1100,1100,1100,1099,1099,1096,1096,1096,1097,1100,1079,1079,1074,1074,1074,1074,1074,1074,1074,1086,1055,1035,1035,1035,1035,1046,1046,1062],"gold":8934,"neow_bonus":"TEN_PERCENT_HP_BONUS","is_daily":false,"chose_seed":false,"campfire_upgraded":7,"win_rate":0.0,"timestamp":1609565977,"path_taken":["M","$","?","M","M","R","E","R","T","$","R","?","$","M","R","BOSS","M","?","M","$","?","E","?","?","T","R","M","R","E","$","R","BOSS","M","$","?","?","?","R","?","$","T","E","M","M","R","PTL","PTL","M","R","BOSS"],"items_purchased_type":["Card","Relic","Relic","Card","Relic","Card","Relic","Relic","Relic","Relic","Relic","Relic","Card","Potion","Relic","Relic","Relic","Relic"],"build_version":"2020-12-22","purchased_purges":3,"victory":true,"max_hp_per_floor":[1100,1100,1100,1100,1100,1100,1100,1100,1100,1100,1100,1100,1100,1100,1100,1100,1100,1100,1100,1100,1100,1100,1100,1100,1100,1100,1100,1100,1100,1100,1100,1100,1100,1100,1100,1100,1100,1100,1100,1100,1100,1100,1100,1100,1100,1100,1100,1100,1100,1100,1100,1100],"card_choices":[{"not_picked":["construct:Boost","construct:Hazardproof"],"picked":"construct:Failsafe","floor":1},{"not_picked":["construct:ShiftStrike","construct:SyphonStrike"],"picked":"construct:Boost","floor":4},{"not_picked":["construct:FlakBarrage","construct:FlameCore","construct:BatteryAcid"],"picked":"SKIP","floor":5},{"not_picked":["construct:QuickAttack","construct:Accumulate","construct:Backfire"],"picked":"SKIP","floor":7},{"not_picked":["construct:HeavyBolt","construct:Versatility"],"picked":"construct:Reinforce","floor":10},{"not_picked":["construct:VentSteam","construct:SyphonStrike"],"picked":"construct:MetalShell","floor":10},{"not_picked":["construct:SweepLaser","construct:OmegaCannon"],"picked":"construct:Autoturret","floor":10},{"not_picked":["construct:ModeShift","construct:Backup"],"picked":"construct:ShieldBurst","floor":10},{"not_picked":["construct:ScrapCannon","construct:Backfire","construct:FocusedBeam"],"picked":"SKIP","floor":14},{"not_picked":["construct:Synchronize","construct:FlameCore+1"],"picked":"construct:ReactiveShield","floor":18},{"not_picked":["construct:Overcharge","construct:Versatility+1","construct:ModeShift"],"picked":"SKIP","floor":20},{"not_picked":["construct:FocusedBeam","construct:ChargeShot+1","construct:ScopeCore"],"picked":"SKIP","floor":23},{"not_picked":["construct:Versatility","construct:Disrupt"],"picked":"construct:Zapper+1","floor":28},{"not_picked":["construct:FlakBarrage","construct:Backfire"],"picked":"construct:Forcefield+1","floor":30},{"not_picked":["construct:FierceBash","construct:ClusterMines","construct:FlakBarrage"],"picked":"SKIP","floor":35},{"not_picked":["construct:Forcefield","construct:Tumble+1"],"picked":"construct:Synchronize+1","floor":37},{"not_picked":["Transmutation","Enlightenment"],"picked":"hubris:EnhanceAbility","floor":38},{"not_picked":["construct:VentSteam+1","construct:Reinforce+1"],"picked":"construct:SuppressiveFire+1","floor":44},{"not_picked":["construct:ModeShift+1","construct:ShiftStrike","construct:SweepLaser"],"picked":"SKIP","floor":45},{"not_picked":["construct:Missile+1","construct:Versatility","construct:Overcharge+1"],"picked":"SKIP","floor":46},{"not_picked":["construct:SyphonStrike+1","construct:HeavyBolt+1","construct:Boost+1"],"picked":"SKIP","floor":50}],"player_experience":113198,"relics_obtained":[{"floor":3,"key":"Ring of Fury"},{"floor":3,"key":"Ring of Hypnosis"},{"floor":7,"key":"Mercury Hourglass"},{"floor":9,"key":"Replay:Bottled Flurry"},{"floor":15,"key":"hubris:Reverence"},{"floor":23,"key":"hubris:SlimyHat"},{"floor":26,"key":"Replay:Bottled Steam"},{"floor":30,"key":"Unceasing Top"},{"floor":43,"key":"hubris:DuctTape"},{"floor":44,"key":"Blue Doll"},{"floor":51,"key":"ReplayFunnel"}],"event_choices":[{"damage_healed":0,"gold_gain":99,"player_choice":"Stole From Cult","damage_taken":0,"max_hp_gain":0,"max_hp_loss":0,"event_name":"Nest","floor":19,"gold_loss":0},{"cards_removed":["construct:AttackMode"],"damage_healed":0,"gold_gain":0,"player_choice":"Gave Gold","damage_taken":0,"max_hp_gain":0,"max_hp_loss":0,"event_name":"Beggar","floor":22,"gold_loss":75},{"damage_healed":363,"gold_gain":0,"player_choice":"Heal","damage_taken":0,"max_hp_gain":0,"max_hp_loss":0,"event_name":"The Library","floor":24,"gold_loss":0},{"damage_healed":0,"gold_gain":200,"player_choice":"Gold","damage_taken":0,"max_hp_gain":0,"max_hp_loss":0,"event_name":"Wheel of Change","floor":32,"gold_loss":0},{"damage_healed":0,"gold_gain":0,"player_choice":"Memory 1","damage_taken":0,"max_hp_gain":0,"max_hp_loss":0,"event_name":"SensoryStone","floor":38,"gold_loss":0}],"is_beta":false,"boss_relics":[{"not_picked":["hubris:GrandSneckoEye","Kintsugi"],"picked":"hubris:HollowSoul"},{"not_picked":["Replay:Bronze Core","Fusion Hammer","hubris:CrackedHourglass"]}],"items_purged_floors":[10,31,42],"is_endless":false,"potions_floor_spawned":[5,14,16,18,28,37,46,50],"ascension_level":0}}