{"host":"m3qxensetu6036ua","time":1609610286,"event":{"mods":["2.2 Compatiblity","AchievementEnabler","BaseMod","Better Altar","Better Match","Better Sensory Stone","Better Skull","Better Third Choice","Better Vampires","Block Reminder","Colored Powertips","Displayed Cursed Tome","GungeonMod","Hubris","Jedi Mod","Minty Spire (QoL Compilation)","MostiFishMod","Rare Cards Sparkle","Remove Card Discount Mod","Replay The Spire","Robot Space Explorer","Spicy Shops","StSLib","The Dragon Tamer"],"gold_per_floor":[118,137,72,82,99,99,125,27,27,27,202,215,215,248,248,351,351,351],"floor_reached":17,"playtime":2408,"items_purged":["Regret","Regret"],"score":223,"play_id":"c1a3c7c0-6aa7-4d32-8898-e32da6a8b5f2","local_time":"20210102185806","is_ascension_mode":true,"campfire_choices":[{"data":"Zap","floor":6,"key":"SMITH"},{"data":"Go for the Eyes","floor":15,"key":"SMITH"}],"circlet_count":0,"master_deck":["Strike_B","Strike_B","Strike_B","Strike_B","Defend_B","Defend_B+1","Defend_B+1","Defend_B","Zap+1","Dualcast","Undo","Sweeping Beam","Streamline","Go for the Eyes+1","Self Repair","Doubt","Creative AI"],"relics":["Cracked Core","DaveBox","DianDianMeat","Juzu Bracelet","SynthV:TestCard","War Paint","Anchor","Shuriken","hubris:Towel","DemoMod:GlassGuonStoneRelic","DemoMod:MeltedRock","jedi:paperlyon"],"acts_visited":["Exordium","TheCity"],"potions_floor_usage":[16],"damage_taken":[{"damage":0,"enemies":"Small Slimes","floor":1,"turns":2},{"damage":3,"enemies":"2 Louse","floor":2,"turns":2},{"damage":0,"enemies":"Cultist","floor":4,"turns":3},{"damage":1,"enemies":"Looter","floor":5,"turns":2},{"damage":27,"enemies":"Gremlin Nob","floor":7,"turns":4},{"damage":3,"enemies":"Gremlin Gang","floor":12,"turns":3},{"damage":36,"enemies":"Lagavulin","floor":14,"turns":7},{"damage":21,"enemies":"The Guardian","floor":16,"turns":11}],"seed_played":"-3875408403734957751","potions_obtained":[{"floor":1,"key":"Ancient Potion"},{"floor":4,"key":"SteroidPotion"},{"floor":5,"key":"FocusPotion"},{"floor":13,"key":"Death Potion"}],"is_trial":false,"path_per_floor":["M","M","$","M","M","R","E","$","T","?","?","M","?","E","R","B",null],"character_chosen":"DEFECT","items_purchased":["War Paint","DemoMod:LeadSkinPotion"],"campfire_rested":0,"item_purchase_floors":[3,8],"current_hp_per_floor":[78,78,82,87,92,92,72,72,72,72,80,84,84,55,55,50,120,120],"gold":351,"neow_bonus":"RANDOM_EVENT","is_daily":false,"chose_seed":false,"campfire_upgraded":2,"win_rate":0.0,"timestamp":1609610286,"path_taken":["M","M","$","M","M","R","E","$","T","?","?","M","?","E","R","BOSS"],"items_purchased_type":["Relic","Undefined"],"build_version":"2020-12-22","purchased_purges":2,"victory":false,"max_hp_per_floor":[78,81,85,90,96,96,103,103,103,103,111,111,111,111,111,120,120,120],"card_choices":[{"not_picked":["Rebound","jedi:blockon"],"picked":"Undo","floor":1},{"not_picked":["jedi:sharpshooter","Beam Cell","jedi:blockon","Rebound"],"picked":"Sweeping Beam","floor":2},{"not_picked":["MostiFishMod:InterfaceCompatibility","Turbo","Steam","Sunder"],"picked":"Streamline","floor":4},{"not_picked":["Panic Button","Redo","Conserve Battery","MostiFishMod:PushDownKick"],"picked":"Go for the Eyes","floor":5},{"not_picked":["hubris:Ukulele","Redo","Buffer","Cold Snap"],"picked":"Self Repair","floor":7},{"not_picked":["Turbo","Redo","Go for the Eyes","Hologram","Streamline"],"picked":"SKIP","floor":12},{"not_picked":["Rebound","MostiFishMod:PushDownKick","Barrage","Consume","Turbo"],"picked":"SKIP","floor":14},{"not_picked":["MostiFishMod:DeathFromBelow","jedi:BurstDark","Rainbow","Mirror Shield"],"picked":"Creative AI","floor":16}],"player_experience":164868,"relics_obtained":[{"floor":1,"key":"SynthV:TestCard"},{"floor":7,"key":"Anchor"},{"floor":9,"key":"Shuriken"},{"floor":14,"key":"DemoMod:MeltedRock"}],"event_choices":[{"damage_healed":0,"gold_gain":0,"player_choice":"Box","damage_taken":0,"relics_obtained":["Juzu Bracelet"],"max_hp_gain":0,"max_hp_loss":0,"event_name":"Big Fish","floor":0,"gold_loss":0,"cards_obtained":["Regret"]},{"damage_healed":0,"gold_gain":175,"player_choice":"AGREE","damage_taken":27,"max_hp_gain":0,"max_hp_loss":0,"event_name":"betterThird:BetterSerpent","floor":11,"gold_loss":0},{"damage_healed":0,"gold_gain":0,"player_choice":"Got Potions","damage_taken":0,"max_hp_gain":0,"max_hp_loss":0,"event_name":"Lab","floor":13,"gold_loss":0}],"is_beta":false,"boss_relics":[{"not_picked":["Calling Bell","hubris:TerracottaHorce"],"picked":"jedi:paperlyon"}],"items_purged_floors":[3,3],"is_endless":false,"potions_floor_spawned":[1,4,5,16],"ascension_level":1}}