{"host":"7qmclr78zvlntuh5","time":1609557973,"event":{"mods":["BaseMod","Downfall","Minty Spire (QoL Compilation)","StSLib"],"gold_per_floor":[0,19,32,32,51,86,86,26,61,61,95,114,139,155,173,277,277,77,96,114,133,133,458,458,458,486,486,519,529,545,155,174,271,271,171,171,176,187,198,198,198,230,230,230,46,46,74,93,113,113,113,147,21,21,21],"floor_reached":56,"playtime":6270,"items_purged":["Guardian:Strike_Guardian","Guardian:Defend_Guardian"],"score":1648,"play_id":"2303eb0c-8905-4fe3-8688-58f8936c7a48","local_time":"20210101222613","is_ascension_mode":true,"campfire_choices":[{"floor":1.0,"key":"RECALL"},{"floor":10.0,"key":"REST"},{"data":"Guardian:Orbwalk","floor":18.0,"key":"SMITH"},{"data":"Guardian:Suspension","floor":40,"key":"SMITH"},{"data":"Guardian:MultiBeam","floor":43,"key":"SMITH"},{"data":"Guardian:FastForward","floor":46,"key":"SMITH"},{"data":"Guardian:ConstructionForm","floor":54,"key":"SMITH"}],"circlet_count":0,"master_deck":["Guardian:CurlUp","Guardian:TwinSlam","Guardian:Recover","Guardian:Recover","Guardian:ShieldSpikes","Guardian:TimeCapacitor","Guardian:Incinerate","Guardian:TemporalShield","Guardian:Reroute","Guardian:GatlingBeam","Guardian:Orbwalk+1","Guardian:RevengeProtocol","Guardian:Reroute","Guardian:RevengeProtocol","Guardian:MultiBeam+1","Guardian:Reroute","Guardian:RefractedBeam+1","Guardian:GatlingBeam","Guardian:Suspension+1","Guardian:Suspension+1","Guardian:PolyBeam","Guardian:FastForward+1","Guardian:ChargeUp","Guardian:RollAttack","Guardian:ConstructionForm+1","Guardian:Orbwalk","Guardian:PolyBeam+1","Guardian:StasisStrike"],"relics":["Guardian:ModeShifter","MealTicket","CaptainsWheel","Mercury Hourglass","Cursed Key","downfall:HeartBlessingGreen","downfall:HeartBlessingRed","Old Coin","PreservedInsect","downfall:RedIOU","Guardian:PickAxe","Anchor","Vajra","Coffee Dripper","downfall:HeartBlessingBlue","Guardian:StasisUpgradeRelic","The Courier","Bag of Preparation","InkBottle","Unceasing Top"],"acts_visited":["Exordium","TheCity","TheBeyond","TheEnding"],"potions_floor_usage":[],"damage_taken":[{"damage":1.0,"enemies":"Cultist","floor":2.0,"turns":4.0},{"damage":5.0,"enemies":"2 Louse","floor":3.0,"turns":3.0},{"damage":4.0,"enemies":"Jaw Worm","floor":5.0,"turns":5.0},{"damage":30.0,"enemies":"3 Sentries","floor":6.0,"turns":13.0},{"damage":0.0,"enemies":"downfall:FleeingMerchant","floor":8.0,"turns":4.0},{"damage":13.0,"enemies":"Gremlin Nob","floor":9.0,"turns":5.0},{"damage":9.0,"enemies":"3 Sentries","floor":11.0,"turns":7.0},{"damage":3.0,"enemies":"Exordium Thugs","floor":12.0,"turns":4.0},{"damage":9.0,"enemies":"Gremlin Nob","floor":13.0,"turns":5.0},{"damage":4.0,"enemies":"Gremlin Gang","floor":14.0,"turns":4.0},{"damage":6.0,"enemies":"Exordium Thugs","floor":15.0,"turns":3.0},{"damage":2.0,"enemies":"downfall:Silent","floor":16.0,"turns":8.0},{"damage":0.0,"enemies":"Shell Parasite","floor":19.0,"turns":4.0},{"damage":18.0,"enemies":"Snake Plant","floor":20.0,"turns":3.0},{"damage":6.0,"enemies":"Centurion and Healer","floor":21.0,"turns":5.0},{"damage":9.0,"enemies":"Book of Stabbing","floor":23.0,"turns":5.0},{"damage":11.0,"enemies":"Slavers","floor":26.0,"turns":4.0},{"damage":0.0,"enemies":"Gremlin Leader","floor":28.0,"turns":3.0},{"damage":7.0,"enemies":"Sentry and Sphere","floor":29.0,"turns":4.0},{"damage":5.0,"enemies":"Snake Plant","floor":30.0,"turns":3.0},{"damage":0,"enemies":"downfall:FleeingMerchant","floor":31,"turns":4},{"damage":0,"enemies":"Snecko","floor":32,"turns":4},{"damage":0,"enemies":"downfall:Defect","floor":33,"turns":6},{"damage":0,"enemies":"downfall:FleeingMerchant","floor":37,"turns":3},{"damage":4,"enemies":"Orb Walker","floor":38,"turns":3},{"damage":0,"enemies":"3 Shapes","floor":39,"turns":3},{"damage":0,"enemies":"Reptomancer","floor":42,"turns":4},{"damage":0,"enemies":"Nemesis","floor":47,"turns":3},{"damage":0,"enemies":"Transient","floor":48,"turns":5},{"damage":17,"enemies":"3 Darklings","floor":49,"turns":3},{"damage":0,"enemies":"downfall:Ironclad","floor":50,"turns":5},{"damage":0,"enemies":"downfall:CharBossMerchant","floor":52,"turns":6},{"damage":25,"enemies":"downfall:NeowBoss","floor":55,"turns":18}],"seed_played":"-3789285333658748231","potions_obtained":[{"floor":3.0,"key":"Dexterity Potion"},{"floor":6.0,"key":"Block Potion"},{"floor":11.0,"key":"Guardian:BlockOnCardUsePotion"},{"floor":33,"key":"FearPotion"}],"is_trial":false,"path_per_floor":["R","M","M","?","M","E","T","$","E","R","E","M","E","M","M","B",null,"R","M","M","M","?","E","T","?","E","?","E","M","M","$","M","B",null,"R","?","$","M","M","R","T","E","R","?","$","R","E","M","M","B",null,"E","$","R","B",null],"character_chosen":"GUARDIAN","items_purchased":["Guardian:Reroute","Anchor","Vajra","Guardian:StasisUpgradeRelic","Guardian:ChargeUp","Guardian:Orbwalk","Bag of Preparation","Guardian:StasisStrike"],"campfire_rested":1,"item_purchase_floors":[8,31,31,37,37,45,45,53],"current_hp_per_floor":[80,79,74,74,70,47,47,47,34,60,51,48,39,35,29,27,87,87,87,69,63,63,54,54,54,43,43,43,36,31,46,46,46,87,97,97,97,93,93,93,93,93,93,93,97,97,97,97,80,80,97,97,97,97,72],"gold":21,"neow_bonus":"TRANSFORM_TWO_CARDS","is_daily":false,"chose_seed":false,"campfire_upgraded":5,"win_rate":0.0,"timestamp":1609557973,"path_taken":["R","M","M","?","M","E","T","$","E","R","E","M","E","M","M","BOSS","R","M","M","M","?","E","T","?","E","?","E","?","M","$","M","BOSS","R","?","?","?","M","R","T","E","R","?","$","R","E","M","M","BOSS","E","$","R","BOSS"],"items_purchased_type":["Card","Relic","Relic","Relic","Card","Card","Relic","Card"],"build_version":"2020-12-22","purchased_purges":2,"victory":true,"max_hp_per_floor":[80,80,80,80,80,87,87,87,87,87,87,87,87,87,87,87,87,87,87,87,87,87,87,87,87,87,87,87,87,87,87,87,87,87,97,97,97,97,97,97,97,97,97,97,97,97,97,97,97,97,97,97,97,97,97],"card_choices":[{"not_picked":["Guardian:WalkerClaw","Guardian:CrystalBeam"],"picked":"Guardian:Recover","floor":2.0},{"not_picked":["Guardian:WalkerClaw","Guardian:Recover"],"picked":"Guardian:ShieldSpikes","floor":3.0},{"not_picked":["Guardian:TemporalStrike","Guardian:Gem_Lightblue"],"picked":"Guardian:TemporalShield","floor":5.0},{"not_picked":["Guardian:Clone","Guardian:FloatingOrbs"],"picked":"Guardian:Gem_Green","floor":6.0},{"not_picked":["Guardian:Emergency","Guardian:Suspension"],"picked":"Guardian:Gem_Cyan","floor":8.0},{"not_picked":["Guardian:TimeBomb","Guardian:TemporalShield"],"picked":"Guardian:Gem_Red","floor":9.0},{"not_picked":["Guardian:Gem_Red","Guardian:DecasProtection"],"picked":"Guardian:GatlingBeam","floor":11.0},{"not_picked":["Guardian:Gem_White","Guardian:Gem_Cyan"],"picked":"Guardian:Orbwalk","floor":12.0},{"not_picked":["Guardian:Gem_Lightblue","Guardian:RefractedBeam"],"picked":"Guardian:RevengeProtocol","floor":13.0},{"not_picked":["Guardian:Gem_Green","Guardian:ChargeCore","Guardian:Gem_Lightblue"],"picked":"SKIP","floor":14.0},{"not_picked":["Guardian:PiercingHide","Guardian:ShieldCharger"],"picked":"Guardian:Reroute","floor":15.0},{"not_picked":["Guardian:GatlingBeam","Guardian:StasisField"],"picked":"Guardian:RevengeProtocol","floor":16.0},{"not_picked":["Guardian:TemporalShield","Guardian:ShieldCharger"],"picked":"Guardian:MultiBeam","floor":19.0},{"not_picked":["Guardian:TemporalStrike","Guardian:CrystalBeam","Guardian:AncientConstruct"],"picked":"SKIP","floor":20.0},{"not_picked":["Guardian:TimeCapacitor","Guardian:Gem_Lightblue"],"picked":"Guardian:Reroute","floor":21.0},{"not_picked":["Guardian:TemporalShield+1","Guardian:Reroute"],"picked":"Guardian:RefractedBeam+1","floor":23.0},{"not_picked":["Guardian:CrystalBeam","Guardian:GuardianWhirl"],"picked":"Guardian:GatlingBeam","floor":26.0},{"not_picked":["Guardian:WalkerClaw","Guardian:BaubleBeam"],"picked":"Guardian:Suspension","floor":28.0},{"not_picked":["Guardian:TemporalStrike+1","Guardian:WalkerClaw+1"],"picked":"Guardian:Suspension+1","floor":29.0},{"not_picked":["Guardian:Reroute","Guardian:Clone"],"picked":"Guardian:PolyBeam","floor":30.0},{"not_picked":["Guardian:Gem_Cyan","Guardian:Gem_Green"],"picked":"Guardian:FastForward","floor":31},{"not_picked":["Guardian:Recover","Guardian:ShieldCharger","Guardian:CrystalBeam"],"picked":"SKIP","floor":32},{"not_picked":["Guardian:AncientConstruct","Guardian:HyperBeam_Guardian"],"picked":"Guardian:Gem_Orange","floor":33},{"not_picked":["Guardian:WalkerClaw+1","Guardian:PiercingHide+1"],"picked":"Guardian:Gem_Purple","floor":37},{"not_picked":["Guardian:PiercingHide","Guardian:TemporalStrike+1"],"picked":"Guardian:RollAttack","floor":38},{"not_picked":["Guardian:SpikerProtocol","Guardian:PrimingBeam+1"],"picked":"Guardian:Gem_White","floor":39},{"not_picked":["Guardian:CrystalBeam","Guardian:TemporalStrike","Guardian:TemporalShield"],"picked":"SKIP","floor":42},{"not_picked":["Guardian:Suspension+1","Guardian:VentSteam+1"],"picked":"Guardian:PolyBeam+1","floor":47},{"not_picked":["Guardian:Gem_Red","Guardian:TemporalStrike","Guardian:Harden"],"picked":"SKIP","floor":48},{"not_picked":["Guardian:Emergency","Guardian:Recover","Guardian:Gem_Cyan"],"picked":"SKIP","floor":49},{"not_picked":["Guardian:Reroute+1","Guardian:Gem_Red","Guardian:PiercingHide"],"picked":"SKIP","floor":52}],"player_experience":207011,"relics_obtained":[{"floor":6.0,"key":"Strawberry"},{"floor":9.0,"key":"MealTicket"},{"floor":11.0,"key":"CaptainsWheel"},{"floor":13.0,"key":"Mercury Hourglass"},{"floor":23.0,"key":"Old Coin"},{"floor":26.0,"key":"PreservedInsect"},{"floor":28.0,"key":"Guardian:PickAxe"},{"floor":42,"key":"The Courier"},{"floor":47,"key":"InkBottle"},{"floor":52,"key":"Unceasing Top"}],"event_choices":[{"damage_healed":0,"gold_gain":0,"player_choice":"Got Potions","damage_taken":0,"max_hp_gain":0,"max_hp_loss":0,"event_name":"Lab","floor":36,"gold_loss":0}],"is_beta":false,"boss_relics":[{"not_picked":["Fusion Hammer","Astrolabe"],"picked":"Cursed Key"},{"not_picked":["Tiny House","SacredBark"],"picked":"Coffee Dripper"}],"items_purged_floors":[31,37],"is_endless":false,"potions_floor_spawned":[3,6,11,13,21,23,33,38,42,48],"ascension_level":3}}