{"host":"xx5zt3jtdyh8iun7","time":1609619733,"event":{"mods":["AchievementEnabler","Act Like it!","BaseMod","Bestiary","Downfall","Minty Spire (QoL Compilation)","Replay The Spire","StSLib"],"gold_per_floor":[99,113,123,298,317,426,426,51,51,51,84,96,128,128,138,236,236,86,106,121,121,139,164,214,228,263,278,278,293,325,325,343,438,438,438,450,450,470,480,27,27,27,27,44,44,63,92,109,129,129],"floor_reached":51,"playtime":6009,"items_purged":["Doubt","Regret"],"score":994,"play_id":"b63aca82-c1b6-4bbe-aace-7adec1c8f008","local_time":"20210102213533","is_ascension_mode":true,"campfire_choices":[{"data":"Guardian:CurlUp","floor":10,"key":"SMITH"},{"data":"Guardian:Orbwalk","floor":18,"key":"SMITH"},{"data":"Guardian:StasisEngine","floor":28,"key":"SMITH"},{"data":"hexamod:Haunted","floor":35,"key":"PURGE"},{"floor":43,"key":"RECALL"},{"data":"Guardian:FloatingOrbs","floor":45,"key":"SMITH"}],"circlet_count":0,"master_deck":["Guardian:Defend_Guardian","Guardian:CurlUp+1","Guardian:TwinSlam","Guardian:GemFinder","Guardian:Recover","Guardian:Gem_Cyan","Guardian:ChargeUp","Guardian:FloatingOrbs","Guardian:ShieldCharger","Guardian:Orbwalk+1","Guardian:Incinerate","Guardian:Gem_Cyan","Guardian:EvasiveProtocol","Guardian:FastForward","Guardian:PiercingHide","Guardian:Clone","Guardian:GemFire","Guardian:VentSteam","Guardian:FloatingOrbs+1","Guardian:TemporalStrike","Guardian:StasisEngine+1","Guardian:TemporalShield+1","Guardian:PrismaticBarrier+1","Guardian:TemporalShield+1","Guardian:Gem_Cyan","Guardian:TimeCapacitor","Pot Of Greed","Pot Of Greed","Pot Of Greed","Guardian:Suspension+1","Guardian:Gem_Cyan","Pot Of Greed","Guardian:RollAttack+1","Guardian:SphericShield","Guardian:PiercingHide+1","Guardian:Preprogram+1","Guardian:Gem_Cyan","Guardian:Harden","Guardian:FastForward","ReplayTheSpireMod:Brewmster","Pot Of Greed","Guardian:Gem_Cyan","Guardian:WalkerClaw","Guardian:Gem_Cyan","Guardian:CrystalBeam+1","Guardian:Gem_Cyan","Guardian:Suspension","Guardian:Gem_Green","Guardian:TemporalShield+1","Guardian:Gem_Fragmented"],"relics":["Guardian:ModeShifterPlus","BargainBundle","Ancient Tea Set","Bronze Scales","Pantograph","Painkiller Herb","downfall:HeartBlessingGreen","downfall:HeartBlessingBlue","Peace Pipe","Replay:Baseball","Bag of Marbles","Grinning Jar","Replay:Grab Bag","Replay:Bronze Core","Cursed Key","Kintsugi","Replay:Rubber Ducky","Divine Protection","ReplayFunnel"],"acts_visited":["Exordium","TheCity","TheBeyond"],"potions_floor_usage":[1,13,16,23,25,26,30,33,33,36,46,46,47,48,49,50],"damage_taken":[{"damage":0,"enemies":"2 Louse","floor":2,"turns":3},{"damage":13,"enemies":"Jaw Worm","floor":3,"turns":5},{"damage":3,"enemies":"Cultist","floor":5,"turns":5},{"damage":0,"enemies":"downfall:FleeingMerchant","floor":8,"turns":4},{"damage":10,"enemies":"Replay:BlueRogue","floor":11,"turns":6},{"damage":0,"enemies":"Exordium Wildlife","floor":12,"turns":6},{"damage":6,"enemies":"3 Sentries","floor":13,"turns":7},{"damage":8,"enemies":"2 Fungi Beasts","floor":15,"turns":5},{"damage":9,"enemies":"downfall:Watcher","floor":16,"turns":9},{"damage":0,"enemies":"3 Byrds","floor":19,"turns":1},{"damage":0,"enemies":"Shell Parasite","floor":20,"turns":5},{"damage":22,"enemies":"Snecko","floor":22,"turns":6},{"damage":6,"enemies":"Slavers","floor":23,"turns":4},{"damage":12,"enemies":"Shelled Parasite and Fungi","floor":25,"turns":4},{"damage":1,"enemies":"Gremlin Leader","floor":26,"turns":4},{"damage":6,"enemies":"Centurion and Healer","floor":27,"turns":7},{"damage":13,"enemies":"3 Cultists","floor":29,"turns":4},{"damage":11,"enemies":"Replay:Snechameleon","floor":30,"turns":2},{"damage":8,"enemies":"Shelled Parasite and Fungi","floor":32,"turns":4},{"damage":0,"enemies":"downfall:Ironclad","floor":33,"turns":5},{"damage":0,"enemies":"3 Shapes","floor":36,"turns":2},{"damage":0,"enemies":"3 Darklings","floor":38,"turns":1},{"damage":7,"enemies":"Spire Growth","floor":39,"turns":5},{"damage":3,"enemies":"downfall:FleeingMerchant","floor":40,"turns":4},{"damage":0,"enemies":"Transient","floor":44,"turns":5},{"damage":4,"enemies":"4 Shapes","floor":46,"turns":4},{"damage":0,"enemies":"Nemesis","floor":47,"turns":5},{"damage":0,"enemies":"Writhing Mass","floor":48,"turns":4},{"damage":0,"enemies":"Sphere and 2 Shapes","floor":49,"turns":4},{"damage":0,"enemies":"downfall:Silent","floor":50,"turns":4}],"seed_played":"-534771329524482743","potions_obtained":[{"floor":1,"key":"Fruit Juice"},{"floor":1,"key":"Slimebound:ThreeZeroPotion"},{"floor":13,"key":"Guardian:AcceleratePotion"},{"floor":20,"key":"Swift Potion"},{"floor":23,"key":"Toxic Potion"},{"floor":27,"key":"hexamod:EctoCoolerPotion"},{"floor":29,"key":"Doom Potion"},{"floor":32,"key":"Swift Potion"},{"floor":39,"key":"SteroidPotion"},{"floor":44,"key":"Death Potion"},{"floor":47,"key":"LiquidMemories"},{"floor":48,"key":"sneckomod:MuddlingPotion"},{"floor":49,"key":"FearPotion"}],"is_trial":false,"path_per_floor":["R","M","M","?","M","?","T","$","?","R","E","M","E","?","M","B",null,"T","?","?","?","?","E","T","?","E","?","T","?","E","?","?","B",null,"T","?","?","?","?","T","T","?","T","?","T","?","E","?","?","B",null],"character_chosen":"GUARDIAN","items_purchased":["BargainBundle","Adrenaline Potion","Guardian:DefensiveModePotion","Guardian:Orbwalk","Guardian:Incinerate","Ancient Tea Set","Replay:Rubber Ducky","ReplayTheSpireMod:Brewmster"],"campfire_rested":0,"item_purchase_floors":[8,8,8,8,8,8,40,40],"current_hp_per_floor":[77,77,64,64,61,42,42,42,42,42,32,32,26,77,69,68,77,87,87,87,87,65,59,59,47,46,40,40,27,16,16,8,33,87,87,87,87,87,80,77,77,77,77,77,77,73,73,73,73,87],"gold":129,"neow_bonus":"THREE_RARE_CARDS","is_daily":false,"chose_seed":false,"campfire_upgraded":4,"win_rate":0.0,"timestamp":1609619733,"path_taken":["R","M","M","?","M","?","T","?","?","R","E","M","E","?","M","BOSS","T","?","?","?","?","E","T","?","E","?","T","?","E","?","?","BOSS","T","?","?","?","?","T","T","?","T","?","T","?","E","?","?","BOSS"],"items_purchased_type":["Relic","Potion","Potion","Card","Card","Relic","Relic","Card"],"build_version":"2020-12-22","purchased_purges":2,"victory":true,"max_hp_per_floor":[77,77,77,77,77,77,77,77,77,77,77,77,77,77,77,77,77,87,87,87,87,87,87,87,87,87,87,87,87,87,87,87,87,87,87,87,87,87,87,87,87,87,87,87,87,87,87,87,87,87],"card_choices":[{"not_picked":["Guardian:Gem_Orange","Guardian:StasisStrike"],"picked":"Guardian:GemFinder","floor":0},{"not_picked":["Guardian:Gem_Lightblue","Guardian:Gem_Green"],"picked":"Guardian:Gem_Red","floor":2},{"not_picked":["Guardian:RefractedBeam","Guardian:Planning"],"picked":"Guardian:Recover","floor":2},{"not_picked":["Guardian:Gem_Cyan","Guardian:Gem_Red"],"picked":"Guardian:Gem_Green","floor":3},{"not_picked":["Guardian:ShieldCharger","Guardian:Recover"],"picked":"Guardian:Gem_Synthetic","floor":3},{"not_picked":["Guardian:Gem_Lightblue","Guardian:Gem_Green"],"picked":"Guardian:Gem_Cyan","floor":5},{"not_picked":["Guardian:Recover","Guardian:FierceBash"],"picked":"Guardian:ChargeUp","floor":5},{"not_picked":["Guardian:ShieldCharger","Guardian:Planning"],"picked":"Guardian:Gem_White","floor":6},{"not_picked":["Guardian:Gem_Blue","Guardian:Gem_Lightblue"],"picked":"Guardian:BronzeOrb","floor":6},{"not_picked":["Guardian:SentryBeam","Guardian:Gem_Green"],"picked":"Guardian:FloatingOrbs","floor":6},{"not_picked":["Guardian:Gem_Synthetic","Guardian:SentryBeam"],"picked":"Guardian:ShieldCharger","floor":8},{"not_picked":["Guardian:Gem_Green","Guardian:Gem_Lightblue"],"picked":"Guardian:Gem_Cyan","floor":11},{"not_picked":["Guardian:FloatingOrbs","Guardian:RollAttack"],"picked":"Guardian:EvasiveProtocol","floor":11},{"not_picked":["Guardian:Gem_Lightblue","Guardian:Gem_Red"],"picked":"Guardian:Gem_Green","floor":12},{"not_picked":["Guardian:EvasiveProtocol","Guardian:Gem_Green"],"picked":"Guardian:FastForward","floor":12},{"not_picked":["Guardian:Gem_Cyan","Guardian:Gem_Red"],"picked":"Guardian:Gem_Green","floor":13},{"not_picked":["Guardian:SentryBeam","Guardian:RollAttack"],"picked":"Guardian:PiercingHide","floor":13},{"not_picked":["Guardian:Gem_Lightblue","Guardian:Gem_Cyan"],"picked":"Guardian:Gem_Green","floor":15},{"not_picked":["Guardian:ShieldCharger","Guardian:TimeBomb"],"picked":"Guardian:Clone","floor":15},{"not_picked":["Guardian:FastForward","Guardian:GemFinder"],"picked":"Guardian:GemFire","floor":16},{"not_picked":["Guardian:Gem_Lightblue","Guardian:Gem_Cyan"],"picked":"Guardian:Gem_Green","floor":16},{"not_picked":["Guardian:Gem_Red","Guardian:Gem_Lightblue"],"picked":"Guardian:Gem_Green","floor":19},{"not_picked":["Guardian:Gem_Red","Guardian:TemporalStrike"],"picked":"Guardian:VentSteam","floor":19},{"not_picked":["Guardian:Gem_Lightblue","Guardian:Gem_Cyan"],"picked":"Guardian:Gem_Green","floor":20},{"not_picked":["Guardian:PrimingBeam","Guardian:Emergency"],"picked":"Guardian:FloatingOrbs","floor":20},{"not_picked":["Guardian:Gem_Fragmented","Guardian:Gem_Red"],"picked":"Guardian:TemporalStrike","floor":22},{"not_picked":["Guardian:Gem_Red","Guardian:Gem_Cyan"],"picked":"Guardian:Gem_Green","floor":23},{"not_picked":["Guardian:PrismaticBarrier","Guardian:Incinerate"],"picked":"Guardian:StasisEngine","floor":23},{"not_picked":["Guardian:Gem_Red","Guardian:Gem_Lightblue"],"picked":"Guardian:Gem_Green","floor":25},{"not_picked":["Guardian:Gem_Yellow","Guardian:Gem_Green"],"picked":"Guardian:TemporalShield+1","floor":25},{"not_picked":["Guardian:Gem_Cyan","Guardian:Gem_Lightblue"],"picked":"Guardian:Gem_Green","floor":26},{"not_picked":["Guardian:BronzeArmor","Guardian:PrimingBeam"],"picked":"Guardian:PrismaticBarrier+1","floor":26},{"not_picked":["Guardian:Gem_Cyan","Guardian:Gem_Red"],"picked":"Guardian:Gem_Green","floor":27},{"not_picked":["Guardian:FloatingOrbs","Guardian:PrimingBeam"],"picked":"Guardian:TemporalShield+1","floor":27},{"not_picked":["Guardian:Gem_Lightblue","Guardian:Gem_Green"],"picked":"Guardian:Gem_Cyan","floor":29},{"not_picked":["Guardian:TemporalStrike","Guardian:ChargeUp"],"picked":"Guardian:TimeCapacitor","floor":29},{"not_picked":["Guardian:TemporalStrike+1","Guardian:CrystalBeam"],"picked":"Guardian:Suspension+1","floor":30},{"not_picked":["Guardian:Gem_Red","Guardian:Gem_Lightblue"],"picked":"Guardian:Gem_Cyan","floor":32},{"not_picked":["Guardian:Gem_Lightblue","Guardian:GemFire"],"picked":"Guardian:RollAttack+1","floor":32},{"not_picked":["Guardian:Gem_Red","Guardian:Gem_Lightblue"],"picked":"Guardian:Gem_Green","floor":33},{"not_picked":["Guardian:TimeSifter","Guardian:CompilePackage"],"picked":"Guardian:SphericShield","floor":33},{"not_picked":["Guardian:Gem_Red","Guardian:Gem_Lightblue"],"picked":"Guardian:Gem_Green","floor":36},{"not_picked":["Guardian:Gem_Fragmented","Guardian:Reroute"],"picked":"Guardian:PiercingHide+1","floor":36},{"not_picked":["Guardian:Gem_Lightblue","Guardian:FloatingOrbs"],"picked":"Guardian:Preprogram+1","floor":38},{"not_picked":["Guardian:Gem_Green","Guardian:Gem_Lightblue"],"picked":"Guardian:Gem_Cyan","floor":39},{"not_picked":["Guardian:Gem_Green","Guardian:ShieldSpikes"],"picked":"Guardian:Harden","floor":39},{"not_picked":["Guardian:Gem_White","Guardian:Emergency+1"],"picked":"Guardian:FastForward","floor":40},{"not_picked":["Guardian:Gem_Green","Guardian:Gem_Lightblue"],"picked":"Guardian:Gem_Cyan","floor":44},{"not_picked":["Guardian:PolyBeam+1","Guardian:MultiBeam"],"picked":"Guardian:WalkerClaw","floor":44},{"not_picked":["Guardian:Gem_Green","Guardian:Gem_Red"],"picked":"Guardian:Gem_Cyan","floor":46},{"not_picked":["Guardian:Gem_Green","Guardian:ChargeCore+1"],"picked":"Guardian:CrystalBeam+1","floor":46},{"not_picked":["Guardian:Gem_Green","Guardian:Gem_Lightblue"],"picked":"Guardian:Gem_Cyan","floor":47},{"not_picked":["Guardian:Preprogram","Guardian:PiercingHide"],"picked":"Guardian:Suspension","floor":47},{"not_picked":["Guardian:Gem_Lightblue","Guardian:Gem_Red"],"picked":"Guardian:Gem_Green","floor":48},{"not_picked":["Guardian:GuardianWhirl","Guardian:Suspension"],"picked":"Guardian:TemporalShield+1","floor":48},{"not_picked":["Guardian:GemFinder","Guardian:CrystalBeam+1"],"picked":"Guardian:Gem_Fragmented","floor":49}],"player_experience":795254,"relics_obtained":[{"floor":11,"key":"Bronze Scales"},{"floor":13,"key":"Pantograph"},{"floor":23,"key":"Peace Pipe"},{"floor":24,"key":"Replay:Baseball"},{"floor":26,"key":"Bag of Marbles"},{"floor":30,"key":"Grinning Jar"},{"floor":41,"key":"Divine Protection"},{"floor":47,"key":"ReplayFunnel"}],"event_choices":[{"cards_removed":["Guardian:BronzeOrb"],"damage_healed":51,"gold_gain":0,"player_choice":"Offered Uncommon","damage_taken":0,"max_hp_gain":0,"max_hp_loss":0,"event_name":"Bonfire Elementals","floor":14,"gold_loss":0},{"damage_healed":0,"gold_gain":0,"player_choice":"Ignored","damage_taken":0,"max_hp_gain":0,"max_hp_loss":0,"event_name":"Ghosts","floor":31,"gold_loss":0},{"cards_removed":["Looming Evil"],"damage_healed":0,"gold_gain":0,"player_choice":"Purged","damage_taken":0,"max_hp_gain":0,"max_hp_loss":0,"event_name":"Purifier","floor":42,"gold_loss":0}],"is_beta":false,"boss_relics":[{"not_picked":["Fusion Hammer","Runic Dome"],"picked":"Painkiller Herb"},{"not_picked":["Astrolabe","ChewingGum"],"picked":"Replay:Grab Bag"},{"not_picked":["Coffee Dripper","Guardian:StasisSlotReductionRelic"],"picked":"Replay:Bronze Core"},{"not_picked":["Sozu","Abe\u0027s Treasure"],"picked":"Cursed Key"},{"not_picked":["Empty Cage","Replay:Drink Me"],"picked":"Guardian:ModeShifterPlus"},{"not_picked":["Snecko Eye","Runic Pyramid"],"picked":"Kintsugi"}],"items_purged_floors":[8,40],"is_endless":false,"potions_floor_spawned":[11,12,13,20,23,27,29,32,39,44,47,48,49],"ascension_level":1}}