{"host":"hkfd27larxvbrzdx","time":1609582309,"event":{"mods":["AchievementEnabler","BaseMod","Colored Map","Colored Powertips","DeckTracker","Minty Spire (QoL Compilation)"],"gold_per_floor":[109,109,121,121,135,135,178,178,178,214,235,248,273,312,312,435,435,456,182,281,281,281,315,315,346,646,689,689,703,128,153,153,276,276,291,314,53,72,90,90,90,90,115,134,134,134,147,147,147,147,147],"floor_reached":50,"playtime":4748,"items_purged":["Strike_R","Strike_R+1"],"score":679,"play_id":"8d972a17-d902-44b9-a726-b805d383b585","local_time":"20210102181149","is_ascension_mode":true,"campfire_choices":[{"data":"Cleave","floor":6,"key":"SMITH"},{"data":"Bash","floor":8,"key":"SMITH"},{"floor":15,"key":"REST"},{"data":"Armaments","floor":24,"key":"SMITH"},{"data":"Shrug It Off","floor":28,"key":"SMITH"},{"data":"Spot Weakness","floor":32,"key":"SMITH"},{"floor":40,"key":"REST"},{"data":"Demon Form","floor":41,"key":"SMITH"},{"floor":42,"key":"RECALL"},{"data":"Rage","floor":49,"key":"SMITH"}],"circlet_count":0,"master_deck":["Strike_R+1","Strike_R+1","Strike_R+1","Defend_R+1","Defend_R+1","Defend_R+1","Defend_R+1","Bash+1","Cleave+1","Battle Trance","Rampage+1","Carnage+1","Armaments+1","Rage+1","Bludgeon+1","Body Slam+1","Shrug It Off+1","Shrug It Off+1","Whirlwind+1","Spot Weakness+1","Demon Form+1","Shockwave"],"relics":["Burning Blood","Bronze Scales","Golden Idol","Shuriken","Molten Egg 2","WingedGreaves","Bag of Preparation","Mark of Pain","TheAbacus","Omamori","Letter Opener","PreservedInsect","Old Coin","Torii","Toy Ornithopter","SlaversCollar","HornCleat"],"acts_visited":["Exordium","TheCity","TheBeyond"],"potions_floor_usage":[7,16,27,33,33,38,47,50],"damage_taken":[{"damage":4,"enemies":"Small Slimes","floor":1,"turns":4},{"damage":8,"enemies":"Jaw Worm","floor":3,"turns":4},{"damage":0,"enemies":"2 Louse","floor":5,"turns":2},{"damage":31,"enemies":"Gremlin Nob","floor":7,"turns":4},{"damage":45,"enemies":"Lagavulin","floor":10,"turns":6},{"damage":11,"enemies":"Blue Slaver","floor":11,"turns":3},{"damage":1,"enemies":"3 Louse","floor":12,"turns":2},{"damage":9,"enemies":"Exordium Thugs","floor":13,"turns":3},{"damage":5,"enemies":"3 Sentries","floor":14,"turns":7},{"damage":20,"enemies":"Hexaghost","floor":16,"turns":7},{"damage":0,"enemies":"Spheric Guardian","floor":18,"turns":3},{"damage":14,"enemies":"Slavers","floor":23,"turns":5},{"damage":18,"enemies":"Book of Stabbing","floor":25,"turns":4},{"damage":0,"enemies":"Gremlin Leader","floor":27,"turns":4},{"damage":3,"enemies":"Chosen","floor":29,"turns":3},{"damage":1,"enemies":"Shelled Parasite and Fungi","floor":31,"turns":3},{"damage":69,"enemies":"Champ","floor":33,"turns":11},{"damage":3,"enemies":"3 Shapes","floor":35,"turns":5},{"damage":25,"enemies":"3 Darklings","floor":36,"turns":4},{"damage":26,"enemies":"Transient","floor":38,"turns":5},{"damage":20,"enemies":"4 Shapes","floor":39,"turns":2},{"damage":0,"enemies":"Jaw Worm Horde","floor":44,"turns":3},{"damage":19,"enemies":"Writhing Mass","floor":47,"turns":5},{"damage":60,"enemies":"Time Eater","floor":50,"turns":8}],"seed_played":"-5688263870571811934","potions_obtained":[{"floor":3,"key":"AttackPotion"},{"floor":7,"key":"LiquidBronze"},{"floor":11,"key":"Dexterity Potion"},{"floor":18,"key":"Weak Potion"},{"floor":29,"key":"Block Potion"},{"floor":33,"key":"SkillPotion"},{"floor":35,"key":"ElixirPotion"},{"floor":39,"key":"SneckoOil"},{"floor":44,"key":"Fire Potion"}],"is_trial":false,"path_per_floor":["M","?","M","?","M","R","E","R","T","E","M","M","M","E","R","B",null,"M","$","?","?","T","E","R","E","T","E","R","M","$","M","R","B",null,"M","M","$","M","M","R","R","R","T","M","?","?","M","?","R","B"],"character_chosen":"IRONCLAD","items_purchased":["TheAbacus","Dexterity Potion","Whirlwind+1","Torii","Toy Ornithopter","HornCleat"],"campfire_rested":2,"item_purchase_floors":[19,19,30,30,30,37],"current_hp_per_floor":[80,85,83,79,79,79,54,54,54,15,10,15,12,13,36,22,79,79,79,79,79,79,71,71,59,59,65,65,68,68,73,73,20,79,79,60,60,45,31,54,54,54,54,60,60,60,52,52,52,0,0],"gold":147,"neow_bonus":"RANDOM_COMMON_RELIC","is_daily":false,"chose_seed":false,"campfire_upgraded":7,"win_rate":0.0,"timestamp":1609582309,"path_taken":["M","?","M","?","M","R","E","R","T","E","M","M","M","E","R","BOSS","M","$","?","?","?","E","R","E","T","E","R","M","$","?","R","BOSS","M","M","$","M","M","R","R","R","T","M","?","?","M","?","R","BOSS"],"items_purchased_type":["Relic","Potion","Card","Relic","Relic","Relic"],"build_version":"2020-12-22","purchased_purges":2,"victory":false,"max_hp_per_floor":[80,85,85,79,79,79,79,79,79,79,79,79,79,79,79,79,79,79,79,79,79,79,79,79,79,79,79,79,79,79,79,79,79,79,79,79,79,79,79,79,79,79,79,79,79,79,79,79,79,79,79],"card_choices":[{"not_picked":["Body Slam","Anger"],"picked":"Cleave","floor":1},{"not_picked":["Fire Breathing","Cleave"],"picked":"Battle Trance","floor":3},{"not_picked":["Pummel","Body Slam","True Grit"],"picked":"SKIP","floor":5},{"not_picked":["Cleave","Clash","Perfected Strike"],"picked":"SKIP","floor":7},{"not_picked":["Demon Form","Pummel+1"],"picked":"Rampage+1","floor":10},{"not_picked":["Flex","Shockwave"],"picked":"Carnage+1","floor":11},{"not_picked":["Battle Trance","Rampage+1"],"picked":"Armaments","floor":12},{"not_picked":["Clash+1","Cleave+1"],"picked":"Rage","floor":13},{"not_picked":["Clash+1","Warcry","Infernal Blade"],"picked":"SKIP","floor":14},{"not_picked":["Brutality","Immolate+1"],"picked":"Bludgeon+1","floor":16},{"not_picked":["Searing Blow+1","Heavy Blade+1"],"picked":"Body Slam+1","floor":18},{"not_picked":["Dark Embrace+1","Flex+1","Searing Blow+1"],"picked":"SKIP","floor":23},{"not_picked":["Pummel+1","Burning Pact","Clash+1"],"picked":"SKIP","floor":25},{"not_picked":["Heavy Blade+1","Anger+1"],"picked":"Shrug It Off","floor":27},{"not_picked":["Corruption","Warcry"],"picked":"Shrug It Off+1","floor":29},{"not_picked":["Twin Strike+1","Sever Soul+1"],"picked":"Spot Weakness","floor":31},{"not_picked":["Barricade","Impervious"],"picked":"Demon Form","floor":33},{"not_picked":["Pommel Strike+1","Bloodletting","Searing Blow+1"],"picked":"SKIP","floor":35},{"not_picked":["True Grit+1","Inflame"],"picked":"Metallicize","floor":36},{"not_picked":["Infernal Blade+1","Sentinel"],"picked":"Shockwave","floor":38},{"not_picked":["Cleave+1","Thunderclap+1","Burning Pact+1"],"picked":"SKIP","floor":39},{"not_picked":["Shockwave+1","Entrench+1","Burning Pact+1"],"picked":"SKIP","floor":44},{"not_picked":["Havoc+1","Body Slam+1","Thunderclap+1"],"picked":"SKIP","floor":47}],"player_experience":204834,"relics_obtained":[{"floor":7,"key":"Shuriken"},{"floor":9,"key":"Molten Egg 2"},{"floor":10,"key":"WingedGreaves"},{"floor":14,"key":"Bag of Preparation"},{"floor":22,"key":"Omamori"},{"floor":23,"key":"Letter Opener"},{"floor":25,"key":"PreservedInsect"},{"floor":26,"key":"Old Coin"}],"event_choices":[{"damage_healed":0,"gold_gain":0,"player_choice":"Donut","damage_taken":0,"max_hp_gain":5,"max_hp_loss":0,"event_name":"Big Fish","floor":2,"gold_loss":0},{"damage_healed":0,"gold_gain":0,"player_choice":"Lose Max HP","damage_taken":0,"relics_obtained":["Golden Idol"],"max_hp_gain":0,"max_hp_loss":6,"event_name":"Golden Idol","floor":4,"gold_loss":0},{"damage_healed":0,"gold_gain":99,"player_choice":"Stole From Cult","damage_taken":0,"max_hp_gain":0,"max_hp_loss":0,"event_name":"Nest","floor":20,"gold_loss":0},{"damage_healed":0,"gold_gain":0,"player_choice":"Simplicity","damage_taken":0,"max_hp_gain":0,"max_hp_loss":0,"event_name":"Back to Basics","floor":21,"gold_loss":0,"cards_upgraded":["Strike_R","Strike_R","Strike_R","Strike_R","Defend_R","Defend_R","Defend_R","Defend_R"]},{"cards_removed":["Metallicize"],"damage_healed":0,"gold_gain":0,"player_choice":"Removed Power","damage_taken":0,"max_hp_gain":0,"max_hp_loss":0,"event_name":"Falling","floor":45,"gold_loss":0},{"damage_healed":0,"gold_gain":0,"player_choice":"Memory 1","damage_taken":0,"max_hp_gain":0,"max_hp_loss":0,"event_name":"SensoryStone","floor":46,"gold_loss":0},{"damage_healed":0,"gold_gain":0,"player_choice":"Ignored","damage_taken":0,"max_hp_gain":0,"max_hp_loss":0,"event_name":"The Moai Head","floor":48,"gold_loss":0}],"is_beta":false,"boss_relics":[{"not_picked":["Black Star","Cursed Key"],"picked":"Mark of Pain"},{"not_picked":["Runic Pyramid","Fusion Hammer"],"picked":"SlaversCollar"}],"items_purged_floors":[19,30],"is_endless":false,"potions_floor_spawned":[3,7,11,18,25,29,33,35,39,44],"killed_by":"Time Eater","ascension_level":4}}