{"host":"yks98ofmy52hj7my","time":1609619945,"event":{"mods":["BaseMod","Block Reminder","Colored Powertips","Halation","Hubris","Minty Spire (QoL Compilation)","Rare Cards Sparkle","Replay The Spire","StSLib"],"gold_per_floor":[111,111,111,111,111,127,143,143,155,155,155,175,175,203,203,215,215,215,215],"floor_reached":18,"playtime":552,"items_purged":[],"score":168,"play_id":"a6a00447-5740-4da9-ac7c-356ec8171e59","local_time":"20210102183905","is_ascension_mode":true,"campfire_choices":[{"floor":8,"key":"RECALL"},{"floor":15,"key":"REST"}],"circlet_count":0,"master_deck":["AscendersBane","Strike_R","Strike_R","Strike_R","Strike_R","Strike_R","Defend_R","Defend_R","Defend_R","Defend_R","Bash","Wild Strike","Spot Weakness","Sever Soul","Heavy Blade+1","Feel No Pain","Wild Strike","Cleave"],"relics":["Mark of Pain","halation:EternalFortune","hubris:Towel","Paper Frog"],"acts_visited":["Exordium"],"potions_floor_usage":[12],"damage_taken":[{"damage":8,"enemies":"2 Louse","floor":1,"turns":2},{"damage":1,"enemies":"Small Slimes","floor":6,"turns":3},{"damage":12,"enemies":"Jaw Worm","floor":7,"turns":2},{"damage":14,"enemies":"Red Slaver","floor":9,"turns":2},{"damage":13,"enemies":"Exordium Wildlife","floor":12,"turns":4},{"damage":20,"enemies":"Gremlin Nob","floor":14,"turns":3},{"damage":20,"enemies":"3 Louse","floor":16,"turns":2},{"damage":20,"enemies":"The Guardian","floor":18,"turns":4}],"seed_played":"947232441634660739","potions_obtained":[{"floor":9,"key":"SneckoOil"},{"floor":14,"key":"Reflective Coating"}],"is_trial":false,"path_per_floor":["M","?","PTL","PTL","?","M","M","R","M","$","T","M","$","E","R","M","R","B"],"character_chosen":"IRONCLAD","items_purchased":[],"campfire_rested":1,"item_purchase_floors":[],"current_hp_per_floor":[64,67,67,67,67,66,57,57,43,43,43,30,30,10,35,15,15,0,0],"gold":215,"neow_bonus":"BOSS_RELIC","is_daily":false,"chose_seed":false,"campfire_upgraded":0,"win_rate":0.0,"timestamp":1609619945,"path_taken":["M","?","PTL","PTL","?","M","M","R","M","$","T","M","?","E","R","M","R","BOSS"],"items_purchased_type":[],"build_version":"2020-12-22","purchased_purges":0,"victory":false,"max_hp_per_floor":[80,83,83,83,83,83,86,86,86,86,86,86,86,86,86,86,86,86,86],"card_choices":[{"not_picked":["Body Slam","Heavy Blade"],"picked":"Wild Strike","floor":1},{"not_picked":["Shrug It Off","Twin Strike"],"picked":"Spot Weakness","floor":6},{"not_picked":["Fire Breathing","Heavy Blade"],"picked":"Sever Soul","floor":7},{"not_picked":["Burning Pact","Anger"],"picked":"Heavy Blade","floor":9},{"not_picked":["Ghostly Armor","Clash"],"picked":"Feel No Pain","floor":12},{"not_picked":["Power Through","Run Through"],"picked":"Wild Strike","floor":14},{"not_picked":["Exhume","Body Slam"],"picked":"Cleave","floor":16}],"player_experience":463528,"relics_obtained":[{"floor":7,"key":"halation:EternalFortune"},{"floor":14,"key":"Paper Frog"}],"event_choices":[{"damage_healed":0,"gold_gain":0,"player_choice":"Grow","damage_taken":0,"max_hp_gain":0,"max_hp_loss":0,"event_name":"Living Wall","floor":17,"gold_loss":0,"cards_upgraded":["Heavy Blade"]}],"is_beta":false,"boss_relics":[],"items_purged_floors":[],"is_endless":false,"potions_floor_spawned":[9,14],"killed_by":"The Guardian","ascension_level":10}}