{"host":"fzn1jjfx8cn42vwe","time":1609548870,"event":{"mods":["2.2 Compatiblity","AchievementEnabler","BaseMod","Block Reminder","Minty Spire (QoL Compilation)","Practice Mode","Shade Mod","Shop Mod","StSLib","The Administrix","The Cursed","The Florist"],"gold_per_floor":[118,118,131,149,69,102,102],"floor_reached":6,"playtime":611,"items_purged":[],"score":46,"play_id":"1557d329-301f-4638-9fa0-b7c75e8a10fa","local_time":"20210102085430","daily_mods":["Elite Swarm","Uncertain Future"],"is_ascension_mode":false,"campfire_choices":[],"circlet_count":0,"master_deck":["AdministrixMod:Strike_Administrix","AdministrixMod:Strike_Administrix","AdministrixMod:Strike_Administrix","AdministrixMod:Strike_Administrix","AdministrixMod:RedCloak","AdministrixMod:Defend_Administrix","AdministrixMod:Defend_Administrix","AdministrixMod:Defend_Administrix","AdministrixMod:Defend_Administrix","AdministrixMod:BlueCloak","AdministrixMod:SyncreticPlunge","AdministrixMod:RegentEdict","AdministrixMod:RegentEdict","AdministrixMod:Convergence"],"relics":["AdministrixMod:ConductorRitualBaton","Golden Idol","Lantern"],"acts_visited":["Exordium"],"potions_floor_usage":[],"damage_taken":[{"damage":0,"enemies":"Small Slimes","floor":1,"turns":3},{"damage":1,"enemies":"2 Louse","floor":3,"turns":2},{"damage":0,"enemies":"Cultist","floor":4,"turns":3},{"damage":11,"enemies":"3 Sentries","floor":6,"turns":7}],"seed_played":"-7268429736061575170","potions_obtained":[{"floor":1,"key":"Ancient Potion"}],"is_trial":true,"path_per_floor":["M","?","M","M","$","E"],"character_chosen":"TheAdministrix","items_purchased":["AdministrixMod:Convergence"],"campfire_rested":0,"item_purchase_floors":[5],"current_hp_per_floor":[65,49,48,48,48,37,37],"gold":102,"neow_bonus":"","is_daily":false,"chose_seed":false,"campfire_upgraded":0,"win_rate":0.0,"timestamp":1609548870,"path_taken":["M","?","M","M","$","E"],"items_purchased_type":["Card"],"build_version":"2020-12-22","purchased_purges":0,"victory":false,"max_hp_per_floor":[65,65,65,65,65,65,65],"card_choices":[{"not_picked":["AdministrixMod:BloodlessSapphire","AdministrixMod:RisingSunPrince"],"picked":"AdministrixMod:SyncreticPlunge","floor":1},{"not_picked":["AdministrixMod:TouchOfCinnabar","AdministrixMod:QuietConspiracy"],"picked":"AdministrixMod:RegentEdict","floor":3},{"not_picked":["AdministrixMod:BloodBargain","AdministrixMod:BishamonBlessing"],"picked":"AdministrixMod:RegentEdict","floor":4}],"player_experience":74868,"relics_obtained":[{"floor":6,"key":"Lantern"}],"event_choices":[{"damage_healed":0,"gold_gain":0,"player_choice":"Take Damage","damage_taken":16,"relics_obtained":["Golden Idol"],"max_hp_gain":0,"max_hp_loss":0,"event_name":"Golden Idol","floor":2,"gold_loss":0}],"is_beta":false,"boss_relics":[],"items_purged_floors":[],"is_endless":true,"potions_floor_spawned":[1],"killed_by":"3 Sentries","ascension_level":0}}