{"host":"wk46m6kgjezp23jj","time":1609546551,"event":{"mods":["AchievementEnabler","BaseMod","Beaked The Cultist","Bestiary","Colored Map","Colored Powertips","Downfall","Hermit","Minty Spire (QoL Compilation)","Replay The Spire","StSLib","The Bladedancer","The Construct","The Cursed","The Marked","The Servant 0.9.4"],"gold_per_floor":[119,119,129,147,162,162,162,162,162,5,32,95,95,125,141,103,103,103,103],"floor_reached":18,"playtime":937,"items_purged":[],"score":110,"play_id":"8cd3c372-6ebf-4dbe-93e6-6b476d68e4a4","local_time":"20210101191551","is_ascension_mode":false,"campfire_choices":[{"data":"PiercingWail","floor":6,"key":"SMITH"},{"data":"Poisoned Stab","floor":9,"key":"SMITH"},{"floor":17,"key":"REST"}],"circlet_count":0,"master_deck":["Strike_G","Strike_G","Strike_G","Strike_G","Strike_G","Defend_G","Defend_G","Defend_G+1","Defend_G","Defend_G","Survivor","Neutralize","Apotheosis+1","Poisoned Stab","Poisoned Stab+1","PiercingWail+1","Outmaneuver","Clumsy","Replay:Poison Smokescreen","Footwork"],"relics":["beaked:SacredDeck","Membership Card","Juzu Bracelet","Replay:Baseball","ReplayTheSpireMod:Ring of Collecting","Ring of Panic","Gremlin Food"],"acts_visited":["Exordium"],"potions_floor_usage":[12,18,18],"damage_taken":[{"damage":0,"enemies":"Jaw Worm","floor":1,"turns":6},{"damage":0,"enemies":"Cultist","floor":3,"turns":4},{"damage":8,"enemies":"Small Slimes","floor":4,"turns":3},{"damage":0,"enemies":"3 Louse","floor":5,"turns":5},{"damage":8,"enemies":"3 Sentries","floor":12,"turns":9},{"damage":31,"enemies":"3 Sentries","floor":14,"turns":10},{"damage":3,"enemies":"Large Slime","floor":15,"turns":6},{"damage":44,"enemies":"Slime Boss","floor":18,"turns":9}],"seed_played":"-3699493748995306031","potions_obtained":[{"floor":4,"key":"Toxic Potion"},{"floor":5,"key":"Fire Potion"},{"floor":15,"key":"Energy Potion"}],"is_trial":false,"path_per_floor":["M","?","M","M","M","R","PTL","PTL","R","$","T","?","?","E","M","?","R","B"],"character_chosen":"THE_SILENT","items_purchased":["Membership Card"],"campfire_rested":1,"item_purchase_floors":[10],"current_hp_per_floor":[70,70,70,62,62,62,62,62,62,62,62,54,54,23,20,20,41,0,0],"gold":103,"neow_bonus":"BOSS_RELIC","is_daily":false,"chose_seed":false,"campfire_upgraded":2,"win_rate":0.0,"timestamp":1609546551,"path_taken":["M","?","M","?","M","R","PTL","PTL","R","$","T","?","?","E","M","?","R","BOSS"],"items_purchased_type":["Relic"],"build_version":"2020-12-22","purchased_purges":0,"victory":false,"max_hp_per_floor":[70,70,70,70,70,70,70,70,70,70,70,70,70,70,70,70,70,70,70],"card_choices":[{"not_picked":["Escape Plan","Masterful Stab"],"picked":"Poisoned Stab","floor":1},{"not_picked":["Eviscerate","PiercingWail"],"picked":"Poisoned Stab","floor":3},{"not_picked":["Quick Slash","Finisher"],"picked":"PiercingWail","floor":4},{"not_picked":["Choke","Skewer","ReplayTheSpireMod:Shiv Toss"],"picked":"SKIP","floor":5},{"not_picked":["Dash","Deadly Poison"],"picked":"Outmaneuver","floor":12},{"not_picked":["ReplayTheSpireMod:Shiv Toss","Dodge and Roll"],"picked":"Replay:Poison Smokescreen","floor":14},{"not_picked":["Dagger Spray","Terror"],"picked":"Footwork","floor":15}],"player_experience":7288,"relics_obtained":[{"floor":11,"key":"Juzu Bracelet"},{"floor":12,"key":"Replay:Baseball"},{"floor":13,"key":"ReplayTheSpireMod:Ring of Collecting"},{"floor":13,"key":"Ring of Panic"},{"floor":14,"key":"Gremlin Food"}],"event_choices":[{"damage_healed":0,"gold_gain":0,"player_choice":"Upgraded","damage_taken":0,"max_hp_gain":0,"max_hp_loss":0,"event_name":"Upgrade Shrine","floor":2,"gold_loss":0,"cards_upgraded":["Apotheosis"]},{"damage_healed":0,"gold_gain":30,"player_choice":"Searched \u00273\u0027 times","damage_taken":0,"max_hp_gain":0,"max_hp_loss":0,"event_name":"Dead Adventurer","floor":12,"gold_loss":0},{"damage_healed":0,"gold_gain":0,"player_choice":"Left Gold","damage_taken":0,"max_hp_gain":0,"max_hp_loss":0,"event_name":"World of Goop","floor":16,"gold_loss":38}],"is_beta":false,"boss_relics":[],"items_purged_floors":[],"is_endless":false,"potions_floor_spawned":[4,5,15],"killed_by":"Slime Boss","ascension_level":0}}