{"host":"hfcva6mq15ctj0gu","time":1609608511,"event":{"mods":["Abigail Mod","AchievementEnabler","Act Like it!","Alarm Clock","BaseMod","Better Altar","Better Match","Better Note","Better Skull","Better Third Choice","BetterRewards","CapriCore","Card Forge","Colored Map","Curses Come First","Disable Question Mark Monsters","Displayed Cursed Tome","Emptier Cage","FoggyMod","Friendly Minions","Gold Saver","Grow up Mod","Highlight Path","Kiyohime????","Kratos Character Expansion","Marisa????????","Minty Spire (QoL Compilation)","Permanent Neow","Reimu??????","Remilia??????","Shade Mod","Shop Mod","StSLib","The Immortal","The Servant 0.9.4","The Vixen","Transform Curses","Virulent Crown","Yakumo Yukari mod","????"],"gold_per_floor":[1485,1485,1485,860,860,929,950,950,977,1037,1037,1312,1358,1394,1394,1518,1518,1541,989,989,1013,1063,1119,1194,742,742,742,742,742,742,773,773,901,901,916,981,981,981,218,259,53,118,142,49,73,73,109,109,109,109,109,109,4,72,72],"floor_reached":56,"playtime":2183,"items_purged":[],"score":1814,"play_id":"f822a7f2-e428-486d-936a-9de1370390a9","local_time":"20210102182831","is_ascension_mode":false,"campfire_choices":[{"floor":8,"key":"RECALL"},{"floor":11,"key":"DIG"},{"floor":15,"key":"DIG"},{"floor":27,"key":"DIG"},{"floor":30,"key":"DIG"},{"floor":32,"key":"DIG"},{"floor":46,"key":"DIG"},{"floor":49,"key":"DIG"},{"floor":52,"key":"DIG"}],"circlet_count":0,"master_deck":["Eruption+1","Vigilance+1","KratosMod:FullCounter+1","Conclude+1","Tools of the Trade+1","Die Die Die+1","Prostrate+1","HandOfGreed+1","Brilliance+1","Worship+1","DevaForm+1","DeusExMachina+1","Alpha+1","Devotion+1","Pray+1","Prostrate+1","Judgement+1","Prostrate+1","Study+1","Fasting2+1","Consecrate+1","Fasting2+1"],"relics":["HolyWater","Seething Fire","Anvil of the Gods","Girya","Ginger","MerchantsRug","ClockworkSouvenir","Ornamental Fan","KratosMod:amulet","Golden Idol","Yang","Shovel","Nunchaku","Odd Mushroom","CaptainsWheel","Mummified Hand","Bird Faced Urn","SlaversCollar","Turnip","Letter Opener","Lantern","Strange Spoon","Boot","PreservedInsect","Molten Egg 2","Lizard Tail","Toxic Egg 2","Vajra","Frozen Egg 2","CatCart","TungstenRod","FossilizedHelix","Kunai","Membership Card","KratosMod:minohorn","Du-Vu Doll","Damaru","CrazyTorch:ReiMu","MealTicket","Darkstone Periapt","Anchor","Bottled Flame","Strawberry"],"acts_visited":["Exordium","TheCity","TheBeyond","TheEnding"],"potions_floor_usage":[37,37,37,37,55],"damage_taken":[{"damage":0,"enemies":"Small Slimes","floor":1,"turns":4},{"damage":0,"enemies":"Gremlin Nob","floor":6,"turns":3},{"damage":0,"enemies":"Cultist","floor":7,"turns":1},{"damage":0,"enemies":"The Mushroom Lair","floor":10,"turns":2},{"damage":0,"enemies":"Jaw Worm","floor":13,"turns":1},{"damage":0,"enemies":"3 Sentries","floor":14,"turns":1},{"damage":4,"enemies":"Slime Boss","floor":16,"turns":4},{"damage":0,"enemies":"Chosen","floor":18,"turns":3},{"damage":0,"enemies":"Spheric Guardian","floor":22,"turns":3},{"damage":40,"enemies":"Book of Stabbing","floor":23,"turns":4},{"damage":25,"enemies":"Slavers","floor":31,"turns":2},{"damage":45,"enemies":"Automaton","floor":33,"turns":5},{"damage":31,"enemies":"3 Darklings","floor":35,"turns":3},{"damage":32,"enemies":"Orin","floor":36,"turns":6},{"damage":328,"enemies":"Orin","floor":37,"turns":14},{"damage":0,"enemies":"Reptomancer","floor":40,"turns":2},{"damage":78,"enemies":"2 Orb Walkers","floor":42,"turns":5},{"damage":0,"enemies":"Orb Walker","floor":45,"turns":2},{"damage":0,"enemies":"Nemesis","floor":47,"turns":3},{"damage":203,"enemies":"Awakened One","floor":50,"turns":8},{"damage":0,"enemies":"Shield and Spear","floor":54,"turns":3},{"damage":160,"enemies":"The Heart","floor":55,"turns":8}],"seed_played":"-4877530089032166038","potions_obtained":[{"floor":4,"key":"EntropicBrew"},{"floor":4,"key":"EntropicBrew"},{"floor":4,"key":"Strength Potion"},{"floor":4,"key":"DuplicationPotion"},{"floor":4,"key":"Swift Potion"},{"floor":13,"key":"BlessingOfTheForge"},{"floor":16,"key":"Energy Potion"},{"floor":22,"key":"DistilledChaos"},{"floor":33,"key":"LiquidBronze"},{"floor":40,"key":"DistilledChaos"},{"floor":45,"key":"ColorlessPotion"},{"floor":54,"key":"BlessingOfTheForge"}],"is_trial":false,"path_per_floor":["M","?","?","$","?","E","M","R","T","?","R","?","M","E","R","B",null,"M","$","T","T","M","E","?","$","T","R","?","?","R","E","R","B",null,"M","?","?","?","$","E","$","?","T","$","M","R","E","?","R","B",null,"R","$","E","B",null],"character_chosen":"WATCHER","items_purchased":["Girya","Ginger","MerchantsRug","ClockworkSouvenir","Potion Belt","Yang","Prostrate","Cauldron","HandOfGreed","Turnip","Letter Opener","Lantern","Strange Spoon","Boot","TungstenRod","FossilizedHelix","Orrery","Membership Card","Study+1","KratosMod:minohorn","CrazyTorch:ReiMu","Fasting2+1","Bottled Flame"],"campfire_rested":0,"item_purchase_floors":[0,0,0,0,4,4,4,4,4,19,19,25,25,25,39,39,39,41,41,41,44,44,53],"current_hp_per_floor":[55,44,54,64,74,84,94,104,114,124,134,144,154,164,174,186,252,262,272,282,292,302,275,254,264,274,284,294,304,314,299,309,283,422,401,391,452,462,472,482,492,436,446,456,466,476,492,502,512,340,592,612,622,639,520],"gold":72,"neow_bonus":"","is_daily":false,"chose_seed":false,"campfire_upgraded":0,"win_rate":0.0,"timestamp":1609608511,"path_taken":["M","?","?","$","?","E","?","R","T","?","R","?","?","E","R","BOSS","M","?","?","?","?","E","?","?","T","R","?","?","R","E","R","BOSS","M","?","?","?","$","E","$","?","T","?","?","R","E","?","R","BOSS","R","$","E","BOSS"],"items_purchased_type":["Relic","Relic","Relic","Relic","Relic","Relic","Card","Relic","Card","Relic","Relic","Relic","Relic","Relic","Relic","Relic","Relic","Relic","Card","Relic","Relic","Card","Relic"],"build_version":"2020-12-22","purchased_purges":0,"victory":true,"max_hp_per_floor":[92,102,112,122,132,142,152,162,172,182,192,202,212,222,232,242,252,262,272,282,292,302,312,322,332,342,352,362,372,382,392,402,412,422,432,442,452,462,472,482,492,502,512,522,532,542,552,562,572,582,592,612,622,639,659],"card_choices":[{"not_picked":["ClearTheMind","SashWhip"],"picked":"Conclude","floor":1},{"not_picked":["Halt","ThirdEye"],"picked":"Brilliance","floor":6},{"not_picked":["Collect","Halt"],"picked":"Worship","floor":7},{"not_picked":["Conclude","ThirdEye","Halt"],"picked":"SKIP","floor":13},{"not_picked":["DeceiveReality","BowlingBash"],"picked":"DevaForm","floor":14},{"not_picked":["Judgement","Wish"],"picked":"DeusExMachina","floor":16},{"not_picked":["FlurryOfBlows","Swivel+1","PathToVictory"],"picked":"SKIP","floor":18},{"not_picked":["Study","ThirdEye+1","Consecrate"],"picked":"SKIP","floor":22},{"not_picked":["FlurryOfBlows+1","WaveOfTheHand"],"picked":"Alpha","floor":23},{"not_picked":["FearNoEvil+1","Study","ThirdEye+1"],"picked":"SKIP","floor":31},{"not_picked":["Scrawl+1","Alpha+1"],"picked":"Devotion+1","floor":33},{"not_picked":["CutThroughFate+1","CrushJoints+1"],"picked":"Pray+1","floor":35},{"not_picked":["EmptyFist+1","EmptyBody+1"],"picked":"Consecrate+1","floor":36},{"not_picked":["Halt+1","WindmillStrike+1"],"picked":"Prostrate+1","floor":37},{"not_picked":["Conclude+1","Crescendo+1"],"picked":"Judgement+1","floor":39},{"not_picked":["CutThroughFate+1","Meditate+1"],"picked":"WaveOfTheHand+1","floor":39},{"not_picked":["CrushJoints+1","Wireheading+1"],"picked":"Prostrate+1","floor":39},{"not_picked":["LessonLearned+1","ThirdEye+1","WreathOfFlame+1"],"picked":"SKIP","floor":40},{"not_picked":["CutThroughFate+1","Crescendo+1","FlurryOfBlows+1"],"picked":"SKIP","floor":45},{"not_picked":["FlyingSleeves+1","LessonLearned+1"],"picked":"Consecrate+1","floor":47},{"not_picked":["SignatureMove+1","Indignation+1"],"picked":"Fasting2+1","floor":54}],"player_experience":89533,"relics_obtained":[{"floor":6,"key":"Shovel"},{"floor":9,"key":"Nunchaku"},{"floor":10,"key":"Odd Mushroom"},{"floor":11,"key":"CaptainsWheel"},{"floor":14,"key":"Mummified Hand"},{"floor":15,"key":"Bird Faced Urn"},{"floor":20,"key":"Matryoshka"},{"floor":21,"key":"Tea:ReiMu"},{"floor":23,"key":"War Paint"},{"floor":26,"key":"PreservedInsect"},{"floor":26,"key":"Molten Egg 2"},{"floor":27,"key":"Lizard Tail"},{"floor":30,"key":"Toxic Egg 2"},{"floor":31,"key":"Vajra"},{"floor":32,"key":"Frozen Egg 2"},{"floor":36,"key":"CatCart"},{"floor":40,"key":"Kunai"},{"floor":42,"key":"Du-Vu Doll"},{"floor":43,"key":"Damaru"},{"floor":46,"key":"MealTicket"},{"floor":47,"key":"Darkstone Periapt"},{"floor":49,"key":"Anchor"},{"floor":52,"key":"Pear"},{"floor":54,"key":"Strawberry"}],"event_choices":[{"damage_healed":0,"gold_gain":0,"player_choice":"Take Wound","damage_taken":0,"relics_obtained":["Golden Idol"],"max_hp_gain":0,"max_hp_loss":0,"event_name":"Golden Idol","floor":3,"gold_loss":0,"cards_obtained":["Injury"]},{"cards_removed":["Strike_P"],"damage_healed":0,"gold_gain":0,"player_choice":"Offered Basic","damage_taken":0,"max_hp_gain":0,"max_hp_loss":0,"event_name":"Bonfire Elementals","floor":5,"gold_loss":0},{"damage_healed":0,"gold_gain":0,"player_choice":"Fought Mushrooms","damage_taken":0,"max_hp_gain":0,"max_hp_loss":0,"event_name":"Mushrooms","floor":10,"gold_loss":0},{"damage_healed":0,"gold_gain":275,"player_choice":"Desecrate","damage_taken":0,"max_hp_gain":0,"max_hp_loss":0,"event_name":"Golden Shrine","floor":12,"gold_loss":0,"cards_obtained":["Regret"]},{"damage_healed":0,"gold_gain":75,"player_choice":"Touch","damage_taken":31,"max_hp_gain":0,"max_hp_loss":0,"event_name":"FaceTrader","floor":24,"gold_loss":0},{"cards_removed":["Regret"],"damage_healed":0,"gold_gain":0,"player_choice":"Give","damage_taken":0,"max_hp_gain":0,"max_hp_loss":0,"event_name":"betterNote:BetterNote","floor":28,"gold_loss":0,"cards_obtained":["Entrench"]},{"damage_healed":0,"gold_gain":0,"player_choice":"Simplicity","damage_taken":0,"max_hp_gain":0,"max_hp_loss":0,"event_name":"betterThird:BetterWriting","floor":29,"gold_loss":0},{"damage_healed":0,"gold_gain":0,"player_choice":"Fight","damage_taken":0,"max_hp_gain":0,"max_hp_loss":0,"event_name":"OrinTheCat","floor":36,"gold_loss":0},{"damage_healed":0,"gold_gain":0,"player_choice":"Ignored","damage_taken":0,"max_hp_gain":0,"max_hp_loss":0,"event_name":"Tomb of Lord Red Mask","floor":38,"gold_loss":0},{"damage_healed":0,"gold_gain":0,"player_choice":"Fight","damage_taken":0,"max_hp_gain":0,"max_hp_loss":0,"event_name":"Mysterious Sphere","floor":42,"gold_loss":0},{"cards_removed":["Consecrate"],"damage_healed":0,"gold_gain":0,"player_choice":"Removed Attack","damage_taken":0,"max_hp_gain":0,"max_hp_loss":0,"event_name":"Falling","floor":48,"gold_loss":0}],"is_beta":false,"boss_relics":[{"not_picked":["Astrolabe","Pandora\u0027s Box"],"picked":"SlaversCollar"},{"not_picked":["Fusion Hammer","SacredBark"],"picked":"HolyWater"}],"items_purged_floors":[],"is_endless":false,"potions_floor_spawned":[13,16,22,33,37,40,45,54],"ascension_level":0}}