{"host":"dhyczjm99amxd3qx","time":1609619285,"event":{"mods":["BaseMod","Colored Map","Googly Eyes","Highlight Path","Minty Spire (QoL Compilation)","Quick Restart","StSLib"],"gold_per_floor":[117,129,49,124,124,152,165,195,195,221,221,221,221],"floor_reached":12,"playtime":672,"items_purged":[],"score":163,"play_id":"9436fc10-f55d-40f8-b150-012d6dd6567a","local_time":"20210102152805","is_ascension_mode":true,"campfire_choices":[{"data":"Well Laid Plans","floor":11.0,"key":"SMITH"}],"circlet_count":0,"master_deck":["Strike_G","Strike_G","Strike_G","Strike_G","Strike_G","Defend_G","Defend_G","Defend_G","Defend_G","Defend_G","Survivor","Neutralize","Deadly Poison","Cloak And Dagger","Well Laid Plans+1","Prepared","After Image","Crippling Poison"],"relics":["Ring of the Snake","NeowsBlessing","Blue Candle","InkBottle","PreservedInsect","Bronze Scales","Vajra"],"acts_visited":["Exordium"],"potions_floor_usage":[],"damage_taken":[{"damage":0.0,"enemies":"2 Louse","floor":1.0,"turns":1.0},{"damage":0.0,"enemies":"Jaw Worm","floor":2.0,"turns":1.0},{"damage":0.0,"enemies":"3 Sentries","floor":6.0,"turns":1.0},{"damage":3.0,"enemies":"Small Slimes","floor":7.0,"turns":5.0},{"damage":24.0,"enemies":"Gremlin Nob","floor":8.0,"turns":4.0},{"damage":3.0,"enemies":"Lagavulin","floor":10.0,"turns":7.0},{"damage":25,"enemies":"Gremlin Nob","floor":12,"turns":3}],"seed_played":"5428264691445250564","potions_obtained":[{"floor":2.0,"key":"Strength Potion"},{"floor":7.0,"key":"SteroidPotion"},{"floor":8.0,"key":"Weak Potion"}],"is_trial":false,"path_per_floor":["M","M","$","?","T","E","M","E","T","E","R","E"],"character_chosen":"THE_SILENT","items_purchased":["Well Laid Plans"],"campfire_rested":0,"item_purchase_floors":[3],"current_hp_per_floor":[63,63,63,52,52,52,49,25,25,22,22,0,0],"gold":221,"neow_bonus":"THREE_ENEMY_KILL","is_daily":false,"chose_seed":false,"campfire_upgraded":1,"win_rate":0.0,"timestamp":1609619285,"path_taken":["M","M","$","?","?","E","?","E","T","E","R","E"],"items_purchased_type":["Card"],"build_version":"2020-12-22","purchased_purges":0,"victory":false,"max_hp_per_floor":[70,70,70,70,70,70,70,70,70,70,70,70,70],"card_choices":[{"not_picked":["Acrobatics","Slice"],"picked":"Deadly Poison","floor":1.0},{"not_picked":["Backflip","Backstab"],"picked":"Cloak And Dagger","floor":2.0},{"not_picked":["Backflip","Flying Knee"],"picked":"Prepared","floor":6.0},{"not_picked":["Slice","Blur","Acrobatics"],"picked":"SKIP","floor":7.0},{"not_picked":["Acrobatics","Slice"],"picked":"After Image","floor":8.0},{"not_picked":["Terror","Bouncing Flask"],"picked":"Crippling Poison","floor":10.0}],"player_experience":285856,"relics_obtained":[{"floor":5.0,"key":"Blue Candle"},{"floor":6.0,"key":"InkBottle"},{"floor":8.0,"key":"PreservedInsect"},{"floor":9.0,"key":"Bronze Scales"},{"floor":10.0,"key":"Vajra"}],"event_choices":[{"damage_healed":0.0,"max_hp_gain":0.0,"max_hp_loss":0.0,"gold_gain":75.0,"event_name":"World of Goop","player_choice":"Gather Gold","floor":4.0,"gold_loss":0.0,"damage_taken":11.0}],"is_beta":false,"boss_relics":[],"items_purged_floors":[],"is_endless":false,"potions_floor_spawned":[2,7,8],"killed_by":"Gremlin Nob","ascension_level":7}}