{"host":"yfdtuf6ojcxn06xg","time":1609546174,"event":{"mods":["2.2 Compatiblity","AchievementEnabler","BaseMod","Colored Map","Colored Powertips","Downfall","Hermit","JesterMod","Jorbs\u0027s Wanderer Trilogy","Minty Spire (QoL Compilation)","Quick Restart","Rare Cards Sparkle","Relic Stats","Replay The Spire","StSLib","The Cursed","The Disciple","The Hierophant","The Jungle","The Necromancer","The Servant 0.9.4"],"gold_per_floor":[112,112,187,43,59,86,99,99,99,99,49,79,79,97,97,97,97],"floor_reached":16,"playtime":1093,"items_purged":[],"score":108,"play_id":"4a5f1af5-3a71-4f67-891d-abbf4667ebf8","local_time":"20210101190934","is_ascension_mode":false,"campfire_choices":[{"data":"DaylightSavings","floor":8,"key":"SMITH"},{"floor":10,"key":"REST"},{"data":"VestedLegacy","floor":13,"key":"SMITH"},{"data":"LockedThread","floor":15,"key":"SMITH"}],"circlet_count":0,"master_deck":["Strike_Br","Strike_Br","Strike_Br","Defend_Br+1","Defend_Br","Defend_Br","Defend_Br","SecondHand","PatternShift","stsjorbsmod:Withering","hermit:Defend_Hermit","LockedCalendar","LockedScales","PrimeTime","LockedMedicine","DaylightSavings+4","VestedLegacy+1","LockedThread+1"],"relics":["Chronometer","Orichalcum?","Lantern","Bottled Tornado","Gremlin Food","Centennial Puzzle"],"acts_visited":["Exordium"],"potions_floor_usage":[16],"damage_taken":[{"damage":0,"enemies":"Small Slimes","floor":1,"turns":5},{"damage":6,"enemies":"2 Louse","floor":5,"turns":3},{"damage":13,"enemies":"Lagavulin","floor":6,"turns":8},{"damage":8,"enemies":"Jaw Worm","floor":7,"turns":5},{"damage":25,"enemies":"Gremlin Nob","floor":12,"turns":8},{"damage":0,"enemies":"2 Fungi Beasts","floor":14,"turns":6},{"damage":21,"enemies":"Hexaghost","floor":16,"turns":19}],"seed_played":"1027740901926985590","potions_obtained":[{"floor":5,"key":"Ancient Potion"}],"is_trial":false,"path_per_floor":["M","?","?","$","M","E","M","R","T","R","?","E","R","M","R","B"],"character_chosen":"CHRONO_CLASS","items_purchased":["Lantern"],"campfire_rested":1,"item_purchase_floors":[4],"current_hp_per_floor":[65,65,54,54,48,35,27,27,27,46,46,21,21,21,21,0,0],"gold":97,"neow_bonus":"THREE_RARE_CARDS","is_daily":false,"chose_seed":false,"campfire_upgraded":3,"win_rate":0.0,"timestamp":1609546174,"path_taken":["M","?","?","$","M","E","M","R","T","R","?","E","R","M","R","BOSS"],"items_purchased_type":["Relic"],"build_version":"2020-12-22","purchased_purges":0,"victory":false,"max_hp_per_floor":[65,65,65,65,65,65,65,65,65,65,65,65,65,65,65,65,65],"relic_stats":{"Centennial Puzzle":[3],"counters":[7,54],"obtain_stats":[{"Gremlin Food":9,"Lantern":4,"Centennial Puzzle":12,"Chronometer":0,"Orichalcum?":2,"Bottled Tornado":6},{"Gremlin Food":4,"Lantern":1,"Centennial Puzzle":5,"Chronometer":0,"Orichalcum?":1,"Bottled Tornado":3},{"Gremlin Food":21,"Lantern":5,"Centennial Puzzle":29,"Chronometer":0,"Orichalcum?":5,"Bottled Tornado":16}]},"card_choices":[{"not_picked":["Flay","Pendulum"],"picked":"LockedCalendar","floor":0},{"not_picked":["AlternateTimeline","Goo"],"picked":"LockedScales","floor":1},{"not_picked":["LockedUrn","ResonantCall"],"picked":"PrimeTime","floor":5},{"not_picked":["Break","HandsUpC"],"picked":"LockedMedicine","floor":6},{"not_picked":["PrimeTime","BiteCommand"],"picked":"DaylightSavings","floor":7},{"not_picked":["TiringSlam","DaylightSavings"],"picked":"VestedLegacy","floor":12},{"not_picked":["LockedBlood","BlueShift"],"picked":"LockedThread","floor":14}],"player_experience":179946,"relics_obtained":[{"floor":6,"key":"Bottled Tornado"},{"floor":9,"key":"Gremlin Food"},{"floor":12,"key":"Centennial Puzzle"}],"event_choices":[{"damage_healed":0,"gold_gain":75,"player_choice":"Gather Gold","damage_taken":11,"max_hp_gain":0,"max_hp_loss":0,"event_name":"World of Goop","floor":3,"gold_loss":0},{"cards_removed":["Strike_Br"],"damage_healed":0,"gold_gain":0,"player_choice":"Card Removal","damage_taken":0,"max_hp_gain":0,"max_hp_loss":0,"event_name":"The Cleric","floor":11,"gold_loss":50}],"is_beta":false,"boss_relics":[],"items_purged_floors":[],"is_endless":false,"potions_floor_spawned":[5],"killed_by":"Hexaghost","ascension_level":0}}