{"host":"1izroil14ku13zg6","time":1609565913,"event":{"mods":["2.2 Compatiblity","AchievementEnabler","Act Like it!","BaseMod","Better Note","Better Silent Start","Better Third Choice","BetterRewards","Colored Map","Colored Powertips","Hermit","Hubris","Minty Spire (QoL Compilation)","Potionbrewer","Rare Cards Sparkle","Relic Stats","Replay The Spire","Shade Mod","Shop Mod","Spicy Shops","StSLib","The Construct","The Cursed","The Disciple","The Exordian Avenger","The Forsaken","The Hierophant","The Mystic","The Runesmith","TheBandit"],"gold_per_floor":[119,119,74,92,104,104,122,43,68,85,98,37,37,63,63,165,165,152,163,174,174,193,193,193,245,245,256,273,273,56,72,72,72,72],"floor_reached":33,"playtime":2021,"items_purged":[],"score":243,"play_id":"fcdfbbc2-3823-441a-8c2c-20ce3e38062a","local_time":"20210102033833","is_ascension_mode":false,"campfire_choices":[{"floor":6,"key":"RECALL"},{"data":"Shade:FleshToFlesh","floor":13,"key":"SMITH"},{"data":"Shade:Brains","floor":15,"key":"SMITH"},{"floor":23,"key":"REST"},{"floor":29,"key":"REST"},{"floor":32,"key":"REST"}],"circlet_count":0,"master_deck":["Shade:Strike_Shade","Shade:Strike_Shade","Shade:Strike_Shade","Shade:Strike_Shade","Shade:Defend_Shade","Shade:Defend_Shade","Shade:Defend_Shade","Shade:Defend_Shade","Shade:AnimateDead","Shade:CarefulCut","Shade:Frenzy","Shade:AncientSpear","Shade:FingerOfDeath","Shade:Excise","Shade:Brains+1","Shade:FuneraryArmor","Shade:SanguineRitual","Shade:FleshToFlesh+1","Shade:SkeletonHug","Shade:GreaterAnimation","CurseOfTheBell","Shade:Premonition+1","Shade:Tombstone","Shade:CloudOfShrapnel","Shade:Bonestorm+1","Shade:BoneShards","Shade:LoseControl","Shade:TouchOfTheGrave","Shade:FuneraryArmor+1","Shade:Trample","Shade:FuneraryJewels+1","Shade:CoffinDance+1","Shade:FreshBones","Shade:Coordination"],"relics":["Shade:YorickSkull","theForsaken:Gavel","Calling Bell","ReplayTheSpireMod:TigerMarble","Question Card","Prayer Wheel","Nloth\u0027s Gift","FaceOfCleric","Blue Doll","Letter Opener","TheAbacus","potionbrewer:ToyAutogyro"],"acts_visited":["Exordium","TheCity"],"potions_floor_usage":[14,14,14,14,19,20,20,28,28,33],"damage_taken":[{"damage":0,"enemies":"2 Louse","floor":1,"turns":1},{"damage":0,"enemies":"Cultist","floor":4,"turns":1},{"damage":0,"enemies":"Small Slimes","floor":5,"turns":1},{"damage":0,"enemies":"Looter","floor":7,"turns":2},{"damage":3,"enemies":"2 Fungi Beasts","floor":10,"turns":3},{"damage":0,"enemies":"Blue Slaver","floor":11,"turns":3},{"damage":0,"enemies":"Gremlin Gang","floor":14,"turns":1},{"damage":22,"enemies":"The Guardian","floor":16,"turns":14},{"damage":6,"enemies":"2 Thieves","floor":18,"turns":4},{"damage":8,"enemies":"3 Byrds","floor":19,"turns":5},{"damage":2,"enemies":"3 Cultists","floor":20,"turns":3},{"damage":14,"enemies":"Snecko","floor":22,"turns":6},{"damage":2,"enemies":"Chosen and Byrds","floor":27,"turns":4},{"damage":16,"enemies":"Snake Plant","floor":28,"turns":6},{"damage":25,"enemies":"Sentry and Sphere","floor":31,"turns":7},{"damage":58,"enemies":"Pondfish","floor":33,"turns":13}],"seed_played":"-8257814304787118652","potions_obtained":[{"floor":1,"key":"AttackPotion"},{"floor":4,"key":"EntropicBrew"},{"floor":16,"key":"ColorlessPotion"},{"floor":18,"key":"Adrenaline Potion"},{"floor":19,"key":"potionbrewer:SplittingPotion"},{"floor":27,"key":"Weak Potion"}],"is_trial":false,"path_per_floor":["M","?","$","M","M","R","M","$","T","M","M","$","R","M","R_BF","B",null,"M","M","M","?","M","R","?","T","T","M","M","R","$","M","R","B"],"character_chosen":"SHADE","items_purchased":["Shade:Frenzy","Shade:Brains","Shade:FleshToFlesh","TheAbacus","potionbrewer:ToyAutogyro"],"campfire_rested":3,"item_purchase_floors":[3,8,12,30,30],"current_hp_per_floor":[65,65,65,65,65,65,65,65,65,62,62,62,62,62,62,40,65,59,51,49,49,35,54,54,54,54,53,38,58,58,34,54,0,0],"gold":72,"neow_bonus":"THREE_ENEMY_KILL","is_daily":false,"chose_seed":false,"campfire_upgraded":2,"win_rate":0.0,"timestamp":1609565913,"path_taken":["M","?","$","?","M","R","M","$","T","?","M","?","R","M","R_BF","BOSS","M","M","M","?","M","R","?","?","T","M","M","R","?","?","R","BOSS"],"items_purchased_type":["Card","Card","Card","Relic","Relic"],"build_version":"2020-12-22","purchased_purges":0,"victory":false,"max_hp_per_floor":[65,65,65,65,65,65,65,65,65,65,65,65,65,65,65,65,65,65,65,65,65,65,65,65,65,65,66,67,67,67,68,68,68,68],"relic_stats":{"TheAbacus":[24],"FaceOfCleric":3,"counters":[16,74],"Prayer Wheel":7,"Nloth\u0027s Gift":1,"Letter Opener":[46],"Question Card":14,"obtain_stats":[{"NeowsBlessing":0,"Shade:YorickSkull":0,"Blue Doll":25,"Letter Opener":26,"potionbrewer:ToyAutogyro":30,"theForsaken:Gavel":2,"Question Card":17,"Calling Bell":17,"TheAbacus":30,"FaceOfCleric":24,"Prayer Wheel":17,"ReplayTheSpireMod:TigerMarble":17,"Nloth\u0027s Gift":21},{"NeowsBlessing":0,"Shade:YorickSkull":0,"Blue Doll":12,"Letter Opener":12,"potionbrewer:ToyAutogyro":14,"theForsaken:Gavel":1,"Question Card":8,"Calling Bell":8,"TheAbacus":14,"FaceOfCleric":12,"Prayer Wheel":8,"ReplayTheSpireMod:TigerMarble":8,"Nloth\u0027s Gift":11},{"NeowsBlessing":0,"Shade:YorickSkull":0,"Blue Doll":44,"Letter Opener":44,"potionbrewer:ToyAutogyro":54,"theForsaken:Gavel":1,"Question Card":26,"Calling Bell":26,"TheAbacus":54,"FaceOfCleric":44,"Prayer Wheel":26,"ReplayTheSpireMod:TigerMarble":26,"Nloth\u0027s Gift":38}]},"card_choices":[{"not_picked":["Shade:Doomsay","Shade:Brains"],"picked":"Shade:SpectralStrikes","floor":1},{"not_picked":["Shade:Bonestorm","Shade:SoulToxin"],"picked":"Shade:AncientSpear","floor":4},{"not_picked":["Shade:LyeBath","Shade:ExtraLimbs"],"picked":"Shade:FingerOfDeath","floor":5},{"not_picked":["Shade:CallOfTheGrave","Shade:AblativeArmor"],"picked":"Shade:Excise","floor":7},{"not_picked":["Shade:FingerOfDeath","Shade:LyeBath"],"picked":"Shade:FuneraryArmor","floor":10},{"not_picked":["Shade:SensePrey","Shade:ClawBack"],"picked":"Shade:SanguineRitual","floor":11},{"not_picked":["Shade:Bonestorm","Shade:FingerOfDeath"],"picked":"Shade:SkeletonHug","floor":14},{"not_picked":["Shade:LastGasp","Shade:OneIsEnough"],"picked":"Shade:GreaterAnimation","floor":16},{"not_picked":["Shade:Frenzy","Shade:FuneraryArmor","Shade:SkeletonHug+1"],"picked":"Shade:Premonition+1","floor":18},{"not_picked":["Shade:AncientSpear","Shade:Frenzy","Shade:Brains+1"],"picked":"Shade:Tombstone","floor":18},{"not_picked":["Shade:AuraOfUnlife","Shade:Premonition","Shade:LyeBath+1"],"picked":"Shade:CloudOfShrapnel","floor":19},{"not_picked":["Shade:FuneraryJewels","Shade:FleshToFlesh","Shade:WallOfFlesh+1"],"picked":"Shade:Bonestorm+1","floor":19},{"not_picked":["Shade:Excise","Shade:ExtraLimbs+1","Shade:SanguineRitual"],"picked":"Shade:BoneShards","floor":20},{"not_picked":["Shade:Brains","Shade:WallOfFlesh","Shade:Haruspicy","Shade:PressTheAttack"],"picked":"SKIP","floor":20},{"not_picked":["Shade:AncientSpear","Shade:Doomsay+1","Shade:Premonition"],"picked":"Shade:LoseControl","floor":22},{"not_picked":["Shade:Haruspicy","Shade:SkeletonHug","Shade:Awaken"],"picked":"Shade:TouchOfTheGrave","floor":22},{"not_picked":["Shade:Patience","Shade:Haruspicy+1","Shade:Excise"],"picked":"Shade:FuneraryArmor+1","floor":27},{"not_picked":["Shade:SensePrey","Shade:CoffinDance","Shade:SkeletonHug"],"picked":"Shade:Trample","floor":27},{"not_picked":["Shade:BoneShards","Shade:SensePrey+1","Shade:PoundOfFlesh"],"picked":"Shade:FuneraryJewels+1","floor":28},{"not_picked":["Shade:Frenzy","Shade:LyeBath","Shade:AncientSpear"],"picked":"Shade:CoffinDance+1","floor":28},{"not_picked":["Shade:FeralStrike","Shade:FleshToFlesh","Shade:AncientSpear"],"picked":"Shade:FreshBones","floor":31},{"not_picked":["Shade:Bonestorm","Shade:CommandSoldier+1","Shade:Excise"],"picked":"Shade:Coordination","floor":31}],"player_experience":377155,"relics_obtained":[{"floor":17,"key":"ReplayTheSpireMod:TigerMarble"},{"floor":17,"key":"Question Card"},{"floor":17,"key":"Prayer Wheel"},{"floor":25,"key":"Blue Doll"},{"floor":26,"key":"Letter Opener"}],"event_choices":[{"cards_removed":["Shade:SpectralStrikes"],"damage_healed":0,"gold_gain":0,"player_choice":"Gave Card","damage_taken":0,"relics_obtained":["theForsaken:Gavel"],"max_hp_gain":0,"max_hp_loss":0,"event_name":"WeMeetAgain","floor":2,"gold_loss":0},{"damage_healed":0,"gold_gain":0,"player_choice":"Traded Relic","damage_taken":0,"relics_obtained":["Nloth\u0027s Gift"],"max_hp_gain":0,"max_hp_loss":0,"event_name":"N\u0027loth","floor":21,"relics_lost":["NeowsBlessing"],"gold_loss":0},{"damage_healed":0,"gold_gain":0,"player_choice":"Trade","damage_taken":0,"relics_obtained":["FaceOfCleric"],"max_hp_gain":0,"max_hp_loss":0,"event_name":"FaceTrader","floor":24,"gold_loss":0}],"is_beta":false,"boss_relics":[{"not_picked":["ReplayTheSpireMod:DimensionalGlitch","Black Star"],"picked":"Calling Bell"}],"items_purged_floors":[],"is_endless":false,"potions_floor_spawned":[1,4,16,18,19,27],"killed_by":"Pondfish","ascension_level":0}}