{"host":"4axoa1rfjgnprp9l","time":1609598674,"event":{"mods":["2.2 Compatiblity","AchievementEnabler","BaseMod","Colored Map","DeckTracker","Highlight Path","Minty Spire (QoL Compilation)","Permanent Neow","StSLib","SuperFastMode"],"gold_per_floor":[113,125,137,148,163,163,43,43,115,115,131,161,161,196,196,196,196],"floor_reached":16,"playtime":429,"items_purged":["Strike_G"],"score":224,"play_id":"2394f11e-8432-4a47-9f73-ba32043eebc0","local_time":"20210102234434","is_ascension_mode":true,"campfire_choices":[{"data":"Dramatic Entrance","floor":6.0,"key":"SMITH"},{"data":"Noxious Fumes","floor":8.0,"key":"SMITH"},{"floor":13.0,"key":"REST"},{"floor":15.0,"key":"REST"}],"circlet_count":0,"master_deck":["AscendersBane","Strike_G","Strike_G","Strike_G","Strike_G","Defend_G","Defend_G","Defend_G","Defend_G","Defend_G","Survivor","Neutralize","Dramatic Entrance+1","Deadly Poison","Noxious Fumes+1","Catalyst","Bouncing Flask","Tactician"],"relics":["Ring of the Snake","Frozen Egg 2","Du-Vu Doll","Ancient Tea Set"],"acts_visited":["Exordium"],"potions_floor_usage":[],"damage_taken":[{"damage":0.0,"enemies":"2 Louse","floor":1.0,"turns":3.0},{"damage":4.0,"enemies":"Cultist","floor":2.0,"turns":4.0},{"damage":0.0,"enemies":"Small Slimes","floor":3.0,"turns":3.0},{"damage":4.0,"enemies":"2 Fungi Beasts","floor":4.0,"turns":3.0},{"damage":9.0,"enemies":"Blue Slaver","floor":5.0,"turns":4.0},{"damage":7.0,"enemies":"Looter","floor":11.0,"turns":4.0},{"damage":27.0,"enemies":"3 Sentries","floor":12.0,"turns":6.0},{"damage":41.0,"enemies":"Gremlin Nob","floor":14.0,"turns":4.0},{"damage":23,"enemies":"The Guardian","floor":16,"turns":2}],"seed_played":"-2791929651459955734","potions_obtained":[{"floor":1.0,"key":"SteroidPotion"},{"floor":3.0,"key":"Regen Potion"},{"floor":4.0,"key":"GamblersBrew"},{"floor":10.0,"key":"Energy Potion"}],"is_trial":false,"path_per_floor":["M","M","M","M","M","R","$","R","T","?","M","E","R","E","R","B"],"character_chosen":"THE_SILENT","items_purchased":["Bouncing Flask"],"campfire_rested":2,"item_purchase_floors":[7],"current_hp_per_floor":[59,55,55,51,42,42,42,42,42,42,35,23,42,1,20,0,0],"gold":196,"neow_bonus":"RANDOM_COLORLESS","is_daily":false,"chose_seed":false,"campfire_upgraded":2,"win_rate":0.0,"timestamp":1609598674,"path_taken":["M","M","M","M","M","R","$","R","T","?","?","E","R","E","R","BOSS"],"items_purchased_type":["Card"],"build_version":"2020-12-22","purchased_purges":1,"victory":false,"max_hp_per_floor":[66,66,66,66,66,66,66,66,66,66,66,66,66,66,66,66,66],"card_choices":[{"not_picked":["Trip","Good Instincts"],"picked":"Dramatic Entrance","floor":0.0},{"not_picked":["Outmaneuver","Sucker Punch","Quick Slash"],"picked":"SKIP","floor":1.0},{"not_picked":["Heel Hook","Dagger Spray"],"picked":"Deadly Poison","floor":2.0},{"not_picked":["Dagger Spray","Cloak And Dagger"],"picked":"Noxious Fumes","floor":3.0},{"not_picked":["Sucker Punch","Finisher","Outmaneuver"],"picked":"SKIP","floor":4.0},{"not_picked":["Reflex","Slice"],"picked":"Catalyst","floor":5.0},{"not_picked":["Slice","PiercingWail"],"picked":"Tactician","floor":11.0},{"not_picked":["Dagger Throw","Acrobatics","Catalyst"],"picked":"SKIP","floor":12.0},{"not_picked":["Heel Hook","Noxious Fumes+1","Dagger Throw"],"picked":"SKIP","floor":14.0}],"player_experience":767574,"relics_obtained":[{"floor":9.0,"key":"Frozen Egg 2"},{"floor":12.0,"key":"Du-Vu Doll"},{"floor":14.0,"key":"Ancient Tea Set"}],"event_choices":[{"damage_healed":0.0,"max_hp_gain":0.0,"max_hp_loss":0.0,"gold_gain":0.0,"event_name":"Lab","player_choice":"Got Potions","floor":10.0,"gold_loss":0.0,"damage_taken":0.0}],"is_beta":false,"boss_relics":[],"items_purged_floors":[7],"is_endless":false,"potions_floor_spawned":[1,3,4],"killed_by":"The Guardian","ascension_level":20}}