{"host":"doxo6v3vhswwfk80","time":1609630152,"event":{"mods":["2.2 Compatiblity","Act Like it!","BaseMod","Better Altar","Better Match","Better Note","Better Sensory Stone","Better Skull","Better Third Choice","Curses Come First","Hermit","Minty Spire (QoL Compilation)","Quick Restart","Relic Stats","Spicy Shops","StSLib","The Hierophant","The Runesmith"],"gold_per_floor":[118,133,144,144,68,68,95,110,136,166,133,133,49,60,60,160,160,175,175,21,46,62,62,77,77,131,143,156,168,168,168,168,266,266,284,284,23,23,23],"floor_reached":38,"playtime":3186,"items_purged":[],"score":374,"play_id":"b9cb54b3-6ed4-4f44-9bc5-447819213aca","local_time":"20210102172912","is_ascension_mode":false,"campfire_choices":[{"data":"Runesmith:Defend_RS","floor":6,"key":"PURGE"},{"floor":12,"key":"REST"},{"data":"Runesmith:Defend_RS","floor":15,"key":"PURGE"},{"floor":23,"key":"REST"},{"floor":25,"key":"REST"},{"floor":30,"key":"REST"},{"floor":32,"key":"REST"}],"circlet_count":0,"master_deck":["Runesmith:CraftFirestone","Runesmith:Fortify","Runesmith:EarthShield","Runesmith:BackupBattery","Runesmith:Retool","Runesmith:CraftMagma","Runesmith:CraftProtectio","Runesmith:BackupBattery+1","Runesmith:CraftProtectio","Runesmith:LithiumIon","Runesmith:ChiselStab","Runesmith:FissionHammer","Runesmith:CraftIncendium","Runesmith:GrandSlam","Runesmith:Grindstone","Runesmith:FissionHammer","Runesmith:FissionHammer","Runesmith:CraftSpiculum","Runesmith:Firestorm","Runesmith:CraftMagma","Runesmith:EnergizedChisel","Runesmith:ChiselStab","Runesmith:CraftVitae","Runesmith:Repurpose+1","Runesmith:BackupBattery+1","Runesmith:CraftObretio","Runesmith:Empowerment","Runesmith:CraftProtectio+1","Runesmith:EnergizedChisel","Runesmith:CraftIndustria","Runesmith:CraftObretio","Runesmith:HeatExchange"],"relics":["Runesmith:CoreCrystal","Peace Pipe","Ancient Tea Set","Dream Catcher","Pandora\u0027s Box","Runesmith:EmergencyProvisions","Bronze Scales","Pantograph"],"acts_visited":["Exordium","TheCity","TheBeyond"],"potions_floor_usage":[16,35],"damage_taken":[{"damage":2,"enemies":"Jaw Worm","floor":1,"turns":3},{"damage":0,"enemies":"Small Slimes","floor":2,"turns":4},{"damage":0,"enemies":"2 Louse","floor":3,"turns":4},{"damage":20,"enemies":"3 Sentries","floor":7,"turns":8},{"damage":3,"enemies":"Red Slaver","floor":8,"turns":4},{"damage":10,"enemies":"Exordium Thugs","floor":14,"turns":5},{"damage":24,"enemies":"Hexaghost","floor":16,"turns":10},{"damage":6,"enemies":"3 Byrds","floor":18,"turns":3},{"damage":13,"enemies":"Shell Parasite","floor":22,"turns":4},{"damage":25,"enemies":"Sentry and Sphere","floor":24,"turns":4},{"damage":21,"enemies":"Snake Plant","floor":27,"turns":3},{"damage":8,"enemies":"Chosen and Byrds","floor":28,"turns":6},{"damage":4,"enemies":"Sentry and Sphere","floor":29,"turns":5},{"damage":41,"enemies":"Automaton","floor":33,"turns":11},{"damage":45,"enemies":"3 Darklings","floor":35,"turns":6},{"damage":32,"enemies":"Orb Walker","floor":38,"turns":3}],"seed_played":"4288666777287280933","potions_obtained":[{"floor":2,"key":"EssenceOfSteel"},{"floor":3,"key":"Swift Potion"},{"floor":22,"key":"Strength Potion"}],"is_trial":false,"path_per_floor":["M","M","M","?","$","R","E","M","T","?","?","R","$","M","R","B",null,"M","?","$","T","M","R","M","R","T","M","M","M","R","?","R","B",null,"M","?","$","M"],"character_chosen":"RUNESMITH_CLASS","items_purchased":["Peace Pipe","Runesmith:CraftProtectio","Runesmith:LithiumIon","Runesmith:Firestorm","Runesmith:CraftMagma","Pantograph","Runesmith:HeatExchange"],"campfire_rested":5,"item_purchase_floors":[5,13,13,20,20,37,37],"current_hp_per_floor":[75,75,75,68,68,68,48,45,45,45,45,68,68,58,58,34,77,71,71,71,71,58,77,52,75,75,54,46,42,65,65,77,36,77,32,32,32,0,0],"gold":23,"neow_bonus":"TEN_PERCENT_HP_BONUS","is_daily":false,"chose_seed":false,"campfire_upgraded":0,"win_rate":0.0,"timestamp":1609630152,"path_taken":["M","M","M","?","$","R","E","M","T","?","?","R","$","M","R","BOSS","M","?","?","?","M","R","M","R","T","M","M","M","R","?","R","BOSS","M","?","?","M"],"items_purchased_type":["Relic","Card","Card","Card","Card","Relic","Card"],"build_version":"2020-12-22","purchased_purges":0,"victory":false,"max_hp_per_floor":[77,77,77,77,77,77,77,77,77,77,77,77,77,77,77,77,77,77,77,77,77,77,77,77,77,77,77,77,77,77,77,77,77,77,77,77,77,77,77],"relic_stats":{"Peace Pipe":3,"Dream Catcher":5,"counters":[16,83],"Bronze Scales":[121],"Pantograph":0,"Pandora\u0027s Box":["Runesmith:CraftIncendium","Runesmith:GrandSlam","Runesmith:Grindstone","Runesmith:FissionHammer","Runesmith:FissionHammer"],"obtain_stats":[{"Peace Pipe":5,"Runesmith:BrokenRuby":0,"Dream Catcher":9,"Bronze Scales":26,"Pantograph":37,"Pandora\u0027s Box":17,"Runesmith:EmergencyProvisions":21,"Ancient Tea Set":7,"Runesmith:CoreCrystal":34},{"Peace Pipe":3,"Runesmith:BrokenRuby":0,"Dream Catcher":5,"Bronze Scales":10,"Pantograph":15,"Pandora\u0027s Box":7,"Runesmith:EmergencyProvisions":8,"Ancient Tea Set":4,"Runesmith:CoreCrystal":14},{"Peace Pipe":11,"Runesmith:BrokenRuby":0,"Dream Catcher":23,"Bronze Scales":49,"Pantograph":80,"Pandora\u0027s Box":38,"Runesmith:EmergencyProvisions":41,"Ancient Tea Set":19,"Runesmith:CoreCrystal":74}]},"card_choices":[{"not_picked":["Runesmith:StaticCage","Runesmith:Refine"],"picked":"Runesmith:EarthShield","floor":1},{"not_picked":["Runesmith:Overpower","Runesmith:Grindstone"],"picked":"Runesmith:BackupBattery","floor":2},{"not_picked":["Runesmith:Prism","Runesmith:LastStand"],"picked":"Runesmith:Retool","floor":3},{"not_picked":["Runesmith:RunicBlueprint","Runesmith:ChaoticBlast"],"picked":"Runesmith:CraftMagma","floor":7},{"not_picked":["Runesmith:EarthShield","Runesmith:Overpower"],"picked":"Runesmith:CraftProtectio","floor":8},{"not_picked":["Runesmith:Terraform","Runesmith:HeatedChisel"],"picked":"Runesmith:BackupBattery","floor":12},{"not_picked":["Runesmith:Reinforce","Runesmith:FieryHammer"],"picked":"Runesmith:ChiselStab","floor":14},{"not_picked":["Runesmith:DuctTape","Runesmith:LightningRod"],"picked":"Runesmith:FissionHammer","floor":16},{"not_picked":["Runesmith:EarthShield+1","Runesmith:Discharge"],"picked":"Runesmith:CraftSpiculum","floor":18},{"not_picked":["Runesmith:Malloc","Runesmith:Repurpose"],"picked":"Runesmith:EnergizedChisel","floor":22},{"not_picked":["Runesmith:UnstableHammer","Runesmith:ElementalConversion"],"picked":"Runesmith:ChiselStab","floor":23},{"not_picked":["Runesmith:HeatedChisel","Runesmith:CraftProtectio"],"picked":"Runesmith:CraftVitae","floor":24},{"not_picked":["Runesmith:EarthShield","Runesmith:Firewall"],"picked":"Runesmith:Repurpose+1","floor":25},{"not_picked":["Runesmith:UnstableHammer+1","Runesmith:CraftMagma"],"picked":"Runesmith:BackupBattery+1","floor":27},{"not_picked":["Runesmith:EnergizedChisel","Runesmith:UnstableHammer+1"],"picked":"Runesmith:CraftObretio","floor":28},{"not_picked":["Runesmith:NanitesCloud+1","Runesmith:WhiteBalance"],"picked":"Runesmith:Empowerment","floor":29},{"not_picked":["Runesmith:EnergizedChisel","Runesmith:UnstableHammer"],"picked":"Runesmith:CraftProtectio+1","floor":30},{"not_picked":["Runesmith:ArcReactor","Runesmith:ChiselStab"],"picked":"Runesmith:EnergizedChisel","floor":32},{"not_picked":["Runesmith:FissionHammer","Runesmith:ReplicatingBarrier"],"picked":"Runesmith:CraftIndustria","floor":33},{"not_picked":["Runesmith:RuneHurl+1","Runesmith:Grindstone"],"picked":"Runesmith:CraftObretio","floor":35}],"player_experience":109024,"relics_obtained":[{"floor":7,"key":"Ancient Tea Set"},{"floor":9,"key":"Dream Catcher"},{"floor":21,"key":"Runesmith:EmergencyProvisions"},{"floor":26,"key":"Bronze Scales"}],"event_choices":[{"cards_removed":["Runesmith:Defend_RS"],"damage_healed":0,"gold_gain":0,"player_choice":"Card Removal","damage_taken":7,"max_hp_gain":0,"max_hp_loss":0,"event_name":"Golden Wing","floor":4,"gold_loss":0},{"damage_healed":0,"gold_gain":30,"player_choice":"Searched \u00271\u0027 times","damage_taken":0,"max_hp_gain":0,"max_hp_loss":0,"event_name":"Dead Adventurer","floor":10,"gold_loss":0},{"damage_healed":0,"gold_gain":0,"player_choice":"Left","damage_taken":0,"max_hp_gain":0,"max_hp_loss":0,"event_name":"betterThird:BetterGoop","floor":11,"gold_loss":33},{"cards_removed":["Runesmith:CraftSpiculum"],"damage_healed":0,"gold_gain":0,"player_choice":"Give","damage_taken":0,"max_hp_gain":0,"max_hp_loss":0,"event_name":"betterNote:BetterNote","floor":19,"gold_loss":0,"cards_obtained":["hierophant:Mercenaries"]},{"damage_healed":0,"gold_gain":0,"player_choice":"Ignored","damage_taken":0,"max_hp_gain":0,"max_hp_loss":0,"event_name":"Vampires","floor":31,"gold_loss":0},{"damage_healed":0,"gold_gain":0,"player_choice":"Forge","damage_taken":0,"max_hp_gain":0,"max_hp_loss":0,"event_name":"Accursed Blacksmith","floor":36,"gold_loss":0,"cards_upgraded":["Runesmith:BackupBattery"]}],"is_beta":false,"boss_relics":[{"not_picked":["Tiny House","Ectoplasm"],"picked":"Pandora\u0027s Box"},{"not_picked":["Astrolabe","Busted Crown"],"picked":"Runesmith:CoreCrystal"}],"items_purged_floors":[],"is_endless":false,"potions_floor_spawned":[2,3,7,22,27,28],"killed_by":"Orb Walker","ascension_level":0}}