{"host":"f9ntswufr8mq3t4y","time":1609618821,"event":{"mods":["AchievementEnabler","BaseMod","Best Route Mod","Block Reminder","Colored Map","Colored Powertips","DeckTracker","Highlight Path","Minty Spire (QoL Compilation)","Permanent Neow","Quick Restart"],"gold_per_floor":[114,114,114,131,141,141,151,180,203,56,56,116,164,193,193,323,323,340,340,352,352,352,352,383,383,437,447,447,447],"floor_reached":28,"playtime":1657,"items_purged":[],"score":295,"play_id":"ede99180-80c1-4da3-b474-563ea7c7e2ba","local_time":"20210102232021","is_ascension_mode":true,"campfire_choices":[{"floor":6.0,"key":"REST"},{"data":"Wish","floor":11,"key":"SMITH"},{"data":"Eruption","floor":15,"key":"SMITH"},{"floor":23,"key":"REST"},{"data":"Vigilance","floor":25,"key":"SMITH"}],"circlet_count":0,"master_deck":["Strike_P+1","Strike_P+1","Strike_P+1","Strike_P+1","Defend_P+1","Defend_P+1","Defend_P+1","Defend_P+1","Eruption+1","Vigilance+1","Devotion+1","EmptyMind","Wish+1","BattleHymn","BattleHymn","Brilliance","Brilliance","FearNoEvil+1","EmptyFist+1"],"relics":["HolyWater","Art of War","Whetstone","Lee\u0027s Waffle","Regal Pillow","MealTicket","Oddly Smooth Stone","Boot"],"acts_visited":["Exordium","TheCity"],"potions_floor_usage":[8,12,14,16,28,28],"damage_taken":[{"damage":9.0,"enemies":"2 Louse","floor":1.0,"turns":4.0},{"damage":9.0,"enemies":"Jaw Worm","floor":4.0,"turns":5.0},{"damage":0.0,"enemies":"Cultist","floor":5.0,"turns":3.0},{"damage":15,"enemies":"Lots of Slimes","floor":7,"turns":3},{"damage":31,"enemies":"Gremlin Nob","floor":8,"turns":5},{"damage":10,"enemies":"3 Sentries","floor":12,"turns":5},{"damage":9,"enemies":"Looter","floor":13,"turns":3},{"damage":7,"enemies":"Lagavulin","floor":14,"turns":5},{"damage":42,"enemies":"The Guardian","floor":16,"turns":8},{"damage":11,"enemies":"Spheric Guardian","floor":18,"turns":4},{"damage":23,"enemies":"2 Thieves","floor":20,"turns":5},{"damage":17,"enemies":"Gremlin Leader","floor":24,"turns":6},{"damage":37,"enemies":"Snecko","floor":27,"turns":6},{"damage":34,"enemies":"Book of Stabbing","floor":28,"turns":4}],"seed_played":"9205573337157733677","potions_obtained":[{"floor":5.0,"key":"Dexterity Potion"},{"floor":7,"key":"Swift Potion"},{"floor":8,"key":"SkillPotion"},{"floor":14,"key":"ColorlessPotion"},{"floor":24,"key":"StancePotion"},{"floor":27,"key":"Weak Potion"}],"is_trial":false,"path_per_floor":["M","?","?","M","M","R","M","E","T","$","R","?","M","E","R","B",null,"M","$","M","?","?","R","E","R","T","M","E"],"character_chosen":"WATCHER","items_purchased":["Lee\u0027s Waffle"],"campfire_rested":2,"item_purchase_floors":[10],"current_hp_per_floor":[42,42,47,38,38,61,46,15,15,84,84,74,65,58,58,16,84,73,84,61,61,61,84,67,67,67,30,0,0],"gold":447,"neow_bonus":"THREE_RARE_CARDS","is_daily":false,"chose_seed":false,"campfire_upgraded":3,"win_rate":0.0,"timestamp":1609618821,"path_taken":["M","?","?","M","M","R","M","E","T","$","R","?","M","E","R","BOSS","M","$","M","?","?","R","E","R","T","M","E"],"items_purchased_type":["Relic"],"build_version":"2020-12-22","purchased_purges":0,"victory":false,"max_hp_per_floor":[72,72,77,77,77,77,77,77,77,84,84,84,84,84,84,84,84,84,84,84,84,84,84,84,84,84,84,84,84],"card_choices":[{"not_picked":["ConjureBlade","MasterReality"],"picked":"Devotion","floor":0.0},{"not_picked":["Halt","ReachHeaven"],"picked":"EmptyMind","floor":1.0},{"not_picked":["WindmillStrike","Protect","SashWhip"],"picked":"SKIP","floor":4.0},{"not_picked":["Nirvana","Evaluate","CutThroughFate"],"picked":"SKIP","floor":5.0},{"not_picked":["FlurryOfBlows","FollowUp"],"picked":"Wish","floor":7},{"not_picked":["LikeWater","Meditate"],"picked":"BattleHymn","floor":8},{"not_picked":["Prostrate","FlyingSleeves"],"picked":"BattleHymn","floor":12},{"not_picked":["FlyingSleeves","Conclude","MentalFortress"],"picked":"SKIP","floor":13},{"not_picked":["Crescendo","BowlingBash"],"picked":"Brilliance","floor":14},{"not_picked":["LessonLearned","Vault"],"picked":"Brilliance","floor":16},{"not_picked":["WaveOfTheHand+1","Perseverance","FollowUp"],"picked":"SKIP","floor":18},{"not_picked":["Worship","ClearTheMind"],"picked":"FearNoEvil+1","floor":20},{"not_picked":["PathToVictory","Fasting2","BowlingBash"],"picked":"SKIP","floor":24},{"not_picked":["DeceiveReality","CutThroughFate"],"picked":"EmptyFist+1","floor":27}],"player_experience":330947,"relics_obtained":[{"floor":8,"key":"Art of War"},{"floor":9,"key":"Whetstone"},{"floor":12,"key":"Regal Pillow"},{"floor":14,"key":"MealTicket"},{"floor":24,"key":"Oddly Smooth Stone"},{"floor":26,"key":"Boot"}],"event_choices":[{"damage_healed":0.0,"max_hp_gain":0.0,"max_hp_loss":0.0,"gold_gain":0.0,"event_name":"Living Wall","player_choice":"Grow","floor":2.0,"gold_loss":0.0,"damage_taken":0.0,"cards_upgraded":["Devotion"]},{"damage_healed":0.0,"max_hp_gain":5.0,"max_hp_loss":0.0,"gold_gain":0.0,"event_name":"Big Fish","player_choice":"Donut","floor":3.0,"gold_loss":0.0,"damage_taken":0.0},{"damage_healed":0,"gold_gain":0,"player_choice":"Searched \u00271\u0027 times","damage_taken":0,"max_hp_gain":0,"max_hp_loss":0,"event_name":"Dead Adventurer","floor":12,"gold_loss":0},{"damage_healed":0,"gold_gain":0,"player_choice":"Simplicity","damage_taken":0,"max_hp_gain":0,"max_hp_loss":0,"event_name":"Back to Basics","floor":21,"gold_loss":0,"cards_upgraded":["Strike_P","Strike_P","Defend_P","Defend_P","Defend_P","Defend_P"]},{"damage_healed":0,"gold_gain":0,"player_choice":"Ignored","damage_taken":0,"max_hp_gain":0,"max_hp_loss":0,"event_name":"Ghosts","floor":22,"gold_loss":0}],"is_beta":false,"boss_relics":[{"not_picked":["Runic Dome","Snecko Eye"],"picked":"HolyWater"}],"items_purged_floors":[],"is_endless":false,"potions_floor_spawned":[5,7,8,14,24,27],"killed_by":"Book of Stabbing","ascension_level":4}}