{"host":"zekcc3vicrep0och","time":1609598500,"event":{"mods":["AchievementEnabler","BaseMod","Colored Map","Colored Powertips","Displayed Cursed Tome","Highlight Path","Minty Spire (QoL Compilation)","Quick Restart","Relic Stats","StSLib","The Cursed"],"gold_per_floor":[362,377,377,377,44,70,70,96,122,122,138,151,176,188,188,264,264,278,294,305,69,69,94,94,121,121,154,181,201,201,222,222,308,308,336,345,366,378,131,171,46,72,72,82,82,112,112,138,138,138],"floor_reached":51,"playtime":2692,"items_purged":["Strike_G","Strike_G","Strike_G"],"score":1374,"play_id":"fcea4fb1-98c5-4c9f-9dcb-4a2addfeea0a","local_time":"20210102174140","is_ascension_mode":true,"campfire_choices":[{"data":"After Image","floor":7.0,"key":"SMITH"},{"data":"Crippling Poison","floor":10.0,"key":"SMITH"},{"floor":15.0,"key":"REST"},{"data":"Neutralize","floor":24.0,"key":"SMITH"},{"floor":32.0,"key":"REST"},{"data":"Envenom","floor":45.0,"key":"SMITH"},{"data":"Accuracy","floor":47,"key":"SMITH"},{"data":"Footwork","floor":49,"key":"SMITH"}],"circlet_count":0,"master_deck":["AscendersBane","Strike_G","Strike_G+1","Defend_G","Defend_G","Defend_G","Defend_G","Defend_G","Survivor","Neutralize+1","Leg Sweep","Slice+1","Backstab+1","Crippling Poison+1","After Image+1","Poisoned Stab+1","Escape Plan","Underhanded Strike+1","Dagger Spray+1","Venomology","Slice+1","Slice+1","Dagger Throw+1","Infinite Blades","Masterful Stab+1","Heel Hook+1","Blade Dance","PiercingWail","Dash+1","Footwork+1","Footwork+1","Footwork+1","Envenom+1","Blade Dance+1","After Image+1","Choke+1","Accuracy+1","Parasite"],"relics":["Ring of the Snake","Bag of Preparation","Nunchaku","Molten Egg 2","Mercury Hourglass","Whetstone","Tiny Chest","WristBlade","Calipers","Toy Ornithopter","CeramicFish","Red Mask","Art of War","Philosopher\u0027s Stone","Bag of Marbles","Bottled Lightning","Eternal Feather","Regal Pillow"],"acts_visited":["Exordium","TheCity","TheBeyond"],"potions_floor_usage":[46,50],"damage_taken":[{"damage":6.0,"enemies":"Jaw Worm","floor":1.0,"turns":6.0},{"damage":4.0,"enemies":"Cultist","floor":2.0,"turns":7.0},{"damage":12.0,"enemies":"Gremlin Nob","floor":6.0,"turns":4.0},{"damage":4.0,"enemies":"Lagavulin","floor":8.0,"turns":7.0},{"damage":0.0,"enemies":"Small Slimes","floor":11.0,"turns":1.0},{"damage":6.0,"enemies":"Exordium Wildlife","floor":12.0,"turns":3.0},{"damage":9.0,"enemies":"Gremlin Nob","floor":13.0,"turns":4.0},{"damage":4.0,"enemies":"Exordium Thugs","floor":14.0,"turns":3.0},{"damage":17.0,"enemies":"Hexaghost","floor":16.0,"turns":10.0},{"damage":0.0,"enemies":"3 Byrds","floor":18.0,"turns":3.0},{"damage":0.0,"enemies":"Shell Parasite","floor":19.0,"turns":3.0},{"damage":9.0,"enemies":"Snake Plant","floor":20.0,"turns":2.0},{"damage":0.0,"enemies":"Gremlin Leader","floor":23.0,"turns":2.0},{"damage":1.0,"enemies":"Book of Stabbing","floor":25.0,"turns":5.0},{"damage":7.0,"enemies":"Masked Bandits","floor":27.0,"turns":4.0},{"damage":0.0,"enemies":"Centurion and Healer","floor":28.0,"turns":8.0},{"damage":2.0,"enemies":"Chosen and Byrds","floor":29.0,"turns":3.0},{"damage":9.0,"enemies":"Snecko","floor":31.0,"turns":5.0},{"damage":18.0,"enemies":"Automaton","floor":33.0,"turns":11.0},{"damage":0.0,"enemies":"3 Shapes","floor":35.0,"turns":4.0},{"damage":0.0,"enemies":"Orb Walker","floor":37.0,"turns":3.0},{"damage":5.0,"enemies":"Jaw Worm Horde","floor":38.0,"turns":3.0},{"damage":5.0,"enemies":"Reptomancer","floor":40.0,"turns":5.0},{"damage":11.0,"enemies":"Writhing Mass","floor":42.0,"turns":6.0},{"damage":0.0,"enemies":"4 Shapes","floor":44.0,"turns":2.0},{"damage":18,"enemies":"Giant Head","floor":46,"turns":6},{"damage":72,"enemies":"Donu and Deca","floor":50,"turns":10}],"seed_played":"-2834040594248927586","potions_obtained":[{"floor":1.0,"key":"CunningPotion"},{"floor":2.0,"key":"SpeedPotion"},{"floor":6.0,"key":"Poison Potion"},{"floor":14.0,"key":"Weak Potion"},{"floor":19.0,"key":"GamblersBrew"},{"floor":20.0,"key":"DuplicationPotion"},{"floor":23.0,"key":"DistilledChaos"},{"floor":33.0,"key":"Fire Potion"},{"floor":42.0,"key":"Dexterity Potion"},{"floor":46,"key":"FairyPotion"}],"is_trial":false,"path_per_floor":["M","M","?","?","$","E","R","E","T","R","M","M","E","M","R","B",null,"M","M","M","$","?","E","R","E","T","?","M","M","T","M","R","B",null,"M","?","M","M","$","E","$","M","T","M","R","E","R","T","R","B",null],"character_chosen":"THE_SILENT","items_purchased":["Nunchaku","Backstab","Crippling Poison","Infinite Blades","Masterful Stab+1","Heel Hook+1","Blade Dance","Bag of Marbles"],"campfire_rested":2,"item_purchase_floors":[5,5,5,21,21,21,21,39],"current_hp_per_floor":[53,49,49,49,49,37,37,33,33,33,33,27,18,14,32,15,49,49,49,40,40,40,40,40,39,39,37,37,35,35,31,49,41,55,55,55,55,50,50,50,50,49,49,49,49,36,57,57,60,18],"gold":138,"neow_bonus":"TWO_FIFTY_GOLD","is_daily":false,"chose_seed":false,"campfire_upgraded":6,"win_rate":0.0,"timestamp":1609598500,"path_taken":["M","M","?","?","$","E","R","E","T","R","?","M","E","M","R","BOSS","M","M","M","$","?","E","R","E","T","?","M","?","?","M","R","BOSS","M","?","?","M","?","E","$","M","T","M","R","E","R","?","R","BOSS"],"items_purchased_type":["Relic","Card","Card","Card","Card","Card","Card","Relic"],"build_version":"2020-12-22","purchased_purges":3,"victory":true,"max_hp_per_floor":[60,60,60,60,60,60,60,60,60,60,60,60,60,60,60,60,60,60,60,60,60,60,60,60,60,60,60,60,60,60,60,60,60,60,60,60,60,60,60,60,60,60,60,60,60,60,60,60,60,60],"relic_stats":{"Regal Pillow":0,"counters":[27,129],"CeramicFish":81,"Eternal Feather":24,"Bag of Preparation":[50],"Whetstone":["Backstab","Strike_G"],"Mercury Hourglass":[388],"Nunchaku":[32],"Tiny Chest":2,"Art of War":[1],"obtain_stats":[{"Regal Pillow":48,"Calipers":23,"CeramicFish":26,"Eternal Feather":46,"Bag of Preparation":4,"Whetstone":9,"Mercury Hourglass":8,"Nunchaku":5,"WristBlade":17,"Molten Egg 2":6,"Tiny Chest":13,"Philosopher\u0027s Stone":34,"Red Mask":27,"Art of War":30,"Bag of Marbles":39,"Bottled Lightning":40,"Toy Ornithopter":25,"Ring of the Snake":0},{"Regal Pillow":26,"Calipers":13,"CeramicFish":14,"Eternal Feather":26,"Bag of Preparation":2,"Whetstone":4,"Mercury Hourglass":4,"Nunchaku":2,"WristBlade":9,"Molten Egg 2":3,"Tiny Chest":7,"Philosopher\u0027s Stone":19,"Red Mask":15,"Art of War":17,"Bag of Marbles":22,"Bottled Lightning":23,"Toy Ornithopter":14,"Ring of the Snake":0},{"Regal Pillow":119,"Calipers":55,"CeramicFish":60,"Eternal Feather":119,"Bag of Preparation":13,"Whetstone":24,"Mercury Hourglass":24,"Nunchaku":13,"WristBlade":45,"Molten Egg 2":17,"Tiny Chest":32,"Philosopher\u0027s Stone":91,"Red Mask":64,"Art of War":75,"Bag of Marbles":100,"Bottled Lightning":105,"Toy Ornithopter":60,"Ring of the Snake":0}],"Toy Ornithopter":45,"Ring of the Snake":[54]},"card_choices":[{"not_picked":["Bane","Noxious Fumes"],"picked":"Leg Sweep","floor":1.0},{"not_picked":["Quick Slash","Catalyst"],"picked":"Slice","floor":2.0},{"not_picked":["Leg Sweep","Cloak And Dagger"],"picked":"After Image","floor":6.0},{"not_picked":["PiercingWail","Expertise"],"picked":"Poisoned Stab+1","floor":8.0},{"not_picked":["Quick Slash+1","Expertise"],"picked":"Escape Plan","floor":11.0},{"not_picked":["Setup","Acrobatics"],"picked":"Underhanded Strike+1","floor":12.0},{"not_picked":["Sucker Punch+1","Bouncing Flask","Predator+1"],"picked":"SKIP","floor":13.0},{"not_picked":["PiercingWail","Deflect"],"picked":"Dagger Spray+1","floor":14.0},{"not_picked":["Grand Finale+1","After Image"],"picked":"Venomology","floor":16.0},{"not_picked":["Deflect+1","Skewer+1"],"picked":"Slice+1","floor":18.0},{"not_picked":["Deadly Poison","Choke+1"],"picked":"Slice+1","floor":19.0},{"not_picked":["Infinite Blades","Bane+1"],"picked":"Dagger Throw+1","floor":20.0},{"not_picked":["Acrobatics","Leg Sweep"],"picked":"PiercingWail","floor":23.0},{"not_picked":["Calculated Gamble","Outmaneuver"],"picked":"Dash+1","floor":25.0},{"not_picked":["PiercingWail+1","Quick Slash+1"],"picked":"Footwork","floor":28.0},{"not_picked":["Cloak And Dagger","Sucker Punch+1"],"picked":"Footwork+1","floor":29.0},{"not_picked":["Bane+1","Poisoned Stab+1"],"picked":"Footwork+1","floor":31.0},{"not_picked":["Wraith Form v2","Doppelganger"],"picked":"Envenom","floor":33.0},{"not_picked":["Dodge and Roll","Backflip"],"picked":"Blade Dance+1","floor":35.0},{"not_picked":["Outmaneuver","Sucker Punch+1"],"picked":"Choke+1","floor":37.0},{"not_picked":["Slice+1","Well Laid Plans","Blade Dance"],"picked":"SKIP","floor":38.0},{"not_picked":["Infinite Blades+1","Leg Sweep"],"picked":"Accuracy","floor":40.0},{"not_picked":["Dodge and Roll","Underhanded Strike+1","Deflect"],"picked":"SKIP","floor":42.0},{"not_picked":["Outmaneuver","Riddle With Holes+1","Dagger Spray+1"],"picked":"SKIP","floor":44.0},{"not_picked":["Outmaneuver","Tactician","Quick Slash+1"],"picked":"SKIP","floor":46}],"player_experience":493389,"relics_obtained":[{"floor":6.0,"key":"Molten Egg 2"},{"floor":8.0,"key":"Mercury Hourglass"},{"floor":9.0,"key":"Whetstone"},{"floor":13.0,"key":"Tiny Chest"},{"floor":23.0,"key":"Calipers"},{"floor":25.0,"key":"Toy Ornithopter"},{"floor":26.0,"key":"CeramicFish"},{"floor":27.0,"key":"Red Mask"},{"floor":30.0,"key":"Art of War"},{"floor":40.0,"key":"Bottled Lightning"},{"floor":46,"key":"Eternal Feather"},{"floor":48,"key":"Regal Pillow"}],"event_choices":[{"damage_healed":0.0,"max_hp_gain":0.0,"max_hp_loss":0.0,"gold_gain":0.0,"event_name":"Living Wall","player_choice":"Grow","floor":3.0,"gold_loss":0.0,"damage_taken":0.0,"cards_upgraded":["Slice"]},{"damage_healed":0.0,"max_hp_gain":0.0,"max_hp_loss":0.0,"gold_gain":0.0,"event_name":"WeMeetAgain","player_choice":"Gave Potion","floor":4.0,"gold_loss":0.0,"damage_taken":0.0,"relics_obtained":["Bag of Preparation"]},{"damage_healed":0.0,"max_hp_gain":0.0,"max_hp_loss":0.0,"gold_gain":0.0,"event_name":"Ghosts","player_choice":"Ignored","floor":22.0,"gold_loss":0.0,"damage_taken":0.0},{"damage_healed":0.0,"max_hp_gain":0.0,"max_hp_loss":0.0,"gold_gain":0.0,"event_name":"Masked Bandits","player_choice":"Fought Bandits","floor":27.0,"gold_loss":0.0,"damage_taken":0.0},{"damage_healed":0.0,"max_hp_gain":0.0,"max_hp_loss":0.0,"gold_gain":0.0,"event_name":"Duplicator","player_choice":"Copied","floor":36.0,"gold_loss":0.0,"damage_taken":0.0,"cards_obtained":["After Image"]}],"is_beta":false,"boss_relics":[{"not_picked":["Black Star","Ring of the Serpent"],"picked":"WristBlade"},{"not_picked":["Runic Dome","Busted Crown"],"picked":"Philosopher\u0027s Stone"}],"items_purged_floors":[5,39,41],"is_endless":false,"potions_floor_spawned":[1,2,6,14,19,20,23,33,40,42,46],"ascension_level":15}}