{"host":"wbdly04l9mkn9nrc","time":1609560328,"event":{"mods":["AchievementEnabler","BaseMod","BetterRewards","Minty Spire (QoL Compilation)","StSLib","[IsaacMod]ÒÔÈö¼âËþ"],"gold_per_floor":[110,130,280,149,167,167,180,180,180,180,180,220,57,57,57,165,165,179,104,41,64,107,107,132,132,214,254,268,324,337,357,357,450,450,475,475,475,193,193,193,213,251,275,289,330,310,532,552,552,559],"floor_reached":51,"playtime":2614,"items_purged":["Strike_G","Doubt","Strike_G","Defend_G"],"score":2208,"play_id":"354912c7-dc30-4f05-a87e-73687fa8ff6d","local_time":"20210102120528","is_ascension_mode":true,"campfire_choices":[{"data":"Infinite Blades","floor":6.0,"key":"SMITH"},{"data":"Catalyst","floor":8.0,"key":"SMITH"},{"data":"Dagger Spray","floor":10.0,"key":"SMITH"},{"data":"After Image","floor":15.0,"key":"SMITH"},{"data":"Wraith Form v2","floor":23.0,"key":"SMITH"},{"data":"Cloak And Dagger","floor":32.0,"key":"SMITH"},{"data":"Accuracy","floor":40,"key":"SMITH"},{"data":"Neutralize","floor":49,"key":"SMITH"}],"circlet_count":0,"master_deck":["AscendersBane","Strike_G","Strike_G","Defend_G","Defend_G","Defend_G","Survivor","Neutralize+1","BettingIsNotGood","Finisher","Acrobatics","Backflip","Infinite Blades+1","Accuracy+1","Catalyst+1","Cloak And Dagger+1","Blade Dance","Dagger Spray+1","After Image+1","Bouncing Flask","Wraith Form v2+1","Blur+1","Expertise+1","Phantasmal Killer","Prepared+1","Flying Knee","Chrysalis","Thinking Ahead","Finisher","Bane+1"],"relics":["Ring of the Serpent","HushsDoor","SteamSale","Bag of Preparation","Juzu Bracelet","OrangePellets","MoneyPower","BelialBook","EdensBlessing","Vajra","TwistedFunnel","Mummified Hand","Kunai","D6","Lee\u0027s Waffle","Singing Bowl","Golden Idol","Anchor","MagicMushroom","Red Mask","Mercury Hourglass","PunchingBag","Paper Crane","SalivaCoin","The Courier","Bronze Scales","Darkstone Periapt"],"acts_visited":["Exordium","TheCity","TheBeyond"],"potions_floor_usage":[50],"damage_taken":[{"damage":0.0,"enemies":"Small Slimes","floor":1.0,"turns":3.0},{"damage":0.0,"enemies":"Jaw Worm","floor":2.0,"turns":3.0},{"damage":6.0,"enemies":"2 Louse","floor":5.0,"turns":3.0},{"damage":0.0,"enemies":"2 Fungi Beasts","floor":7.0,"turns":2.0},{"damage":0.0,"enemies":"Slime Boss","floor":16.0,"turns":8.0},{"damage":0.0,"enemies":"2 Thieves","floor":18.0,"turns":3.0},{"damage":0.0,"enemies":"3 Byrds","floor":21.0,"turns":2.0},{"damage":0.0,"enemies":"Masked Bandits","floor":22.0,"turns":3.0},{"damage":0.0,"enemies":"Snake Plant","floor":24.0,"turns":3.0},{"damage":0.0,"enemies":"Gremlin Leader","floor":27.0,"turns":3.0},{"damage":0.0,"enemies":"Snecko","floor":28.0,"turns":2.0},{"damage":0.0,"enemies":"Book of Stabbing","floor":29.0,"turns":3.0},{"damage":0.0,"enemies":"3 Cultists","floor":30.0,"turns":2.0},{"damage":3.0,"enemies":"Cultist and Chosen","floor":31.0,"turns":3.0},{"damage":0.0,"enemies":"Champ","floor":33.0,"turns":6.0},{"damage":0.0,"enemies":"3 Shapes","floor":35.0,"turns":2.0},{"damage":0,"enemies":"Orb Walker","floor":41,"turns":2},{"damage":0,"enemies":"Nemesis","floor":42,"turns":3},{"damage":0,"enemies":"Maw","floor":44,"turns":5},{"damage":0,"enemies":"Reptomancer","floor":45,"turns":5},{"damage":1,"enemies":"Transient","floor":48,"turns":6},{"damage":1,"enemies":"Donu and Deca","floor":50,"turns":5}],"seed_played":"5596558469963425652","potions_obtained":[{"floor":5.0,"key":"Explosive Potion"},{"floor":16.0,"key":"ColorlessPotion"},{"floor":22.0,"key":"Poison Potion"},{"floor":35.0,"key":"CunningPotion"},{"floor":46,"key":"LiquidMemories"}],"is_trial":false,"path_per_floor":["M","M","?","$","M","R","M","R","T","R","?","?","$","?","R","B",null,"M","?","$","M","?","R","M","?","T","E","M","E","M","M","R","B",null,"M","?","?","$","?","R","M","E","T","M","E","?","?","M","R","B",null],"character_chosen":"THE_SILENT","items_purchased":["Bag of Preparation","Juzu Bracelet","Finisher","Acrobatics","Backflip","OrangePellets","BelialBook","Infinite Blades","Vajra","TwistedFunnel","Mummified Hand","Accuracy","Catalyst","Kunai","Noxious Fumes","Lee\u0027s Waffle","Anchor","After Image","SalivaCoin","Flying Knee","Chrysalis"],"campfire_rested":0,"item_purchase_floors":[0,0,0,0,0,0,0,0,0,0,0,0,0,0,0,4,13,13,38,38,38],"current_hp_per_floor":[18,18,18,73,67,67,67,67,67,67,66,51,51,51,51,51,69,70,70,70,73,76,76,79,79,79,81,83,83,85,84,84,87,87,87,74,74,74,74,74,75,78,78,79,82,82,82,84,84,84],"gold":559,"neow_bonus":"","is_daily":false,"chose_seed":false,"campfire_upgraded":8,"win_rate":0.0,"timestamp":1609560328,"path_taken":["M","M","?","$","M","R","M","R","T","R","?","?","$","?","R","BOSS","M","?","$","M","?","R","M","?","T","E","M","E","M","M","R","BOSS","M","?","?","$","?","R","M","E","T","M","E","?","?","M","R","BOSS"],"items_purchased_type":["Relic","Relic","Card","Card","Card","Relic","Relic","Card","Relic","Relic","Relic","Card","Card","Relic","Card","Relic","Relic","Card","Relic","Card","Card"],"build_version":"2020-12-22","purchased_purges":4,"victory":true,"max_hp_per_floor":[66,66,66,73,73,73,73,73,73,73,66,66,66,66,66,66,73,73,73,73,75,77,77,79,79,79,81,83,83,85,87,87,87,87,87,87,87,87,87,87,87,89,89,89,91,91,91,93,93,93],"card_choices":[{"not_picked":[],"picked":"BettingIsNotGood","floor":0.0},{"not_picked":["Skewer","Prepared"],"picked":"Cloak And Dagger","floor":1.0},{"not_picked":["Sucker Punch","Skewer","Cloak And Dagger"],"picked":"SKIP","floor":2.0},{"not_picked":["Backflip","Setup"],"picked":"Blade Dance","floor":5.0},{"not_picked":["Distraction","Catalyst"],"picked":"Dagger Spray","floor":7.0},{"not_picked":["Burst","Doppelganger"],"picked":"Wraith Form v2","floor":16.0},{"not_picked":["Dodge and Roll","Cloak And Dagger"],"picked":"Blur+1","floor":18.0},{"not_picked":["PiercingWail","Riddle With Holes","Backflip"],"picked":"Singing Bowl","floor":21.0},{"not_picked":["Reflex","Prepared","Skewer"],"picked":"Singing Bowl","floor":22.0},{"not_picked":["Prepared","Concentrate+1","Corpse Explosion"],"picked":"Singing Bowl","floor":24.0},{"not_picked":["Bouncing Flask","Expertise","Dagger Spray+1"],"picked":"Singing Bowl","floor":27.0},{"not_picked":["Slice","Endless Agony","PiercingWail"],"picked":"Singing Bowl","floor":28.0},{"not_picked":["Leg Sweep","Infinite Blades"],"picked":"Expertise+1","floor":29.0},{"not_picked":["Acrobatics","Reflex","Bane"],"picked":"SKIP","floor":30.0},{"not_picked":["Acrobatics","Reflex","Bane"],"picked":"Singing Bowl","floor":30.0},{"not_picked":["Deadly Poison","Leg Sweep","Quick Slash"],"picked":"Singing Bowl","floor":31.0},{"not_picked":["Burst","Tools of the Trade"],"picked":"Phantasmal Killer","floor":33.0},{"not_picked":["Sucker Punch","PiercingWail+1"],"picked":"Prepared+1","floor":35.0},{"not_picked":["Madness","Forethought"],"picked":"Thinking Ahead","floor":39},{"not_picked":["Slice","Blur"],"picked":"Finisher","floor":41},{"not_picked":["PiercingWail","Dodge and Roll+1","Backflip"],"picked":"Singing Bowl","floor":42},{"not_picked":["Skewer+1","Calculated Gamble"],"picked":"Bane+1","floor":44},{"not_picked":["Poisoned Stab","Deflect","Dodge and Roll"],"picked":"Singing Bowl","floor":45},{"not_picked":["Poisoned Stab","Dodge and Roll","Deflect"],"picked":"Singing Bowl","floor":48}],"player_experience":180398,"relics_obtained":[{"floor":9.0,"key":"Singing Bowl"},{"floor":22.0,"key":"Red Mask"},{"floor":26.0,"key":"Mercury Hourglass"},{"floor":27.0,"key":"PunchingBag"},{"floor":29.0,"key":"Paper Crane"},{"floor":42,"key":"The Courier"},{"floor":43,"key":"Bronze Scales"},{"floor":45,"key":"Darkstone Periapt"}],"event_choices":[{"damage_healed":0.0,"max_hp_gain":0.0,"max_hp_loss":0.0,"gold_gain":150.0,"event_name":"Liars Game","player_choice":"AGREE","floor":3.0,"gold_loss":0.0,"damage_taken":0.0,"cards_obtained":["Doubt"]},{"damage_healed":0.0,"max_hp_gain":0.0,"max_hp_loss":7.0,"gold_gain":0.0,"event_name":"Golden Idol","player_choice":"Lose Max HP","floor":11.0,"gold_loss":0.0,"damage_taken":0.0,"relics_obtained":["Golden Idol"]},{"damage_healed":0.0,"max_hp_gain":0.0,"max_hp_loss":0.0,"gold_gain":0.0,"cards_transformed":["Strike_G"],"event_name":"Living Wall","player_choice":"Change","floor":14.0,"gold_loss":0.0,"damage_taken":0.0,"cards_obtained":["Bouncing Flask"]},{"cards_removed":["Defend_G"],"damage_healed":0.0,"max_hp_gain":0.0,"max_hp_loss":0.0,"gold_gain":0.0,"event_name":"Beggar","player_choice":"Gave Gold","floor":19.0,"gold_loss":75.0,"damage_taken":0.0},{"damage_healed":0.0,"max_hp_gain":0.0,"max_hp_loss":0.0,"gold_gain":0.0,"event_name":"Masked Bandits","player_choice":"Fought Bandits","floor":22.0,"gold_loss":0.0,"damage_taken":0.0},{"damage_healed":0.0,"max_hp_gain":0.0,"max_hp_loss":0.0,"gold_gain":0.0,"event_name":"Vampires","player_choice":"Ignored","floor":25.0,"gold_loss":0.0,"damage_taken":0.0},{"damage_healed":0.0,"max_hp_gain":0.0,"max_hp_loss":0.0,"gold_gain":0.0,"event_name":"Wheel of Change","player_choice":"Damaged","floor":36.0,"gold_loss":0.0,"damage_taken":13.0},{"cards_removed":["Noxious Fumes"],"damage_healed":0.0,"max_hp_gain":0.0,"max_hp_loss":0.0,"gold_gain":0.0,"event_name":"Falling","player_choice":"Removed Power","floor":37.0,"gold_loss":0.0,"damage_taken":0.0},{"damage_healed":0,"gold_gain":0,"player_choice":"Memory 1","damage_taken":0,"max_hp_gain":0,"max_hp_loss":0,"event_name":"SensoryStone","floor":39,"gold_loss":0},{"damage_healed":0,"gold_gain":0,"player_choice":"Bought 1 Potion","damage_taken":0,"max_hp_gain":0,"max_hp_loss":0,"event_name":"The Woman in Blue","floor":46,"gold_loss":0},{"damage_healed":0,"gold_gain":222,"player_choice":"Wore Mask","damage_taken":0,"max_hp_gain":0,"max_hp_loss":0,"event_name":"Tomb of Lord Red Mask","floor":47,"gold_loss":0}],"is_beta":false,"boss_relics":[{"not_picked":["ChampionBelt","HoveringKite"],"picked":"MagicMushroom"},{"not_picked":[]},{"not_picked":["Empty Cage","Sozu"],"picked":"Ring of the Serpent"},{"not_picked":[]}],"items_purged_floors":[0,4,20,38],"is_endless":false,"potions_floor_spawned":[5,16,22,27,29,30,35,41],"ascension_level":18}}