{"host":"d4km6p8r92tm3vpl","time":1609563985,"event":{"mods":["AchievementEnabler","BaseMod","Colored Map","Colored Powertips","DeckTracker","Minty Spire (QoL Compilation)","Relic Stats","StSLib"],"gold_per_floor":[112,127,145,195,160,189,189,218,218,243,258,98,98,98,98,189,189,208,208,208,108,31,31,60,80,80,134,134,2,36,50,50,127,127,137,148,165,184,184,210,210,9,35,48,66,78,90,119,119,119,119,119,1,27,27,27],"floor_reached":55,"playtime":2347,"items_purged":["Strike_R","Strike_R"],"score":1387,"play_id":"3b2fb738-edca-467a-9ca2-bc11ab0990e9","local_time":"20210102000625","is_ascension_mode":true,"campfire_choices":[{"data":"Uppercut","floor":7.0,"key":"SMITH"},{"data":"Feel No Pain","floor":13.0,"key":"SMITH"},{"data":"Burning Pact","floor":15.0,"key":"SMITH"},{"data":"Sever Soul","floor":23.0,"key":"SMITH"},{"data":"Spot Weakness","floor":28.0,"key":"SMITH"},{"data":"Warcry","floor":32.0,"key":"SMITH"},{"data":"Clothesline","floor":41.0,"key":"SMITH"},{"floor":49,"key":"RECALL"},{"floor":52,"key":"REST"}],"circlet_count":0,"master_deck":["AscendersBane","Defend_R","Defend_R","Defend_R","Defend_R","Bash","Clothesline+1","Sever Soul+1","Uppercut+1","Burning Pact+1","Spot Weakness+1","Shrug It Off","Feel No Pain+1","Cleave","Corruption","Dark Embrace","Havoc","Bloodletting","Armaments","Warcry+1","Barricade","Impervious+1","Second Wind+1","Armaments+1","Flame Barrier","Metallicize","Reckless Charge","Pommel Strike","Evolve+1","Parasite","Shockwave","Infernal Blade","Burning Pact","Dual Wield"],"relics":["Snecko Eye","Happy Flower","Singing Bowl","Toy Ornithopter","Blood Vial","Bloody Idol","Busted Crown","Mango","The Courier","Akabeko","Anchor","Astrolabe","Strawberry","Bottled Flame","Shuriken"],"acts_visited":["Exordium","TheCity","TheBeyond","TheEnding"],"potions_floor_usage":[55,55],"damage_taken":[{"damage":0.0,"enemies":"Cultist","floor":1.0,"turns":2.0},{"damage":11.0,"enemies":"Small Slimes","floor":2.0,"turns":4.0},{"damage":3.0,"enemies":"2 Louse","floor":3.0,"turns":2.0},{"damage":8.0,"enemies":"Gremlin Nob","floor":6.0,"turns":3.0},{"damage":5.0,"enemies":"Lagavulin","floor":8.0,"turns":3.0},{"damage":10.0,"enemies":"3 Sentries","floor":10.0,"turns":5.0},{"damage":4.0,"enemies":"Exordium Wildlife","floor":11.0,"turns":3.0},{"damage":55.0,"enemies":"Slime Boss","floor":16.0,"turns":9.0},{"damage":14.0,"enemies":"2 Thieves","floor":18.0,"turns":3.0},{"damage":10.0,"enemies":"Book of Stabbing","floor":24.0,"turns":4.0},{"damage":31.0,"enemies":"3 Byrds","floor":25.0,"turns":4.0},{"damage":6.0,"enemies":"Gremlin Leader","floor":30.0,"turns":5.0},{"damage":3.0,"enemies":"Centurion and Healer","floor":31.0,"turns":4.0},{"damage":48.0,"enemies":"Collector","floor":33.0,"turns":9.0},{"damage":3.0,"enemies":"Orb Walker","floor":35.0,"turns":3.0},{"damage":3.0,"enemies":"3 Darklings","floor":36.0,"turns":4.0},{"damage":6.0,"enemies":"Writhing Mass","floor":37.0,"turns":5.0},{"damage":3.0,"enemies":"Spire Growth","floor":38.0,"turns":5.0},{"damage":0.0,"enemies":"Giant Head","floor":40.0,"turns":8.0},{"damage":3,"enemies":"4 Shapes","floor":44,"turns":7},{"damage":3,"enemies":"3 Darklings","floor":45,"turns":4},{"damage":3,"enemies":"Writhing Mass","floor":46,"turns":4},{"damage":3,"enemies":"4 Shapes","floor":47,"turns":5},{"damage":3,"enemies":"Reptomancer","floor":48,"turns":7},{"damage":84,"enemies":"Awakened One","floor":50,"turns":16},{"damage":75,"enemies":"Shield and Spear","floor":54,"turns":7},{"damage":63,"enemies":"The Heart","floor":55,"turns":3}],"seed_played":"7227821648263911760","potions_obtained":[{"floor":3.0,"key":"SneckoOil"},{"floor":6.0,"key":"ColorlessPotion"},{"floor":16.0,"key":"BlessingOfTheForge"},{"floor":18.0,"key":"ElixirPotion"},{"floor":25.0,"key":"Block Potion"},{"floor":36.0,"key":"Ancient Potion"}],"is_trial":false,"path_per_floor":["M","M","M","?","?","E","R","E","T","E","M","$","R","?","R","B",null,"M","?","?","$","$","R","E","M","T","T","R","$","E","M","R","B",null,"M","M","M","M","?","E","R","$","T","M","M","M","M","E","R","B",null,"R","$","E","B"],"character_chosen":"IRONCLAD","items_purchased":["Feel No Pain","Cleave","Dark Embrace","Havoc","Bloodletting","Armaments","Metallicize","SpeedPotion","Reckless Charge","Pommel Strike","Infernal Blade","Burning Pact"],"campfire_rested":1,"item_purchase_floors":[12,12,22,29,29,29,42,42,42,42,53,53],"current_hp_per_floor":[72,61,58,58,78,70,70,65,65,57,55,55,55,55,55,7,59,54,54,54,54,54,54,67,43,43,48,48,48,49,53,53,17,75,79,85,93,97,97,107,107,107,107,109,109,111,113,113,113,29,92,113,113,43,0,0],"gold":27,"neow_bonus":"BOSS_RELIC","is_daily":false,"chose_seed":false,"campfire_upgraded":7,"win_rate":0.0,"timestamp":1609563985,"path_taken":["M","?","M","?","?","E","R","E","T","E","M","?","R","?","R","BOSS","M","?","?","?","$","R","E","?","T","?","R","$","E","M","R","BOSS","M","M","M","M","?","E","R","$","T","M","M","?","M","E","R","BOSS","R","$","E","BOSS"],"items_purchased_type":["Card","Card","Card","Card","Card","Card","Card","Potion","Card","Card","Card","Card"],"build_version":"2020-12-22","purchased_purges":2,"victory":false,"max_hp_per_floor":[80,80,80,80,80,80,80,80,80,82,82,82,82,76,76,76,76,78,78,78,78,78,78,94,94,94,94,94,94,94,94,94,94,94,94,96,98,98,98,107,107,107,107,109,109,111,113,113,113,113,113,113,113,113,113,113],"relic_stats":{"Blood Vial":27,"Busted Crown":34,"Happy Flower":[42],"Singing Bowl":18,"counters":[27,138],"Shuriken":[0],"Bloody Idol":70,"Astrolabe":["Impervious","Second Wind","Armaments"],"Snecko Eye":[320,284,284,304],"obtain_stats":[{"Happy Flower":6,"Singing Bowl":8,"Golden Idol":14,"Astrolabe":34,"Mango":24,"The Courier":26,"Burning Blood":0,"Akabeko":27,"Blood Vial":10,"Anchor":30,"Bottled Flame":48,"Busted Crown":17,"Shuriken":54,"Bloody Idol":20,"Strawberry":40,"Snecko Eye":0,"Toy Ornithopter":9},{"Happy Flower":4,"Singing Bowl":5,"Golden Idol":7,"Astrolabe":14,"Mango":10,"The Courier":11,"Burning Blood":0,"Akabeko":11,"Blood Vial":6,"Anchor":12,"Bottled Flame":24,"Busted Crown":8,"Shuriken":26,"Bloody Idol":9,"Strawberry":19,"Snecko Eye":0,"Toy Ornithopter":5},{"Happy Flower":11,"Singing Bowl":14,"Golden Idol":22,"Astrolabe":60,"Mango":38,"The Courier":42,"Burning Blood":0,"Akabeko":42,"Blood Vial":19,"Anchor":47,"Bottled Flame":112,"Busted Crown":31,"Shuriken":135,"Bloody Idol":34,"Strawberry":85,"Snecko Eye":0,"Toy Ornithopter":14}],"Toy Ornithopter":30},"card_choices":[{"not_picked":["Twin Strike","Shrug It Off"],"picked":"Clothesline","floor":1.0},{"not_picked":["Havoc","Perfected Strike"],"picked":"Sever Soul","floor":2.0},{"not_picked":["Havoc","Inflame"],"picked":"Uppercut","floor":3.0},{"not_picked":["Sword Boomerang","Warcry"],"picked":"Burning Pact","floor":6.0},{"not_picked":["Fire Breathing","Battle Trance"],"picked":"Spot Weakness","floor":8.0},{"not_picked":["Searing Blow","Second Wind","Flex"],"picked":"Singing Bowl","floor":10.0},{"not_picked":["Rupture","Cleave"],"picked":"Shrug It Off","floor":11.0},{"not_picked":["Bludgeon","Barricade"],"picked":"Corruption","floor":16.0},{"not_picked":["True Grit"],"picked":"Singing Bowl","floor":18.0},{"not_picked":["Dual Wield"],"picked":"Singing Bowl","floor":24.0},{"not_picked":["Uppercut"],"picked":"SKIP","floor":25.0},{"not_picked":["Uppercut"],"picked":"SKIP","floor":30.0},{"not_picked":[],"picked":"Warcry","floor":31.0},{"not_picked":[],"picked":"Barricade","floor":33.0},{"not_picked":[],"picked":"Flame Barrier","floor":35.0},{"not_picked":["Heavy Blade+1"],"picked":"Singing Bowl","floor":36.0},{"not_picked":["Anger"],"picked":"Singing Bowl","floor":37.0},{"not_picked":[],"picked":"Clash","floor":38.0},{"not_picked":["Cleave"],"picked":"Singing Bowl","floor":40.0},{"not_picked":["Warcry+1"],"picked":"Singing Bowl","floor":44},{"not_picked":[],"picked":"Evolve+1","floor":45},{"not_picked":["Whirlwind"],"picked":"Singing Bowl","floor":46},{"not_picked":["Whirlwind"],"picked":"Singing Bowl","floor":47},{"not_picked":[],"picked":"Shockwave","floor":48},{"not_picked":[],"picked":"Dual Wield","floor":54}],"player_experience":801915,"relics_obtained":[{"floor":6.0,"key":"Happy Flower"},{"floor":8.0,"key":"Singing Bowl"},{"floor":9.0,"key":"Toy Ornithopter"},{"floor":10.0,"key":"Blood Vial"},{"floor":24.0,"key":"Mango"},{"floor":26.0,"key":"The Courier"},{"floor":27.0,"key":"Akabeko"},{"floor":30.0,"key":"Anchor"},{"floor":40.0,"key":"Strawberry"},{"floor":48,"key":"Bottled Flame"},{"floor":54,"key":"Shuriken"}],"event_choices":[{"damage_healed":0.0,"max_hp_gain":0.0,"max_hp_loss":0.0,"gold_gain":50.0,"event_name":"Golden Wing","player_choice":"Gained Gold","floor":4.0,"gold_loss":0.0,"damage_taken":0.0},{"damage_healed":20.0,"max_hp_gain":0.0,"max_hp_loss":0.0,"gold_gain":0.0,"event_name":"The Cleric","player_choice":"Healed","floor":5.0,"gold_loss":35.0,"damage_taken":0.0},{"damage_healed":0.0,"max_hp_gain":0.0,"max_hp_loss":6.0,"gold_gain":0.0,"event_name":"Golden Idol","player_choice":"Lose Max HP","floor":14.0,"gold_loss":0.0,"damage_taken":0.0,"relics_obtained":["Golden Idol"]},{"damage_healed":0.0,"max_hp_gain":0.0,"max_hp_loss":0.0,"gold_gain":0.0,"event_name":"Ghosts","player_choice":"Ignored","floor":19.0,"gold_loss":0.0,"damage_taken":0.0},{"damage_healed":0.0,"max_hp_gain":0.0,"max_hp_loss":0.0,"gold_gain":0.0,"event_name":"Forgotten Altar","player_choice":"Gave Idol","floor":20.0,"relics_lost":["Golden Idol"],"gold_loss":0.0,"damage_taken":0.0,"relics_obtained":["Bloody Idol"]},{"cards_removed":["Clash"],"damage_healed":0.0,"max_hp_gain":0.0,"max_hp_loss":0.0,"gold_gain":0.0,"event_name":"Purifier","player_choice":"Purged","floor":39.0,"gold_loss":0.0,"damage_taken":0.0}],"is_beta":false,"boss_relics":[{"not_picked":["Tiny House","Coffee Dripper"],"picked":"Busted Crown"},{"not_picked":["Fusion Hammer","Calling Bell"],"picked":"Astrolabe"}],"items_purged_floors":[12,21],"is_endless":false,"potions_floor_spawned":[3,6,16,18,25,30,36,44,45,46,47,48],"killed_by":"The Heart","ascension_level":13}}