{"host":"minbhrtlkaoly5f0","time":1609584783,"event":{"mods":["Act Like it!","BaseMod","Colored Map","Colored Powertips","Lobotomy","LobotomyExtend","Luminous","Minty Spire (QoL Compilation)","Quick Restart","StSLib"],"gold_per_floor":[113,113,113,129,129,129,142,142,142,41,52,48,48,48,48,105,105,116,135,152,163,213,213,213],"floor_reached":23,"playtime":856,"items_purged":["Defend_R"],"score":191,"play_id":"93b64b59-dece-4dd9-a4fb-9a3876f80232","local_time":"20210102185303","is_ascension_mode":false,"campfire_choices":[{"floor":6,"key":"RECALL"},{"data":"Limit Break","floor":8,"key":"SMITH"},{"floor":15,"key":"REST"}],"circlet_count":0,"master_deck":["Strike_R","Strike_R","Strike_R","Strike_R","Defend_R","Defend_R","BigBird","Shrug It Off+1","Inflame+1","Limit Break+1","Wellcheers","Perfected Strike","Mercenary","Intimidate","LittlePrince","Thunderclap","CrumblingArmor","Bludgeon","Blood for Blood+1","Shrug It Off+1","Sever Soul+1","Alriune","Body Slam","BlackArmy"],"relics":["Burning Blood","CogitoBucket","LetterFromLob","MagicBullet_r","ShedSkin_r","InkBottle","Astrolabe","SkinProphecy"],"acts_visited":["Exordium","TheCity"],"potions_floor_usage":[18,18,20],"damage_taken":[{"damage":5,"enemies":"2 Louse","floor":1,"turns":2},{"damage":0,"enemies":"Small Slimes","floor":4,"turns":2},{"damage":12,"enemies":"3 Sentries","floor":7,"turns":8},{"damage":11,"enemies":"Jaw Worm","floor":11,"turns":2},{"damage":18,"enemies":"3 Louse","floor":12,"turns":1},{"damage":16,"enemies":"Slime Boss","floor":16,"turns":4},{"damage":40,"enemies":"Shell Parasite","floor":18,"turns":3},{"damage":18,"enemies":"3 Byrds","floor":19,"turns":6},{"damage":21,"enemies":"3 Cultists","floor":20,"turns":5},{"damage":18,"enemies":"Cultist and Chosen","floor":21,"turns":5},{"damage":12,"enemies":"Slavers","floor":23,"turns":2}],"seed_played":"-9143912738837091176","potions_obtained":[{"floor":11,"key":"FearPotion"},{"floor":12,"key":"SkillPotion"},{"floor":19,"key":"EssenceOfSteel"}],"is_trial":false,"path_per_floor":["M","?","?","M","?","R","E","R","T","$","M","M","M","$","R","B",null,"M","M","M","M","?","E"],"character_chosen":"IRONCLAD","items_purchased":["Perfected Strike"],"campfire_rested":1,"item_purchase_floors":[10],"current_hp_per_floor":[80,85,55,61,61,61,55,55,55,55,50,38,38,38,63,56,85,51,38,22,9,9,0,0],"gold":213,"neow_bonus":"","is_daily":false,"chose_seed":false,"campfire_upgraded":1,"win_rate":0.0,"timestamp":1609584783,"path_taken":["M","?","?","M","?","R","E","R","T","$","?","M","M","$","R","BOSS","M","?","M","M","?","E"],"items_purchased_type":["Card"],"build_version":"2020-12-22","purchased_purges":1,"victory":false,"max_hp_per_floor":[80,85,85,85,85,85,85,85,85,85,85,85,85,85,85,85,85,85,87,89,91,91,93,93],"card_choices":[{"not_picked":["OldLady","Funeral","Bloodbath"],"picked":"Singing Bowl","floor":1},{"not_picked":["Scorched","Bloodbath"],"picked":"BigBird","floor":1},{"not_picked":["Cleave","Seeing Red"],"picked":"Shrug It Off","floor":1},{"not_picked":["OldLady","ShyLook","WallGazer"],"picked":"Singing Bowl","floor":4},{"not_picked":["OSAHOGD","WallGazer"],"picked":"Freischutz","floor":4},{"not_picked":["Infernal Blade","Iron Wave"],"picked":"Inflame","floor":4},{"not_picked":["Flex","Dark Embrace"],"picked":"Limit Break","floor":7},{"not_picked":["Murderer","ShyLook","WallGazer"],"picked":"Singing Bowl","floor":7},{"not_picked":["FairyFestival","MHz"],"picked":"Wellcheers","floor":7},{"not_picked":["Scorched","Mercenary","OSAHOGD"],"picked":"Singing Bowl","floor":11},{"not_picked":["MHz","Scorched"],"picked":"Mercenary","floor":11},{"not_picked":["Sword Boomerang","Heavy Blade"],"picked":"Intimidate","floor":11},{"not_picked":["Bloodbath","HappyTeddy","MHz"],"picked":"Singing Bowl","floor":12},{"not_picked":["MeatLantern","OldLady"],"picked":"LittlePrince","floor":12},{"not_picked":["Warcry","Ghostly Armor"],"picked":"Thunderclap","floor":12},{"not_picked":["LaLuna","FairyFestival"],"picked":"CrumblingArmor","floor":16},{"not_picked":["Fiend Fire","Juggernaut"],"picked":"Bludgeon","floor":16},{"not_picked":["Scorched","Rudolta","ShyLook"],"picked":"Singing Bowl","floor":18},{"not_picked":["Ghostly Armor+1","Clothesline","Cleave"],"picked":"SKIP","floor":18},{"not_picked":["Variant","DreamingCurrent","GreedKing"],"picked":"Singing Bowl","floor":19},{"not_picked":["FairyFestival","MeatLantern"],"picked":"Alriune","floor":19},{"not_picked":["Rupture","True Grit","Impervious"],"picked":"SKIP","floor":19},{"not_picked":["RedShoes","WallGazer","Yin"],"picked":"Singing Bowl","floor":20},{"not_picked":["Reckless Charge","True Grit"],"picked":"Body Slam","floor":20},{"not_picked":["MeatLantern","SpiderBud"],"picked":"BlackArmy","floor":21},{"not_picked":["Bludgeon","Thunderclap","Sword Boomerang"],"picked":"SKIP","floor":21}],"player_experience":11941,"relics_obtained":[{"floor":1,"key":"LetterFromLob"},{"floor":7,"key":"InkBottle"}],"event_choices":[{"damage_healed":0,"gold_gain":0,"player_choice":"Donut","damage_taken":0,"max_hp_gain":5,"max_hp_loss":0,"event_name":"Big Fish","floor":2,"gold_loss":0},{"damage_healed":0,"gold_gain":0,"player_choice":"Upgraded","damage_taken":0,"max_hp_gain":0,"max_hp_loss":0,"event_name":"Upgrade Shrine","floor":5,"gold_loss":0,"cards_upgraded":["Inflame"]},{"damage_healed":0,"gold_gain":100,"player_choice":"Bet on Murderer","damage_taken":0,"max_hp_gain":0,"max_hp_loss":0,"event_name":"The Joust","floor":22,"gold_loss":50}],"is_beta":false,"boss_relics":[{"not_picked":["Runic Cube","Runic Dome"],"picked":"Astrolabe"}],"items_purged_floors":[10],"is_endless":false,"potions_floor_spawned":[11,12,19],"killed_by":"Slavers","ascension_level":0}}