{"host":"0e3sjn8nzeyxegex","time":1609547118,"event":{"mods":["Act Like it!","AlwaysNeverKeys","BaseMod","Better Altar","Better Note","Better Sensory Stone","Better Skull","Better Third Choice","Better Vampires","Colored Map","Friendly Minions","Minty Spire (QoL Compilation)","Permanent Neow","Quick Restart","StSLib"],"gold_per_floor":[117,42,61,80,90,90,118,118,118,151,151,161,180,207,207,285,285,297,57,69,88,104,137,137,167,179,191,203,215,245,272,284,370,382,407,98,114,33,44,44,69,84,84,84,129,156,156,182,182,182],"floor_reached":51,"playtime":3763,"items_purged":["Defend_P","Defend_P"],"score":1329,"play_id":"a1882ec3-1f6f-4bf5-b1dd-515f89e2a9a4","local_time":"20210101192518","is_ascension_mode":true,"campfire_choices":[{"data":"Eruption","floor":6.0,"key":"SMITH"},{"data":"Wallop","floor":8.0,"key":"SMITH"},{"data":"DeusExMachina","floor":11.0,"key":"SMITH"},{"data":"JustLucky","floor":15.0,"key":"SMITH"},{"data":"Ragnarok","floor":24.0,"key":"SMITH"},{"data":"Wallop","floor":27.0,"key":"SMITH"},{"data":"SpiritShield","floor":32.0,"key":"SMITH"},{"data":"SpiritShield","floor":40.0,"key":"SMITH"},{"data":"Swivel","floor":44,"key":"SMITH"},{"data":"BattleHymn","floor":47,"key":"SMITH"},{"data":"SandsOfTime","floor":49,"key":"SMITH"}],"circlet_count":0,"master_deck":["AscendersBane","Strike_P","Strike_P","Strike_P","Strike_P","Eruption+1","Vigilance","CurseOfTheBell","FearNoEvil","Crescendo","Halt","ClearTheMind","Wallop+1","DeusExMachina+1","CarveReality","JustLucky+1","Establishment","CutThroughFate","Wallop+1","Wireheading","Ragnarok+1","Swivel+1","Evaluate+1","Nirvana","SpiritShield+1","Weave","Sanctity","EmptyBody+1","SpiritShield+1","EmptyBody+1","Wallop+1","JustLucky","ThirdEye+1","SandsOfTime+1","Parasite","Protect+1","BattleHymn+1","Tantrum+1"],"relics":["Calling Bell","Dead Branch","Mummified Hand","Bag of Marbles","Ginger","GoldenEye","Pear","Eternal Feather","Sozu","Nunchaku","MawBank","Bottled Lightning","Question Card","Empty Cage","Anchor","DollysMirror","The Courier","TungstenRod","Prayer Wheel","Smiling Mask","MealTicket"],"acts_visited":["Exordium","TheCity","TheBeyond"],"potions_floor_usage":[],"damage_taken":[{"damage":0.0,"enemies":"Cultist","floor":1.0,"turns":3.0},{"damage":0.0,"enemies":"Small Slimes","floor":3.0,"turns":3.0},{"damage":7.0,"enemies":"Jaw Worm","floor":4.0,"turns":2.0},{"damage":5.0,"enemies":"Exordium Wildlife","floor":5.0,"turns":4.0},{"damage":17.0,"enemies":"Lagavulin","floor":7.0,"turns":6.0},{"damage":16.0,"enemies":"Gremlin Nob","floor":10.0,"turns":3.0},{"damage":0.0,"enemies":"Large Slime","floor":12.0,"turns":3.0},{"damage":0.0,"enemies":"Looter","floor":13.0,"turns":1.0},{"damage":0.0,"enemies":"3 Sentries","floor":14.0,"turns":4.0},{"damage":15.0,"enemies":"Hexaghost","floor":16.0,"turns":6.0},{"damage":0.0,"enemies":"Spheric Guardian","floor":18.0,"turns":2.0},{"damage":9.0,"enemies":"Chosen","floor":20.0,"turns":3.0},{"damage":2.0,"enemies":"Snecko","floor":21.0,"turns":3.0},{"damage":14.0,"enemies":"Centurion and Healer","floor":22.0,"turns":4.0},{"damage":1.0,"enemies":"Book of Stabbing","floor":23.0,"turns":4.0},{"damage":23.0,"enemies":"Slavers","floor":25.0,"turns":2.0},{"damage":7.0,"enemies":"3 Cultists","floor":30.0,"turns":4.0},{"damage":0.0,"enemies":"Shelled Parasite and Fungi","floor":31.0,"turns":1.0},{"damage":45.0,"enemies":"Collector","floor":33.0,"turns":7.0},{"damage":0.0,"enemies":"Orb Walker","floor":35.0,"turns":3.0},{"damage":0.0,"enemies":"3 Shapes","floor":37.0,"turns":2.0},{"damage":28.0,"enemies":"Writhing Mass","floor":39.0,"turns":7.0},{"damage":5,"enemies":"Reptomancer","floor":41,"turns":5},{"damage":0,"enemies":"Maw","floor":42,"turns":5},{"damage":0,"enemies":"2 Orb Walkers","floor":45,"turns":4},{"damage":0,"enemies":"Nemesis","floor":46,"turns":7},{"damage":49,"enemies":"Donu and Deca","floor":50,"turns":9}],"seed_played":"-7635917939483790527","potions_obtained":[{"floor":1.0,"key":"SpeedPotion"},{"floor":3.0,"key":"LiquidMemories"},{"floor":4.0,"key":"Swift Potion"},{"floor":5.0,"key":"AttackPotion"},{"floor":10.0,"key":"Strength Potion"}],"is_trial":false,"path_per_floor":["M","$","M","M","M","R","E","R","T","E","R","M","M","E","R","B",null,"M","$","M","M","M","E","R","E","T","R","T","?","M","M","R","B",null,"M","$","M","$","M","R","E","M","T","R","?","E","R","T","R","B",null],"character_chosen":"WATCHER","items_purchased":["Wallop","Wireheading","Anchor","DollysMirror","JustLucky","SandsOfTime"],"campfire_rested":0,"item_purchase_floors":[19,19,36,36,36,38],"current_hp_per_floor":[61,61,61,54,49,49,32,32,32,26,26,26,26,26,35,20,64,64,64,55,53,39,38,53,30,30,45,45,45,38,38,56,11,61,61,61,61,61,33,54,49,49,49,70,70,70,78,78,78,29],"gold":182,"neow_bonus":"BOSS_RELIC","is_daily":false,"chose_seed":false,"campfire_upgraded":11,"win_rate":0.0,"timestamp":1609547118,"path_taken":["M","$","M","M","M","R","E","R","T","E","R","M","M","E","R","BOSS","M","$","M","M","?","E","R","E","T","R","?","?","?","M","R","BOSS","M","$","M","?","M","R","E","M","T","R","?","E","R","?","R","BOSS"],"items_purchased_type":["Card","Card","Relic","Relic","Card","Card"],"build_version":"2020-12-22","purchased_purges":2,"victory":true,"max_hp_per_floor":[68,68,68,68,68,68,68,68,68,78,78,78,78,78,78,78,78,78,78,78,78,78,78,78,78,78,78,78,78,78,78,78,78,78,78,78,78,78,78,78,78,78,78,78,78,78,78,78,78,78],"card_choices":[{"not_picked":["Study","Conclude"],"picked":"FearNoEvil","floor":1.0},{"not_picked":["ClearTheMind","EmptyMind"],"picked":"Crescendo","floor":3.0},{"not_picked":["ForeignInfluence","Sanctity"],"picked":"Halt","floor":4.0},{"not_picked":["JustLucky","DeceiveReality"],"picked":"ClearTheMind","floor":5.0},{"not_picked":["PathToVictory","FlurryOfBlows"],"picked":"Wallop","floor":7.0},{"not_picked":["LikeWater","WreathOfFlame"],"picked":"DeusExMachina","floor":10.0},{"not_picked":["SashWhip","EmptyBody","ClearTheMind"],"picked":"SKIP","floor":12.0},{"not_picked":["Crescendo","EmptyFist"],"picked":"CarveReality","floor":13.0},{"not_picked":["SashWhip","ReachHeaven"],"picked":"JustLucky","floor":14.0},{"not_picked":["Blasphemy","DeusExMachina"],"picked":"Establishment","floor":16.0},{"not_picked":["PathToVictory","BowlingBash"],"picked":"CutThroughFate","floor":18.0},{"not_picked":["EmptyBody","FollowUp"],"picked":"Ragnarok","floor":20.0},{"not_picked":["EmptyFist","Prostrate","SashWhip"],"picked":"SKIP","floor":21.0},{"not_picked":["ThirdEye","Crescendo"],"picked":"Swivel","floor":22.0},{"not_picked":["BowlingBash","PathToVictory"],"picked":"Evaluate+1","floor":23.0},{"not_picked":["Omniscience","Prostrate"],"picked":"Nirvana","floor":25.0},{"not_picked":["MentalFortress","ForeignInfluence","Fasting2"],"picked":"Sanctity","floor":30.0},{"not_picked":["CarveReality","FlurryOfBlows","Evaluate"],"picked":"EmptyBody+1","floor":31.0},{"not_picked":["ConjureBlade","Establishment","LessonLearned"],"picked":"SpiritShield","floor":33.0},{"not_picked":["Sanctity","Evaluate","FlurryOfBlows+1"],"picked":"EmptyBody+1","floor":35.0},{"not_picked":["Crescendo","TalkToTheHand+1","EmptyMind"],"picked":"ThirdEye+1","floor":37.0},{"not_picked":["PathToVictory","CutThroughFate","Prostrate","BowlingBash"],"picked":"SKIP","floor":39.0},{"not_picked":["CutThroughFate","SashWhip+1","Halt"],"picked":"Protect+1","floor":41},{"not_picked":["BowlingBash","ThirdEye","Ragnarok","ClearTheMind"],"picked":"SKIP","floor":42},{"not_picked":["WheelKick","CrushJoints+1","ReachHeaven"],"picked":"BattleHymn","floor":45},{"not_picked":["Consecrate","Indignation","JustLucky"],"picked":"Tantrum+1","floor":46}],"player_experience":1070659,"relics_obtained":[{"floor":0.0,"key":"Dead Branch"},{"floor":0.0,"key":"Mummified Hand"},{"floor":0.0,"key":"Bag of Marbles"},{"floor":7.0,"key":"Ginger"},{"floor":9.0,"key":"GoldenEye"},{"floor":10.0,"key":"Pear"},{"floor":14.0,"key":"Eternal Feather"},{"floor":23.0,"key":"Nunchaku"},{"floor":25.0,"key":"MawBank"},{"floor":26.0,"key":"Bottled Lightning"},{"floor":28.0,"key":"Question Card"},{"floor":41,"key":"The Courier"},{"floor":43,"key":"TungstenRod"},{"floor":45,"key":"Prayer Wheel"},{"floor":46,"key":"Smiling Mask"},{"floor":48,"key":"MealTicket"}],"event_choices":[{"damage_healed":0.0,"max_hp_gain":0.0,"max_hp_loss":0.0,"gold_gain":0.0,"event_name":"Match and Keep!","player_choice":"2 cards matched","floor":29.0,"gold_loss":0.0,"damage_taken":0.0,"cards_obtained":["SpiritShield","Weave"]},{"damage_healed":0,"gold_gain":0,"player_choice":"Fight","damage_taken":0,"max_hp_gain":0,"max_hp_loss":0,"event_name":"Mysterious Sphere","floor":45,"gold_loss":0}],"is_beta":false,"boss_relics":[{"not_picked":["SacredBark","SlaversCollar"],"picked":"Sozu"},{"not_picked":["Runic Pyramid","Black Star"],"picked":"Empty Cage"}],"items_purged_floors":[2,19],"is_endless":false,"potions_floor_spawned":[1,3,4,5,10,13,21,23,33,37,39,41,42,46],"ascension_level":14}}