{"host":"n900smz9wr3yo27a","time":1609599764,"event":{"mods":["Arknights The Spire","BaseMod","CapriCore","GungeonMod","Hermit","Koishi","Lobotomy","Marisa£¨Ùöéë¡¡Øª×âÞÞ£©","Minty Spire (QoL Compilation)","Prisma Mod","Replay The Spire","StSLib","Td1madao Mod","The Animator","The Bug Knight","The Cursed","The Dragon Tamer","The Gatherer","The Hierophant","The Immortal","The Jungle","The Necromancer","The Poker Player","The Runesmith","WarShipGirlsR/??á´Ò³R mod"],"gold_per_floor":[115,126,126,126,138,170,170,170,170,199,199,213,241,268,268,373,373,393,393,48,48,79,79,110,110,134,159,191,191,226,20,20,197,197,208,220,255,78,134,134,134,159,246,284,327,371,383,445,457,469,481,493,505,27,54,54],"floor_reached":57,"playtime":2674,"items_purged":["hermit:Magnum"],"score":1733,"play_id":"01b63e64-4238-4785-acb1-7a497d6f1e21","local_time":"20210103000244","daily_mods":["Draft","Vintage","Flight","DeadlyEvents","Elite Swarm"],"is_ascension_mode":false,"campfire_choices":[{"data":"hermit:BlackWind","floor":7,"key":"SMITH"},{"floor":8,"key":"REST"},{"data":"hermit:CursedWeapon","floor":11,"key":"SMITH"},{"data":"hermit:Adapt","floor":15,"key":"SMITH"},{"floor":23,"key":"REST"},{"data":"hermit:FatalDesire","floor":25,"key":"SMITH"},{"data":"hermit:Determination","floor":29,"key":"SMITH"},{"floor":32,"key":"REST"},{"data":"hermit:Determination","floor":40,"key":"SMITH"},{"data":"hermit:Quickdraw","floor":41,"key":"SMITH"},{"data":"hermit:FromBeyond","floor":47,"key":"SMITH"},{"floor":49,"key":"RECALL"},{"data":"hermit:Vantage","floor":53,"key":"SMITH"}],"circlet_count":0,"master_deck":["hermit:HighCaliber+1","hermit:Headshot","hermit:CalledShot+1","hermit:BodyArmor+1","hermit:Headshot","hermit:HighCaliber","hermit:BodyArmor+1","hermit:Malice","hermit:Deadeye","hermit:ShadowCloak+1","hermit:Quickdraw+1","hermit:CursedWeapon+1","hermit:Headshot","hermit:Dive+1","hermit:Enervate","hermit:BlackWind+1","hermit:Quickdraw+1","hermit:Adapt+1","hermit:Determination+1","hermit:RoundhouseKick","Dramatic Entrance","hermit:FatalDesire+1","hermit:DeadOrAlive","hermit:Desperado","hermit:Determination+1","hermit:Desperado+1","hermit:FromBeyond+1","hermit:Vantage+1","hermit:FromBeyond"],"relics":["hermit:Momento","replay:Trail_Library","Gremlin Food","The Courier","Replay:PocketPolymizer","Turnip","Question Card","HollowMod:QueensCombRelic","hermit:Spyglass","ReplayFunnel","hermit:BartenderGlass","Runesmith:Locket","hermit:PetGhost","Durian","Kunai","Vajra","Centennial Puzzle","Pear","Bag of Preparation","War Paint","Bottled Lightning","Velvet Choker","Runesmith:Nanobots","hermit:RyeStalk","Lee\u0027s Waffle","ReplayTheSpireMod:Shallot","MawBank","Eternal Feather","Gremlin Horn","Toy Ornithopter","Anchor","Pocketwatch","Mirror","Replay:Bottled Steam","Nunchaku"],"acts_visited":["Exordium","TheCity","TheBeyond","TheEnding"],"potions_floor_usage":[16,18,18,22,22,24,24,24,27,27,28,28,33,33,33,35,35,36,37,37,45,46,46,46,50,50,50,55,55,56,56,56,56],"damage_taken":[{"damage":2,"enemies":"Cultist","floor":1,"turns":3},{"damage":0,"enemies":"Jaw Worm","floor":2,"turns":2},{"damage":2,"enemies":"2 Louse","floor":5,"turns":2},{"damage":30,"enemies":"HollowMod:MossKnight","floor":6,"turns":5},{"damage":0,"enemies":"Replay:BlueRogue","floor":10,"turns":3},{"damage":2,"enemies":"Large Slime","floor":12,"turns":2},{"damage":4,"enemies":"Gremlin Nob","floor":13,"turns":3},{"damage":16,"enemies":"Slime Boss","floor":16,"turns":7},{"damage":3,"enemies":"2 Thieves","floor":18,"turns":3},{"damage":28,"enemies":"Gremlin Leader","floor":22,"turns":6},{"damage":25,"enemies":"Book of Stabbing","floor":24,"turns":7},{"damage":26,"enemies":"Slavers","floor":27,"turns":3},{"damage":0,"enemies":"Cultist and Chosen","floor":28,"turns":4},{"damage":9,"enemies":"Book of Stabbing","floor":30,"turns":4},{"damage":14,"enemies":"Pondfish","floor":33,"turns":7},{"damage":7,"enemies":"3 Shapes","floor":35,"turns":2},{"damage":2,"enemies":"Orb Walker","floor":36,"turns":2},{"damage":26,"enemies":"4 Shapes","floor":37,"turns":3},{"damage":0,"enemies":"Reptomancer","floor":42,"turns":4},{"damage":14,"enemies":"Nemesis","floor":44,"turns":4},{"damage":6,"enemies":"Giant Head","floor":45,"turns":6},{"damage":13,"enemies":"Reptomancer","floor":46,"turns":3},{"damage":0,"enemies":"Mind Bloom Boss Battle","floor":48,"turns":4},{"damage":49,"enemies":"Donu and Deca","floor":50,"turns":6},{"damage":27,"enemies":"Shield and Spear","floor":55,"turns":5},{"damage":17,"enemies":"The Heart","floor":56,"turns":6}],"seed_played":"1905223598142947524","potions_obtained":[{"floor":2,"key":"Elixir"},{"floor":6,"key":"Fire Potion"},{"floor":10,"key":"hermit:Tonic"},{"floor":16,"key":"hermit:BlackBile"},{"floor":22,"key":"ColorlessPotion"},{"floor":27,"key":"Reflective Coating"},{"floor":33,"key":"Toxic Potion"},{"floor":48,"key":"Energy Potion"},{"floor":55,"key":"Adrenaline Potion"}],"is_trial":true,"path_per_floor":["M","M","?","$","M","E","R","R","T","E","R","M","E","T","R","B",null,"M","?","$","?","E","R","E","R","T","E","M","R","E","$","R","B",null,"M","M","M","$","?","R","R","E","T","E","E","E","R","?","R","B",null,null,"R","$","E","B",null],"character_chosen":"HERMIT","items_purchased":["hermit:PetGhost","Durian","Bottled Lightning","Lee\u0027s Waffle","hermit:Determination","Mirror","Replay:Bottled Steam","Elixir"],"campfire_rested":3,"item_purchase_floors":[20,20,31,38,38,54,54,54],"current_hp_per_floor":[73,73,58,58,56,26,26,48,48,48,48,46,46,46,46,34,50,47,47,52,52,27,43,30,30,30,27,43,43,38,38,57,51,65,58,63,39,72,54,54,54,70,70,58,56,59,72,72,72,26,26,72,72,72,45,52],"gold":54,"neow_bonus":"","is_daily":false,"chose_seed":false,"campfire_upgraded":9,"win_rate":0.0,"timestamp":1609599764,"path_taken":["M","?","?","?","?","E","R","R","T","E","R","M","?","?","R","BOSS","M","?","$","?","?","R","E","R","T","E","M","R","E","?","R","BOSS","M","?","M","$","?","R","R","E","T","E","?","E","R","?","R","BOSS","R","$","E","BOSS"],"items_purchased_type":["Relic","Relic","Relic","Relic","Card","Relic","Relic","Potion"],"build_version":"2020-12-22","purchased_purges":1,"victory":true,"max_hp_per_floor":[75,75,75,75,75,75,75,75,75,75,75,50,50,50,50,50,50,50,50,55,55,55,55,55,55,55,65,65,65,65,65,65,65,65,65,65,65,72,72,72,72,72,72,72,72,72,72,72,72,72,72,72,72,72,72,72],"card_choices":[{"not_picked":["hermit:HoleUp","hermit:CalledShot"],"picked":"hermit:HighCaliber","floor":0},{"not_picked":["hermit:LowProfile","hermit:Coalescence"],"picked":"hermit:Headshot","floor":0},{"not_picked":["hermit:Vantage","hermit:Headshot"],"picked":"hermit:CalledShot","floor":0},{"not_picked":["hermit:Quickdraw","hermit:WideOpen"],"picked":"hermit:BodyArmor","floor":0},{"not_picked":["hermit:BodyArmor","hermit:TakeCover"],"picked":"hermit:Headshot","floor":0},{"not_picked":["hermit:Roulette","hermit:HoleUp"],"picked":"hermit:HighCaliber","floor":0},{"not_picked":["hermit:Combo","hermit:Shortfuse"],"picked":"hermit:BodyArmor","floor":0},{"not_picked":["hermit:Midnight","hermit:Combo"],"picked":"hermit:Malice","floor":0},{"not_picked":["hermit:HoleUp","hermit:CursedWeapon"],"picked":"hermit:Deadeye","floor":0},{"not_picked":["hermit:LowProfile","hermit:HighCaliber"],"picked":"hermit:ShadowCloak","floor":0},{"not_picked":["hermit:Manifest","hermit:DeadMansHand"],"picked":"hermit:Quickdraw","floor":0},{"not_picked":["hermit:Ricochet","hermit:Roulette"],"picked":"hermit:CursedWeapon","floor":0},{"not_picked":["hermit:DeadMansHand","hermit:Maintenance"],"picked":"hermit:Headshot","floor":0},{"not_picked":["hermit:Glare","hermit:Manifest"],"picked":"hermit:Dive","floor":0},{"not_picked":["hermit:ShadowCloak","hermit:WideOpen"],"picked":"hermit:Enervate","floor":0},{"not_picked":["hermit:Adapt","hermit:Gambit"],"picked":"hermit:BlackWind","floor":6},{"not_picked":["hermit:Dissolve","hermit:Purgatory","hermit:HighNoon"],"picked":"SKIP","floor":10},{"not_picked":["hermit:Gambit","hermit:HighNoon","hermit:Magnum"],"picked":"hermit:Adapt","floor":13},{"not_picked":["hermit:OverwhelmingPower","hermit:Reprieve","hermit:HighNoon"],"picked":"hermit:RoundhouseKick","floor":16},{"not_picked":["hermit:Adapt","hermit:HeroicBravado","hermit:HighNoon","hermit:Purgatory"],"picked":"SKIP","floor":22},{"not_picked":["hermit:FinalCanter","hermit:Magnum","hermit:EternalForm"],"picked":"hermit:FatalDesire","floor":24},{"not_picked":["hermit:FatalDesire","hermit:BlackWind","hermit:Reprieve"],"picked":"hermit:DeadOrAlive","floor":27},{"not_picked":["hermit:RoundhouseKick","hermit:OverwhelmingPower","hermit:Gambit","hermit:Purgatory"],"picked":"SKIP","floor":30},{"not_picked":["hermit:Vantage+1","hermit:Snipe+1","hermit:ItchyTrigger"],"picked":"hermit:Desperado+1","floor":39},{"not_picked":["hermit:Roughhouse","hermit:HighNoon","hermit:EternalForm"],"picked":"hermit:Magnum","floor":42},{"not_picked":["hermit:DeadOrAlive","hermit:BlackWind","hermit:Reprieve","hermit:FatalDesire"],"picked":"SKIP","floor":44},{"not_picked":["hermit:Magnum","hermit:OverwhelmingPower","hermit:FinalCanter","hermit:Adapt"],"picked":"SKIP","floor":45},{"not_picked":["hermit:HeroicBravado","hermit:BlackWind","hermit:FinalCanter"],"picked":"hermit:FromBeyond","floor":46},{"not_picked":["hermit:Reprieve","hermit:HighNoon","hermit:DeadOrAlive"],"picked":"hermit:FromBeyond","floor":55}],"player_experience":752579,"relics_obtained":[{"floor":1,"key":"Gremlin Food"},{"floor":2,"key":"The Courier"},{"floor":5,"key":"Replay:PocketPolymizer"},{"floor":6,"key":"Turnip"},{"floor":10,"key":"Question Card"},{"floor":12,"key":"HollowMod:QueensCombRelic"},{"floor":13,"key":"hermit:Spyglass"},{"floor":14,"key":"ReplayFunnel"},{"floor":18,"key":"Runesmith:Locket"},{"floor":22,"key":"Kunai"},{"floor":24,"key":"Vajra"},{"floor":26,"key":"Centennial Puzzle"},{"floor":27,"key":"Pear"},{"floor":28,"key":"Bag of Preparation"},{"floor":30,"key":"War Paint"},{"floor":35,"key":"Runesmith:Nanobots"},{"floor":36,"key":"hermit:RyeStalk"},{"floor":39,"key":"ReplayTheSpireMod:Shallot"},{"floor":42,"key":"MawBank"},{"floor":43,"key":"Eternal Feather"},{"floor":44,"key":"Gremlin Horn"},{"floor":45,"key":"Toy Ornithopter"},{"floor":46,"key":"Anchor"},{"floor":48,"key":"Pocketwatch"},{"floor":55,"key":"Nunchaku"}],"event_choices":[{"damage_healed":0,"gold_gain":0,"player_choice":"Entered Light","damage_taken":15,"max_hp_gain":0,"max_hp_loss":0,"event_name":"Shining Light","floor":3,"gold_loss":0,"cards_upgraded":["hermit:HighCaliber","hermit:Dive"]},{"damage_healed":0,"gold_gain":0,"player_choice":"1 cards matched","damage_taken":0,"max_hp_gain":0,"max_hp_loss":0,"event_name":"Match and Keep!","floor":21,"gold_loss":0,"cards_obtained":["Dramatic Entrance"]},{"damage_healed":0,"gold_gain":0,"player_choice":"Fight","damage_taken":0,"max_hp_gain":0,"max_hp_loss":0,"event_name":"MindBloom","floor":48,"gold_loss":0}],"is_beta":false,"boss_relics":[{"not_picked":["Coffee Dripper","Snecko Eye"],"picked":"hermit:BartenderGlass"},{"not_picked":["Honey Jar","Tiny House"],"picked":"Velvet Choker"}],"items_purged_floors":[54],"is_endless":false,"potions_floor_spawned":[2,6,10,12,16,22,27,33,35,42,45,48,55],"ascension_level":0}}