{"host":"ssbj2e5691x5ub3h","time":1609562596,"event":{"mods":["BaseMod","Duelist Mod","Minty Spire (QoL Compilation)","Quick Restart","StSLib","SuperFastMode"],"gold_per_floor":[145,155,155,155,155,180,180,145,194,208,274,274,286,310,310,386,386,386,386,386,386,386,386,386,386,386,386,386,386,386,386,386,386,386,386,386,386,386,386,386,386,285,285,235,235,235,235,185,185,185,185,185,185,135,135,135],"floor_reached":55,"playtime":2023,"items_purged":["theDuelist:Sparks","theDuelist:CastleWalls","theDuelist:CastleWalls","theDuelist:Sparks+1"],"score":1882,"play_id":"be5df881-4073-4056-b75f-dbae02a21255","local_time":"20210102024316","is_ascension_mode":true,"campfire_choices":[{"floor":7,"key":"REST"},{"floor":12,"key":"RECALL"},{"data":"theDuelist:RedRisingDragon","floor":15,"key":"SMITH"},{"floor":24,"key":"REST"},{"floor":32,"key":"REST"},{"floor":40,"key":"REST"},{"floor":49,"key":"REST"},{"floor":53,"key":"REST"}],"circlet_count":0,"master_deck":["AscendersBane","theDuelist:BabyDragon+1","theDuelist:CaveDragon+1","theDuelist:CaveDragon+1","theDuelist:LesserDragon+1","theDuelist:LesserDragon+1","theDuelist:YamataDragon+1","theDuelist:MirageDragon+1","theDuelist:RedRisingDragon+1","theDuelist:WaterDragon","theDuelist:WaterDragon","theDuelist:SeismicShockwave+1","theDuelist:CyberDragonSieger","theDuelist:MaskedDragon","theDuelist:ArmedDragon3","theDuelist:MythicWaterDragon","theDuelist:MirageDragon","theDuelist:ArmageddonDragonEmp","theDuelist:Freezadon","theDuelist:BlueDuston","theDuelist:CurseDragon","theDuelist:BlacklandFireDragon+1","theDuelist:CyberDragonCore","theDuelist:FrostflameDragon","theDuelist:Duoterion+1","theDuelist:BabyDragon"],"relics":["theDuelist:MillenniumPuzzle","theDuelist:CardPoolRelic","theDuelist:CardPoolBasicRelic","theDuelist:BoosterPackPoolRelic","theDuelist:CardPoolAddRelic","theDuelist:CardPoolMinusRelic","theDuelist:CardPoolSaveRelic","theDuelist:CardPoolOptionsRelic","theDuelist:BoosterPackTrapEgg","Oddly Smooth Stone","Ectoplasm","Regal Pillow","theDuelist:MillenniumRod","Paper Frog","Tiny House","Smiling Mask","Vajra"],"acts_visited":["Exordium","TheCity","TheBeyond","TheEnding"],"potions_floor_usage":[16,22,23,33,37,38,41,55],"damage_taken":[{"damage":8,"enemies":"Small Slimes","floor":1,"turns":2},{"damage":0,"enemies":"2 Louse","floor":2,"turns":1},{"damage":28,"enemies":"Gremlin Nob","floor":6,"turns":4},{"damage":8,"enemies":"Jaw Worm","floor":10,"turns":4},{"damage":0,"enemies":"Blue Slaver","floor":13,"turns":2},{"damage":2,"enemies":"The Guardian","floor":16,"turns":6},{"damage":0,"enemies":"Chosen","floor":18,"turns":3},{"damage":0,"enemies":"Spheric Guardian","floor":20,"turns":3},{"damage":17,"enemies":"Centurion and Healer","floor":21,"turns":4},{"damage":2,"enemies":"Snake Plant","floor":22,"turns":2},{"damage":22,"enemies":"Slavers","floor":23,"turns":6},{"damage":0,"enemies":"theDuelist:KaibaA2","floor":25,"turns":4},{"damage":10,"enemies":"Chosen and Byrds","floor":27,"turns":4},{"damage":25,"enemies":"Shelled Parasite and Fungi","floor":28,"turns":4},{"damage":0,"enemies":"Snake Plant","floor":29,"turns":3},{"damage":0,"enemies":"Cultist and Chosen","floor":30,"turns":4},{"damage":1,"enemies":"Shelled Parasite and Fungi","floor":31,"turns":4},{"damage":11,"enemies":"Collector","floor":33,"turns":3},{"damage":3,"enemies":"3 Shapes","floor":35,"turns":7},{"damage":45,"enemies":"3 Darklings","floor":37,"turns":4},{"damage":0,"enemies":"Spire Growth","floor":38,"turns":2},{"damage":1,"enemies":"Nemesis","floor":41,"turns":5},{"damage":4,"enemies":"Transient","floor":46,"turns":6},{"damage":29,"enemies":"Sphere and 2 Shapes","floor":47,"turns":6},{"damage":32,"enemies":"Awakened One","floor":50,"turns":10},{"damage":27,"enemies":"Time Eater","floor":51,"turns":9},{"damage":82,"enemies":"Shield and Spear","floor":55,"turns":3}],"seed_played":"-5549347572889973737","potions_obtained":[{"floor":6,"key":"LiquidMemories"},{"floor":13,"key":"theDuelist:ElectricPotion"},{"floor":16,"key":"theDuelist:VoidBottle"},{"floor":22,"key":"SteroidPotion"},{"floor":25,"key":"theDuelist:DragonOrbPlusBottle"},{"floor":34,"key":"theDuelist:SealedPackB"},{"floor":37,"key":"theDuelist:BigTributeBottle"},{"floor":38,"key":"theDuelist:SealedPack"},{"floor":46,"key":"SmokeBomb"}],"is_trial":false,"path_per_floor":["M","M","?","?","$","E","R","?","T","M","?","R","M","T","R","B",null,"M","?","M","M","M","E","R","E","T","M","M","M","M","M","R","B",null,"M","?","M","M","?","R","E","$","T","$","?","M","M","$","R","B","B",null,"R","$","E"],"character_chosen":"THE_DUELIST","items_purchased":["theDuelist:FrostflameDragon"],"campfire_rested":6,"item_purchase_floors":[42],"current_hp_per_floor":[62,62,62,62,62,34,57,76,76,68,68,68,68,68,68,66,74,74,74,74,57,55,33,71,71,71,61,36,36,36,35,73,62,78,75,75,30,30,30,69,68,68,68,68,68,64,35,35,74,42,15,65,82,82,0,0],"gold":135,"neow_bonus":"TEN_PERCENT_HP_BONUS","is_daily":false,"chose_seed":false,"campfire_upgraded":1,"win_rate":0.0,"timestamp":1609562596,"path_taken":["M","M","?","?","$","E","R","?","T","M","?","R","?","?","R","BOSS","M","?","?","M","?","E","R","E","T","M","M","M","M","M","R","BOSS","M","?","M","M","?","R","E","$","T","$","?","?","M","?","R","BOSS","BOSS","R","$","E"],"items_purchased_type":["Card"],"build_version":"2020-12-22","purchased_purges":4,"victory":false,"max_hp_per_floor":[77,77,77,77,77,77,77,77,77,77,77,77,77,77,77,77,77,77,77,77,77,77,77,77,77,77,77,77,77,77,77,77,77,82,82,82,82,82,82,82,82,82,82,82,82,82,82,82,82,82,82,82,82,82,82,82],"card_choices":[{"not_picked":["theDuelist:TotemDragon","theDuelist:SilverWing","theDuelist:DragonTreasure","theDuelist:ArtifactSanctum"],"picked":"SKIP","floor":1},{"not_picked":["theDuelist:CyberDinosaur","theDuelist:Sabersaurus","theDuelist:Pyrorex","theDuelist:Hydrogeddon"],"picked":"theDuelist:MirageDragon","floor":2},{"not_picked":["theDuelist:FireDarts","theDuelist:Sabersaurus","theDuelist:BlackTyranno","theDuelist:ArmedDragon3"],"picked":"theDuelist:UltraEvolutionPill","floor":6},{"not_picked":["theDuelist:BlackStego","theDuelist:CyberValley","theDuelist:DefenseZone","theDuelist:SafeZone+1"],"picked":"theDuelist:RedRisingDragon","floor":10},{"not_picked":["theDuelist:MythicWaterDragon","theDuelist:ArmageddonDragonEmp","theDuelist:HorusServant","theDuelist:GuardragonJusticia"],"picked":"theDuelist:WaterDragon","floor":13},{"not_picked":["theDuelist:SliferSky","theDuelist:DoomkaiserDragon","theDuelist:CyberDragonInfinity","theDuelist:ArmedProtectorDragon"],"picked":"theDuelist:WaterDragon","floor":16},{"not_picked":["theDuelist:MadFlameKaiju","theDuelist:SoulCharge","theDuelist:LeviaDragon","theDuelist:MiraculousDescent+1"],"picked":"theDuelist:SeismicShockwave+1","floor":18},{"not_picked":["theDuelist:SpiralSpearStrike","theDuelist:Sabersaurus","theDuelist:BlueEyes"],"picked":"SKIP","floor":20},{"not_picked":["theDuelist:Vandalgyon+1","theDuelist:DragonTreasure","theDuelist:ArtifactSanctum+1"],"picked":"theDuelist:CyberDragonSieger","floor":21},{"not_picked":["theDuelist:TwinHeadedFire","theDuelist:Hydrogeddon","theDuelist:CyberValley","theDuelist:StampingDestruction"],"picked":"theDuelist:MaskedDragon","floor":22},{"not_picked":["theDuelist:GiantRex","theDuelist:BlackVeloci","theDuelist:Destroyersaurus","theDuelist:TwinHeadedBehemoth"],"picked":"theDuelist:ArmedDragon3","floor":23},{"not_picked":["theDuelist:HorusServant","theDuelist:CyberDragonDrei","theDuelist:SauropodBrachion","theDuelist:AncientDragon"],"picked":"theDuelist:MythicWaterDragon","floor":25},{"not_picked":["theDuelist:SpiralSpearStrike+1","theDuelist:SafeZone+1","theDuelist:FireDarts+1","theDuelist:DefenseZone+1","theDuelist:DefenseDraw+1"],"picked":"SKIP","floor":27},{"not_picked":["theDuelist:BlackBrutdrago","theDuelist:SphereChaos","theDuelist:Duoterion","theDuelist:BusterBlader"],"picked":"theDuelist:MirageDragon","floor":28},{"not_picked":["theDuelist:WingedDragonRa","theDuelist:BusterBladerDDS"],"picked":"theDuelist:ArmageddonDragonEmp","floor":29},{"not_picked":["theDuelist:TrihornedDragon","theDuelist:BlackPtera","theDuelist:BarrelDragon","theDuelist:Kabazauls","theDuelist:BlackBrachios"],"picked":"SKIP","floor":30},{"not_picked":["theDuelist:BlackBrutdrago","theDuelist:CaveDragon","theDuelist:Earthquake+1","theDuelist:MadSwordBeast"],"picked":"theDuelist:Freezadon","floor":31},{"not_picked":["theDuelist:VoidOgreDragon","theDuelist:LostWorld","theDuelist:DefensiveTactics+1","theDuelist:BlasterDragonInfernos"],"picked":"theDuelist:BlueDuston","floor":33},{"not_picked":["theDuelist:MegafleetDragon+1","theDuelist:CyberDragonDrei","theDuelist:CyberValley","theDuelist:DragonRavine"],"picked":"theDuelist:CurseDragon","floor":35},{"not_picked":["theDuelist:YamataDragon","theDuelist:Earthquake+1","theDuelist:CyberValley","theDuelist:BlackPtera"],"picked":"theDuelist:BlacklandFireDragon+1","floor":37},{"not_picked":["theDuelist:JurassicImpact+1","theDuelist:DragonMirror+1","theDuelist:CyberLaserDragon","theDuelist:AutorokketDragon"],"picked":"SKIP","floor":38},{"not_picked":["theDuelist:TwinHeadedFire+1","theDuelist:FiendSkull","theDuelist:SauropodBrachion+1","theDuelist:HorusServant"],"picked":"theDuelist:CyberDragonCore","floor":41},{"not_picked":["theDuelist:MadSwordBeast+1","theDuelist:DragonPiper","theDuelist:CloudianGhost","theDuelist:ClawHermos"],"picked":"theDuelist:Duoterion+1","floor":45},{"not_picked":["theDuelist:SurvivalFittest+1","theDuelist:Scapegoat","theDuelist:OceanDragonLord+1","theDuelist:DragonMastery","theDuelist:ArmedProtectorDragon+1"],"picked":"SKIP","floor":46},{"not_picked":["theDuelist:Beatraptor+1","theDuelist:AtomicScrapDragon","theDuelist:CyberEmergency","theDuelist:BerserkerSoul"],"picked":"theDuelist:BabyDragon","floor":47}],"player_experience":310534,"relics_obtained":[{"floor":6,"key":"theDuelist:BoosterPackTrapEgg"},{"floor":14,"key":"Oddly Smooth Stone"},{"floor":23,"key":"Regal Pillow"},{"floor":25,"key":"theDuelist:MillenniumRod"},{"floor":26,"key":"Paper Frog"},{"floor":41,"key":"Smiling Mask"},{"floor":43,"key":"Vajra"}],"event_choices":[{"damage_healed":0,"gold_gain":0,"player_choice":"Ignored","damage_taken":0,"max_hp_gain":0,"max_hp_loss":0,"event_name":"Shining Light","floor":3,"gold_loss":0},{"damage_healed":0,"gold_gain":0,"player_choice":"Leave","duelist":true,"damage_taken":0,"max_hp_gain":0,"max_hp_loss":0,"event_name":"Relic Duplicator","floor":4,"gold_loss":0},{"damage_healed":19,"gold_gain":0,"player_choice":"Healed","damage_taken":0,"max_hp_gain":0,"max_hp_loss":0,"event_name":"The Cleric","floor":8,"gold_loss":35},{"damage_healed":0,"gold_gain":66,"player_choice":"Gained Gold","damage_taken":0,"max_hp_gain":0,"max_hp_loss":0,"event_name":"Golden Wing","floor":11,"gold_loss":0},{"total_magic_score":56,"gold_gain":0,"duelist":true,"damage_taken":0,"relics_obtained":[],"points":4,"max_hp_gain":0,"max_hp_loss":0,"spent_points":{"magic":1,"greed":1,"war":0,"power":2,"hunger":0},"event_name":"Nameless Tomb","floor":19,"gold_loss":0,"cards_obtained":[]},{"damage_healed":0,"gold_gain":0,"player_choice":"Leave","duelist":true,"damage_taken":0,"max_hp_gain":0,"max_hp_loss":0,"event_name":"Egyptian Village","floor":36,"gold_loss":0},{"damage_healed":0,"gold_gain":0,"player_choice":"Ignored","damage_taken":0,"max_hp_gain":0,"max_hp_loss":0,"event_name":"Tomb of Lord Red Mask","floor":39,"gold_loss":0},{"damage_healed":0,"gold_gain":0,"player_choice":"Memory 1","damage_taken":0,"max_hp_gain":0,"max_hp_loss":0,"event_name":"SensoryStone","floor":45,"gold_loss":0}],"is_beta":false,"boss_relics":[{"not_picked":["Runic Pyramid","theDuelist:HauntedRelic"],"picked":"Ectoplasm"},{"not_picked":["Empty Cage","Runic Dome"],"picked":"Tiny House"}],"items_purged_floors":[42,44,48,54],"is_endless":false,"potions_floor_spawned":[6,13,16,20,22,25,27,29,37,38,46],"killed_by":"Shield and Spear","ascension_level":20}}