{"host":"aq6j0shg22k0vr7s","time":1609573812,"event":{"mods":["2.2 Compatiblity","AchievementEnabler","BaseMod","Better Note","Colored Map","Downfall","Duelist Mod","GifTheSpireLib","Hermit","Marisa????????","Minty Spire (QoL Compilation)","Quick Restart","StSLib","Td1madao Mod","The Bug Knight","The Cursed"],"gold_per_floor":[109,33,33,46,46,46,63,91,91,91,91,109,124,142,142,244,244,244,244],"floor_reached":18,"playtime":848,"items_purged":[],"score":187,"play_id":"7cc2628c-3a5f-4237-9eb6-494d257acdce","local_time":"20210101235012","is_ascension_mode":false,"campfire_choices":[{"data":"hermit:Manifest","floor":6.0,"key":"SMITH"},{"data":"hermit:Headshot","floor":10.0,"key":"SMITH"},{"data":"hermit:Quickdraw","floor":15.0,"key":"SMITH"}],"circlet_count":0,"master_deck":["hermit:Strike_Hermit","hermit:Strike_Hermit","hermit:Strike_Hermit","hermit:Strike_Hermit","hermit:Defend_Hermit","hermit:Defend_Hermit","hermit:Defend_Hermit","hermit:Defend_Hermit","hermit:Snapshot","hermit:Covet","hermit:HighCaliber+1","hermit:Quickdraw+1","hermit:Headshot+1","hermit:Manifest+1","hermit:Deadeye","hermit:Dive","hermit:WideOpen","hermit:Vantage+1","hermit:Scavenge+1","hermit:Manifest+1"],"relics":["hermit:Momento","Bag of Preparation","Toxic Egg 2","SacredBark"],"acts_visited":["Exordium","TheCity"],"potions_floor_usage":[],"damage_taken":[{"damage":1.0,"enemies":"Cultist","floor":1.0,"turns":3.0},{"damage":7.0,"enemies":"Small Slimes","floor":4.0,"turns":2.0},{"damage":0.0,"enemies":"2 Louse","floor":7.0,"turns":1.0},{"damage":0.0,"enemies":"3 Sentries","floor":8.0,"turns":5.0},{"damage":0.0,"enemies":"Gremlin Gang","floor":12.0,"turns":4.0},{"damage":0.0,"enemies":"3 Louse","floor":13.0,"turns":2.0},{"damage":7.0,"enemies":"Blue Slaver","floor":14.0,"turns":3.0},{"damage":10.0,"enemies":"The Guardian","floor":16.0,"turns":11.0},{"damage":0,"enemies":"3 Byrds","floor":18,"turns":1}],"seed_played":"-3500719747741133814","potions_obtained":[{"floor":4.0,"key":"SpeedPotion"},{"floor":7.0,"key":"Fire Potion"},{"floor":12.0,"key":"BlessingOfTheForge"}],"is_trial":false,"path_per_floor":["M","$","$","M","?","R","M","E","T","R","?","M","M","M","R","B",null,"M"],"character_chosen":"HERMIT","items_purchased":["hermit:Headshot","hermit:Manifest"],"campfire_rested":0,"item_purchase_floors":[2,2],"current_hp_per_floor":[74,74,74,67,67,67,67,67,67,67,67,67,67,60,60,50,75,75,75],"gold":244,"neow_bonus":"THREE_CARDS","is_daily":false,"chose_seed":false,"campfire_upgraded":3,"win_rate":0.0,"timestamp":1609573812,"path_taken":["M","?","$","M","?","R","M","E","T","R","?","M","?","M","R","BOSS","M"],"items_purchased_type":["Card","Card"],"build_version":"2020-12-22","purchased_purges":0,"victory":false,"max_hp_per_floor":[75,75,75,75,75,75,75,75,75,75,75,75,75,75,75,75,75,75,75],"card_choices":[{"not_picked":["hermit:Headshot","hermit:Horror"],"picked":"hermit:HighCaliber","floor":0.0},{"not_picked":["hermit:TakeCover","hermit:Glare"],"picked":"hermit:Quickdraw","floor":1.0},{"not_picked":["hermit:GhostlyPresence","hermit:Dive"],"picked":"hermit:Deadeye","floor":4.0},{"not_picked":["hermit:Headshot","hermit:Desperado"],"picked":"hermit:Dive","floor":7.0},{"not_picked":["hermit:Scavenge","hermit:Gestalt"],"picked":"hermit:WideOpen","floor":8.0},{"not_picked":["hermit:HighCaliber","hermit:LowProfile+1"],"picked":"hermit:Vantage+1","floor":12.0},{"not_picked":["hermit:Brawl","hermit:Shortfuse"],"picked":"hermit:Scavenge+1","floor":13.0},{"not_picked":["hermit:Snipe+1","hermit:BlackWind"],"picked":"hermit:Manifest+1","floor":14.0}],"player_experience":79418,"relics_obtained":[{"floor":8.0,"key":"Bag of Preparation"},{"floor":9.0,"key":"Toxic Egg 2"}],"event_choices":[{"damage_healed":0.0,"max_hp_gain":0.0,"max_hp_loss":0.0,"gold_gain":0.0,"event_name":"Living Wall","player_choice":"Grow","floor":5.0,"gold_loss":0.0,"damage_taken":0.0,"cards_upgraded":["hermit:HighCaliber"]},{"damage_healed":0.0,"max_hp_gain":0.0,"max_hp_loss":0.0,"gold_gain":0.0,"event_name":"betterNote:BetterNote","player_choice":"Ignored","floor":11.0,"gold_loss":0.0,"damage_taken":0.0,"cards_obtained":["hermit:BodyArmor"]}],"is_beta":false,"boss_relics":[{"not_picked":["Pandora\u0027s Box","Astrolabe"],"picked":"SacredBark"}],"items_purged_floors":[],"is_endless":false,"potions_floor_spawned":[4,7,12],"killed_by":"3 Byrds","ascension_level":0}}