{"host":"if46sxignvy4ka0k","time":1609562984,"event":{"mods":["BaseMod","Minty Spire (QoL Compilation)","StSLib","The Cursed"],"gold_per_floor":[115,134,153,153,153,153,153,182,235,54,73,73,106,122,122,122,122],"floor_reached":16,"playtime":661,"items_purged":[],"score":110,"play_id":"b6d98f47-5e2f-4f17-9698-a8517d5c3c31","local_time":"20210101224944","is_ascension_mode":false,"campfire_choices":[{"data":"TheCursedMod:OutForBlood","floor":6,"key":"SMITH"},{"floor":15,"key":"REST"}],"circlet_count":0,"master_deck":["TheCursedMod:Strike_TheCursed","TheCursedMod:Strike_TheCursed","TheCursedMod:Strike_TheCursed","TheCursedMod:Defend_TheCursed","TheCursedMod:Defend_TheCursed","TheCursedMod:Defend_TheCursed","TheCursedMod:Defend_TheCursed","TheCursedMod:CursedWand","TheCursedMod:CleanUpWorkshop","TheCursedMod:Dregs","TheCursedMod:TacticalStrike","TheCursedMod:CircleOfCorruption+1","TheCursedMod:OutForBlood+1","TheCursedMod:EmpowerCircles","TheCursedMod:FleshFromBone","TheCursedMod:Grudge","TheCursedMod:Stigma"],"relics":["Velvet Choker","Bag of Preparation","Unceasing Top","Pen Nib","ClockworkSouvenir","Smiling Mask"],"acts_visited":["Exordium"],"potions_floor_usage":[16,16,16],"damage_taken":[{"damage":0,"enemies":"Small Slimes","floor":1,"turns":3},{"damage":0,"enemies":"Jaw Worm","floor":2,"turns":3},{"damage":0,"enemies":"2 Louse","floor":3,"turns":2},{"damage":25,"enemies":"Lagavulin","floor":8,"turns":7},{"damage":9,"enemies":"Exordium Thugs","floor":11,"turns":4},{"damage":39,"enemies":"3 Sentries","floor":13,"turns":11},{"damage":0,"enemies":"Blue Slaver","floor":14,"turns":3},{"damage":36,"enemies":"Slime Boss","floor":16,"turns":7}],"seed_played":"-3200098810911633812","potions_obtained":[{"floor":11,"key":"Dexterity Potion"},{"floor":13,"key":"DistilledChaos"},{"floor":14,"key":"TheCursedMod:DregsPotion"}],"is_trial":false,"path_per_floor":["M","M","M","?","?","R","?","E","T","$","M","?","E","M","R","B"],"character_chosen":"THE_CURSED","items_purchased":["TheCursedMod:EmpowerCircles","ClockworkSouvenir"],"campfire_rested":1,"item_purchase_floors":[10,10],"current_hp_per_floor":[75,75,75,68,61,61,61,36,36,36,27,52,13,13,35,0,0],"gold":122,"neow_bonus":"BOSS_RELIC","is_daily":false,"chose_seed":false,"campfire_upgraded":1,"win_rate":0.0,"timestamp":1609562984,"path_taken":["M","M","M","?","?","R","?","E","T","$","?","?","E","M","R","BOSS"],"items_purchased_type":["Card","Relic"],"build_version":"2020-12-22","purchased_purges":0,"victory":false,"max_hp_per_floor":[75,75,75,75,75,75,75,75,75,75,75,75,75,75,75,75,75],"card_choices":[{"not_picked":["TheCursedMod:WearCloak","TheCursedMod:SmokeScreen"],"picked":"TheCursedMod:TacticalStrike","floor":1},{"not_picked":["TheCursedMod:CircleOfFlame","TheCursedMod:WearCloak"],"picked":"TheCursedMod:CircleOfCorruption","floor":2},{"not_picked":["TheCursedMod:TacticalStrike","TheCursedMod:SpitefulStrike"],"picked":"TheCursedMod:OutForBlood","floor":3},{"not_picked":["TheCursedMod:CursedShiv","TheCursedMod:AshesToAshes","TheCursedMod:CursedSpellbook"],"picked":"SKIP","floor":8},{"not_picked":["TheCursedMod:CursedSpellbook","TheCursedMod:Obscuration"],"picked":"TheCursedMod:FleshFromBone","floor":11},{"not_picked":["TheCursedMod:TacticalStrike","TheCursedMod:CursedBoomerang"],"picked":"TheCursedMod:Grudge","floor":13},{"not_picked":["TheCursedMod:Stretching","TheCursedMod:FleshFromBone"],"picked":"TheCursedMod:Stigma","floor":14}],"player_experience":2107030,"relics_obtained":[{"floor":8,"key":"Unceasing Top"},{"floor":9,"key":"Pen Nib"},{"floor":13,"key":"Smiling Mask"}],"event_choices":[{"cards_removed":["TheCursedMod:Strike_TheCursed"],"damage_healed":0,"gold_gain":0,"player_choice":"Card Removal","damage_taken":7,"max_hp_gain":0,"max_hp_loss":0,"event_name":"Golden Wing","floor":4,"gold_loss":0},{"damage_healed":0,"gold_gain":0,"player_choice":"Success","damage_taken":7,"relics_obtained":["Bag of Preparation"],"max_hp_gain":0,"max_hp_loss":0,"event_name":"Scrap Ooze","floor":5,"gold_loss":0},{"damage_healed":0,"gold_gain":0,"player_choice":"Grow","damage_taken":0,"max_hp_gain":0,"max_hp_loss":0,"event_name":"Living Wall","floor":7,"gold_loss":0,"cards_upgraded":["TheCursedMod:CircleOfCorruption"]},{"damage_healed":25,"gold_gain":0,"player_choice":"Banana","damage_taken":0,"max_hp_gain":0,"max_hp_loss":0,"event_name":"Big Fish","floor":12,"gold_loss":0}],"is_beta":false,"boss_relics":[],"items_purged_floors":[],"is_endless":false,"potions_floor_spawned":[11,13,14],"killed_by":"Slime Boss","ascension_level":0}}