{"host":"31s8hzukbhz1k6i6","time":1609619057,"event":{"mods":["AchievementEnabler","BaseMod","Bestiary","Colored Map","Filter the Spire","Minty Spire (QoL Compilation)","Relic Stats","UnlockEverythingMod","ojb\u0027s Info Mod"],"gold_per_floor":[118,118,135,60,60,87,87,104,104,130,145,95,95,120,120,120,120],"floor_reached":16,"playtime":526,"items_purged":["Strike_B"],"score":177,"play_id":"39e099b4-a99e-4c7d-aa54-4213610fb681","local_time":"20210102122417","is_ascension_mode":true,"campfire_choices":[{"floor":7,"key":"REST"},{"floor":13,"key":"REST"},{"data":"Creative AI","floor":15,"key":"SMITH"}],"circlet_count":0,"master_deck":["AscendersBane","Defend_B","Defend_B","Dualcast","Hyperbeam+1","Static Discharge+1","Amplify+1","Ball Lightning","Sweeping Beam","Biased Cognition","Capacitor","Cold Snap","Undo","Leap","Creative AI+1"],"relics":["Astrolabe","HornCleat","White Beast Statue","Tiny Chest","Potion Belt"],"acts_visited":["Exordium"],"potions_floor_usage":[8,11,16],"damage_taken":[{"damage":7,"enemies":"Jaw Worm","floor":1,"turns":3},{"damage":7,"enemies":"Small Slimes","floor":3,"turns":3},{"damage":33,"enemies":"Gremlin Nob","floor":6,"turns":3},{"damage":8,"enemies":"2 Louse","floor":8,"turns":2},{"damage":10,"enemies":"3 Sentries","floor":10,"turns":2},{"damage":0,"enemies":"Looter","floor":11,"turns":1},{"damage":7,"enemies":"Gremlin Nob","floor":14,"turns":4},{"damage":36,"enemies":"Slime Boss","floor":16,"turns":3}],"seed_played":"-1633252832637428031","potions_obtained":[{"floor":6,"key":"AttackPotion"},{"floor":10,"key":"Fire Potion"},{"floor":11,"key":"ColorlessPotion"},{"floor":14,"key":"Strength Potion"}],"is_trial":false,"path_per_floor":["M","?","M","$","?","E","R","M","T","E","M","?","R","E","R","B"],"character_chosen":"DEFECT","items_purchased":[],"campfire_rested":2,"item_purchase_floors":[],"current_hp_per_floor":[61,54,47,47,47,14,36,28,28,18,18,18,40,33,33,0,0],"gold":120,"neow_bonus":"BOSS_RELIC","is_daily":false,"chose_seed":false,"campfire_upgraded":1,"win_rate":0.0,"timestamp":1609619057,"path_taken":["M","?","M","$","?","E","R","M","T","E","M","?","R","E","R","BOSS"],"items_purchased_type":[],"build_version":"2020-12-22","purchased_purges":1,"victory":false,"max_hp_per_floor":[75,75,75,75,75,75,75,75,75,75,75,75,75,75,75,75,75],"relic_stats":{"counters":[8,21],"Astrolabe":["Hyperbeam","Static Discharge","Amplify"],"Tiny Chest":0,"obtain_stats":[{"Potion Belt":14,"HornCleat":6,"Astrolabe":0,"Tiny Chest":10,"Cracked Core":0,"White Beast Statue":9},{"Potion Belt":7,"HornCleat":3,"Astrolabe":0,"Tiny Chest":5,"Cracked Core":0,"White Beast Statue":4},{"Potion Belt":18,"HornCleat":9,"Astrolabe":0,"Tiny Chest":13,"Cracked Core":0,"White Beast Statue":11}]},"card_choices":[{"not_picked":["Compile Driver","Redo"],"picked":"Ball Lightning","floor":1},{"not_picked":["FTL","Barrage"],"picked":"Sweeping Beam","floor":3},{"not_picked":["Stack","Double Energy"],"picked":"Capacitor","floor":6},{"not_picked":["Go for the Eyes","Ball Lightning"],"picked":"Cold Snap","floor":8},{"not_picked":["Hologram","Tempest"],"picked":"Undo","floor":10},{"not_picked":["Beam Cell","Turbo"],"picked":"Leap","floor":11},{"not_picked":["Streamline","Loop"],"picked":"Creative AI","floor":14}],"player_experience":133349,"relics_obtained":[{"floor":6,"key":"HornCleat"},{"floor":9,"key":"White Beast Statue"},{"floor":10,"key":"Tiny Chest"},{"floor":14,"key":"Potion Belt"}],"event_choices":[{"cards_removed":["Zap"],"damage_healed":0,"gold_gain":0,"player_choice":"Card Removal","damage_taken":7,"max_hp_gain":0,"max_hp_loss":0,"event_name":"Golden Wing","floor":2,"gold_loss":0},{"damage_healed":0,"gold_gain":0,"cards_transformed":["Strike_B"],"player_choice":"Change","damage_taken":0,"max_hp_gain":0,"max_hp_loss":0,"event_name":"Living Wall","floor":5,"gold_loss":0,"cards_obtained":["Biased Cognition"]},{"cards_removed":["Defend_B"],"damage_healed":0,"gold_gain":0,"player_choice":"Card Removal","damage_taken":0,"max_hp_gain":0,"max_hp_loss":0,"event_name":"The Cleric","floor":12,"gold_loss":50}],"is_beta":false,"boss_relics":[],"items_purged_floors":[4],"is_endless":false,"potions_floor_spawned":[6,10,11,14],"killed_by":"Slime Boss","ascension_level":10}}