{"host":"p7j7o00jacnw7qzt","time":1609620334,"event":{"mods":["BaseMod","Colored Map","Colored Powertips","DeckTracker","Highlight Path","Minty Spire (QoL Compilation)","Relic Stats"],"gold_per_floor":[112,112,122,135,145,145,178,178,178,178,202,219,89,123,123,123,123],"floor_reached":16,"playtime":714,"items_purged":["Strike_G"],"score":320,"play_id":"97ebd7f3-159b-4af4-97d3-8689d638dc0f","local_time":"20210102154534","is_ascension_mode":true,"campfire_choices":[{"data":"Acrobatics","floor":6.0,"key":"SMITH"},{"data":"Eviscerate","floor":8.0,"key":"SMITH"},{"data":"Concentrate","floor":10.0,"key":"SMITH"},{"data":"Prepared","floor":15.0,"key":"SMITH"}],"circlet_count":0,"master_deck":["AscendersBane","Strike_G","Strike_G","Strike_G","Strike_G","Defend_G","Defend_G","Defend_G","Defend_G","Defend_G","Survivor","Neutralize+1","Terror","Acrobatics+1","Concentrate+1","Eviscerate+1","Prepared+1","Die Die Die"],"relics":["Ring of the Snake","NeowsBlessing","Tiny Chest","Centennial Puzzle","Odd Mushroom","Gremlin Horn"],"acts_visited":["Exordium"],"potions_floor_usage":[16],"damage_taken":[{"damage":0.0,"enemies":"Small Slimes","floor":1.0,"turns":1.0},{"damage":0.0,"enemies":"Cultist","floor":3.0,"turns":1.0},{"damage":0.0,"enemies":"Jaw Worm","floor":4.0,"turns":1.0},{"damage":0.0,"enemies":"Looter","floor":5.0,"turns":4.0},{"damage":61.0,"enemies":"3 Sentries","floor":7.0,"turns":17.0},{"damage":7.0,"enemies":"The Mushroom Lair","floor":11.0,"turns":5.0},{"damage":1.0,"enemies":"Large Slime","floor":12.0,"turns":5.0},{"damage":7.0,"enemies":"Gremlin Nob","floor":14.0,"turns":3.0}],"seed_played":"7323240879680247380","potions_obtained":[{"floor":3.0,"key":"FairyPotion"},{"floor":4.0,"key":"Ancient Potion"},{"floor":12.0,"key":"Weak Potion"}],"is_trial":false,"path_per_floor":["M","?","M","M","M","R","E","R","T","R","?","M","$","E","R","B"],"character_chosen":"THE_SILENT","items_purchased":["Prepared"],"campfire_rested":0,"item_purchase_floors":[13],"current_hp_per_floor":[59,59,59,59,59,59,19,19,19,19,12,11,11,4,4,0,0],"gold":123,"neow_bonus":"THREE_ENEMY_KILL","is_daily":false,"chose_seed":false,"campfire_upgraded":4,"win_rate":0.0,"timestamp":1609620334,"path_taken":["M","?","M","?","M","R","E","R","T","R","?","M","$","E","R","BOSS"],"items_purchased_type":["Card"],"build_version":"2020-12-22","purchased_purges":1,"victory":false,"max_hp_per_floor":[66,66,66,66,66,66,66,66,66,66,66,66,66,66,66,66,66],"relic_stats":{"Centennial Puzzle":[12],"Gremlin Horn":[0,0],"counters":[9,50],"Tiny Chest":0,"obtain_stats":[{"Centennial Puzzle":9,"NeowsBlessing":0,"Gremlin Horn":14,"Tiny Chest":7,"Odd Mushroom":11,"Ring of the Snake":0},{"Centennial Puzzle":5,"NeowsBlessing":0,"Gremlin Horn":8,"Tiny Chest":5,"Odd Mushroom":6,"Ring of the Snake":0},{"Centennial Puzzle":24,"NeowsBlessing":0,"Gremlin Horn":37,"Tiny Chest":24,"Odd Mushroom":29,"Ring of the Snake":0}],"Ring of the Snake":[18]},"card_choices":[{"not_picked":["PiercingWail","Poisoned Stab"],"picked":"Terror","floor":1.0},{"not_picked":["Distraction","Sucker Punch"],"picked":"Acrobatics","floor":3.0},{"not_picked":["Quick Slash","Sucker Punch","Choke"],"picked":"SKIP","floor":4.0},{"not_picked":["Deflect","Dodge and Roll"],"picked":"Concentrate","floor":5.0},{"not_picked":["Backflip","Deadly Poison"],"picked":"Eviscerate","floor":7.0},{"not_picked":["Endless Agony","Poisoned Stab","Quick Slash"],"picked":"SKIP","floor":12.0},{"not_picked":["Dagger Throw","All Out Attack"],"picked":"Die Die Die","floor":14.0}],"player_experience":927168,"relics_obtained":[{"floor":7.0,"key":"Tiny Chest"},{"floor":9.0,"key":"Centennial Puzzle"},{"floor":11.0,"key":"Odd Mushroom"},{"floor":14.0,"key":"Gremlin Horn"}],"event_choices":[{"damage_healed":0.0,"max_hp_gain":0.0,"max_hp_loss":0.0,"gold_gain":0.0,"event_name":"Accursed Blacksmith","player_choice":"Forge","floor":2.0,"gold_loss":0.0,"damage_taken":0.0,"cards_upgraded":["Neutralize"]},{"damage_healed":0.0,"max_hp_gain":0.0,"max_hp_loss":0.0,"gold_gain":0.0,"event_name":"Mushrooms","player_choice":"Fought Mushrooms","floor":11.0,"gold_loss":0.0,"damage_taken":0.0}],"is_beta":false,"boss_relics":[],"items_purged_floors":[13],"is_endless":false,"potions_floor_spawned":[3,4,12],"killed_by":"The Guardian","ascension_level":20}}