{"host":"5fasz840ryq7obdf","time":1609581363,"event":{"mods":["AchievementEnabler","BaseMod","Bestiary","Better Altar","Better Skull","Better Third Choice","BetterRewards","Block Reminder","Colored Powertips","Curses Come First","Highlight Path","Minty Spire (QoL Compilation)","Quick Restart","Relic Sorter","Relic Stats","Replay The Spire","Shop Mod","Spicy Shops","StSLib","SuperFastMode","ojb\u0027s Better Paths Mod","ojb\u0027s Info Mod"],"gold_per_floor":[34,34,44,57,32,32,32],"floor_reached":6,"playtime":235,"items_purged":[],"score":72,"play_id":"90e04c16-975f-418c-96a9-d72172b17f7d","local_time":"20210102095603","is_ascension_mode":true,"campfire_choices":[],"circlet_count":0,"master_deck":["AscendersBane","Strike_B","Strike_B","Strike_B","Defend_B","Defend_B","Defend_B","Defend_B","Zap","Dualcast","Self Repair","Streamline","Redo","Leap","Steam","Go for the Eyes"],"relics":["Cracked Core","Symbiotic Virus","Turnip","Happy Flower"],"acts_visited":["Exordium"],"potions_floor_usage":[6],"damage_taken":[{"damage":9.0,"enemies":"Jaw Worm","floor":1.0,"turns":4.0},{"damage":0.0,"enemies":"Cultist","floor":3.0,"turns":2.0},{"damage":3.0,"enemies":"2 Louse","floor":4.0,"turns":3.0},{"damage":39,"enemies":"Gremlin Nob","floor":6,"turns":4}],"seed_played":"6755963310676850855","potions_obtained":[{"floor":4.0,"key":"EssenceOfSteel"}],"is_trial":false,"path_per_floor":["M","?","M","M","$","E"],"character_chosen":"DEFECT","items_purchased":["Symbiotic Virus","Turnip","Happy Flower","Self Repair","Streamline","Go for the Eyes"],"campfire_rested":0,"item_purchase_floors":[0,0,0,0,0,5],"current_hp_per_floor":[30,30,37,34,34,0,0],"gold":32,"neow_bonus":"","is_daily":false,"chose_seed":false,"campfire_upgraded":0,"win_rate":0.0,"timestamp":1609581363,"path_taken":["M","?","M","M","?","E"],"items_purchased_type":["Relic","Relic","Relic","Card","Card","Card"],"build_version":"2020-12-22","purchased_purges":0,"victory":false,"max_hp_per_floor":[71,71,71,71,71,71,71],"relic_stats":{"Happy Flower":[4],"counters":[173,806],"Turnip":[0],"obtain_stats":[{"Ice Cream":0,"Divine Protection":40,"Golden Egg":0,"CeramicFish":31,"Vajra":9,"Runic Capacitor":0,"Raider\u0027s Mask":0,"Whetstone":39,"Boot":22,"FrozenCore":0,"Sozu":17,"Replay:Ringing Soul":0,"Centennial Puzzle":27,"Replay:Frozen Program":0,"DollysMirror":31,"Strawberry":9,"Prayer Wheel":18,"MealTicket":9,"Iron Hammer":23,"HandDrill":0,"Replay:Bottled Flurry":9,"Kunai":25,"Replay:Wax Seal":39,"Replay:Bottled Steam":7,"MerchantsRug":39,"Happy Flower":19,"Blue Candle":25,"Oddly Smooth Stone":0,"Velvet Choker":17,"Pen Nib":6,"Akabeko":8,"Cables":0,"WarpedTongs":4,"SlaversCollar":34,"OrangePellets":0,"Replay:Baseball":8,"Bottled Flame":9,"ReplayTheSpireMod:Shallot":38,"Shuriken":9,"Simple Rune":6,"ReplayTheSpireMod:TigerMarble":8,"Symbiotic Virus":0,"StrikeDummy":44,"ReplayTheSpireMod:DimensionalGlitch":17,"Meat on the Bone":11,"Darkstone Periapt":30,"Solar Panel":13,"Lantern":0,"Replay:PocketPolymizer":13,"Torii":0,"Singing Bowl":0,"Blue Doll":27,"Juzu Bracelet":26,"Bag of Preparation":43,"Replay:Multitool":11,"Replay:Mystery Machine":19,"Ancient Tea Set":14,"Smiling Mask":9,"ClockworkSouvenir":39,"Replay:Rubber Ducky":0,"Emotion Chip":0,"Dream Catcher":29,"Replay:Bandana":47,"Nunchaku":6,"TheAbacus":3,"Mummified Hand":9,"Gambling Chip":6,"Tiny Chest":0,"WingedGreaves":31,"Red Mask":20,"Replay:Bottled Snecko":48,"Cracked Core":0,"InkBottle":23,"Runic Pyramid":17,"BargainBundle":0,"Golden Idol":2,"Thread and Needle":20,"PreservedInsect":28,"Geode":6,"Omamori":41,"MawBank":12,"Mercury Hourglass":6,"Nuclear Battery":17,"Peace Pipe":14,"DataDisk":25,"Busted Crown":17,"Orrery":0,"Turnip":21,"Garlic":0,"Art of War":3,"Snack Pack":6,"Coffee Dripper":34,"Membership Card":38,"ReplayTheSpireMod:Lightbulb":0,"TungstenRod":23,"Toy Ornithopter":11},{"Ice Cream":18,"Divine Protection":52,"Golden Egg":76,"CeramicFish":46,"Vajra":61,"Runic Capacitor":25,"Raider\u0027s Mask":129,"Whetstone":148,"Boot":112,"FrozenCore":67,"Sozu":9,"Replay:Ringing Soul":159,"Centennial Puzzle":114,"Replay:Frozen Program":25,"DollysMirror":17,"Strawberry":71,"Prayer Wheel":86,"MealTicket":134,"Iron Hammer":89,"HandDrill":25,"Replay:Bottled Flurry":161,"Kunai":14,"Replay:Wax Seal":148,"Replay:Bottled Steam":98,"MerchantsRug":148,"Happy Flower":10,"Blue Candle":113,"Oddly Smooth Stone":0,"Velvet Choker":39,"Pen Nib":23,"Akabeko":107,"Cables":0,"WarpedTongs":68,"SlaversCollar":47,"OrangePellets":95,"Replay:Baseball":61,"Bottled Flame":98,"ReplayTheSpireMod:Shallot":50,"Shuriken":6,"Simple Rune":133,"ReplayTheSpireMod:TigerMarble":35,"Symbiotic Virus":28,"StrikeDummy":125,"ReplayTheSpireMod:DimensionalGlitch":139,"Meat on the Bone":7,"Darkstone Periapt":17,"Solar Panel":137,"Lantern":28,"Replay:PocketPolymizer":84,"Torii":0,"Singing Bowl":0,"Blue Doll":91,"Juzu Bracelet":44,"Bag of Preparation":150,"Replay:Multitool":162,"Replay:Mystery Machine":111,"Ancient Tea Set":8,"Smiling Mask":107,"ClockworkSouvenir":148,"Replay:Rubber Ducky":153,"Emotion Chip":0,"Dream Catcher":45,"Replay:Bandana":54,"Nunchaku":80,"TheAbacus":78,"Mummified Hand":35,"Gambling Chip":5,"Tiny Chest":18,"WingedGreaves":117,"Red Mask":11,"Replay:Bottled Snecko":127,"Cracked Core":0,"InkBottle":43,"Runic Pyramid":166,"BargainBundle":76,"Golden Idol":68,"Thread and Needle":141,"PreservedInsect":16,"Geode":33,"Omamori":123,"MawBank":84,"Mercury Hourglass":70,"Nuclear Battery":110,"Peace Pipe":38,"DataDisk":44,"Busted Crown":85,"Orrery":0,"Turnip":41,"Garlic":56,"Art of War":96,"Snack Pack":105,"Coffee Dripper":118,"Membership Card":50,"ReplayTheSpireMod:Lightbulb":101,"TungstenRod":13,"Toy Ornithopter":108},{"Ice Cream":76,"Divine Protection":261,"Golden Egg":371,"CeramicFish":213,"Vajra":317,"Runic Capacitor":103,"Raider\u0027s Mask":576,"Whetstone":676,"Boot":506,"FrozenCore":343,"Sozu":31,"Replay:Ringing Soul":749,"Centennial Puzzle":512,"Replay:Frozen Program":103,"DollysMirror":66,"Strawberry":358,"Prayer Wheel":410,"MealTicket":591,"Iron Hammer":426,"HandDrill":103,"Replay:Bottled Flurry":758,"Kunai":50,"Replay:Wax Seal":676,"Replay:Bottled Steam":457,"MerchantsRug":676,"Happy Flower":35,"Blue Candle":509,"Oddly Smooth Stone":0,"Velvet Choker":164,"Pen Nib":97,"Akabeko":485,"Cables":0,"WarpedTongs":346,"SlaversCollar":227,"OrangePellets":449,"Replay:Baseball":317,"Bottled Flame":457,"ReplayTheSpireMod:Shallot":241,"Shuriken":18,"Simple Rune":588,"ReplayTheSpireMod:TigerMarble":144,"Symbiotic Virus":113,"StrikeDummy":554,"ReplayTheSpireMod:DimensionalGlitch":612,"Meat on the Bone":21,"Darkstone Periapt":66,"Solar Panel":603,"Lantern":113,"Replay:PocketPolymizer":397,"Torii":0,"Singing Bowl":0,"Blue Doll":436,"Juzu Bracelet":192,"Bag of Preparation":682,"Replay:Multitool":762,"Replay:Mystery Machine":503,"Ancient Tea Set":24,"Smiling Mask":485,"ClockworkSouvenir":676,"Replay:Rubber Ducky":718,"Emotion Chip":0,"Dream Catcher":204,"Replay:Bandana":278,"Nunchaku":383,"TheAbacus":376,"Mummified Hand":144,"Gambling Chip":15,"Tiny Chest":76,"WingedGreaves":521,"Red Mask":36,"Replay:Bottled Snecko":562,"Cracked Core":0,"InkBottle":186,"Runic Pyramid":783,"BargainBundle":371,"Golden Idol":346,"Thread and Needle":622,"PreservedInsect":61,"Geode":130,"Omamori":543,"MawBank":397,"Mercury Hourglass":355,"Nuclear Battery":499,"Peace Pipe":158,"DataDisk":192,"Busted Crown":406,"Orrery":0,"Turnip":173,"Garlic":298,"Art of War":451,"Snack Pack":478,"Coffee Dripper":526,"Membership Card":241,"ReplayTheSpireMod:Lightbulb":467,"TungstenRod":46,"Toy Ornithopter":488}]},"card_choices":[{"not_picked":["BasicCrystalCard","Lockon"],"picked":"Redo","floor":1.0},{"not_picked":["Panic Button","Ball Lightning"],"picked":"Leap","floor":3.0},{"not_picked":["Go for the Eyes","Heatsinks"],"picked":"Steam","floor":4.0}],"player_experience":1357414,"relics_obtained":[],"event_choices":[{"cards_removed":["Strike_B"],"damage_healed":0.0,"max_hp_gain":0.0,"max_hp_loss":0.0,"gold_gain":0.0,"event_name":"Purifier","player_choice":"Purged","floor":2.0,"gold_loss":0.0,"damage_taken":0.0}],"is_beta":false,"boss_relics":[],"items_purged_floors":[],"is_endless":false,"potions_floor_spawned":[4],"killed_by":"Gremlin Nob","ascension_level":20}}