{"host":"yks98ofmy52hj7my","time":1609621595,"event":{"mods":["BaseMod","Block Reminder","Colored Powertips","Hubris","Minty Spire (QoL Compilation)","Rare Cards Sparkle","Replay The Spire","StSLib"],"gold_per_floor":[118,118,135,135,155,181,181,208,208,237,254,529,548,548,548],"floor_reached":14,"playtime":631,"items_purged":[],"score":165,"play_id":"7c6b2b5f-e216-46de-a041-9a630704a536","local_time":"20210102190635","is_ascension_mode":true,"campfire_choices":[{"floor":7,"key":"RECALL"}],"circlet_count":0,"master_deck":["AscendersBane","Strike_R","Strike_R","Strike_R","Strike_R","Strike_R","Defend_R","Defend_R","Defend_R","Bash","Flash of Steel","Pummel","Dark Embrace+1","Anger","Sickly","Rampage","Carnage","Evolve","Clash","Regret","Seeing Red"],"relics":["Burning Blood","Ring of Misfortune","Ring of Panic","Art of War","Pondfish Scales","Tiny Chest","InkBottle"],"acts_visited":["Exordium"],"potions_floor_usage":[6,8],"damage_taken":[{"damage":7,"enemies":"2 Louse","floor":1,"turns":4},{"damage":1,"enemies":"Cultist","floor":3,"turns":3},{"damage":1,"enemies":"Small Slimes","floor":5,"turns":3},{"damage":44,"enemies":"Lagavulin","floor":6,"turns":8},{"damage":10,"enemies":"Gremlin Nob","floor":8,"turns":3},{"damage":22,"enemies":"3 Sentries","floor":10,"turns":6},{"damage":9,"enemies":"3 Louse","floor":11,"turns":3},{"damage":9,"enemies":"Exordium Wildlife","floor":13,"turns":2},{"damage":23,"enemies":"Replay:BlueRogue","floor":14,"turns":4}],"seed_played":"-7369090263497681219","potions_obtained":[{"floor":3,"key":"Swift Potion"},{"floor":5,"key":"Elixir"},{"floor":10,"key":"LiquidBronze"},{"floor":11,"key":"SpeedPotion"}],"is_trial":false,"path_per_floor":["M","?","M","?","M","E","R","E","T","E","M","?","M","E"],"character_chosen":"IRONCLAD","items_purchased":[],"campfire_rested":0,"item_purchase_floors":[],"current_hp_per_floor":[71,71,76,76,80,42,42,38,38,22,19,19,16,0,0],"gold":548,"neow_bonus":"RANDOM_COLORLESS","is_daily":false,"chose_seed":false,"campfire_upgraded":0,"win_rate":0.0,"timestamp":1609621595,"path_taken":["M","?","M","?","M","E","R","E","T","E","M","?","?","E"],"items_purchased_type":[],"build_version":"2020-12-22","purchased_purges":0,"victory":false,"max_hp_per_floor":[80,80,80,80,80,80,80,80,80,80,80,80,80,80,80],"card_choices":[{"not_picked":["Deep Breath","hubris:Insight"],"picked":"Flash of Steel","floor":0},{"not_picked":["Power Through","hubris:ReadiedAction"],"picked":"Pummel","floor":1},{"not_picked":["ReplayReversal","Entrench"],"picked":"Anger","floor":3},{"not_picked":["Flex","Clash"],"picked":"Rampage","floor":5},{"not_picked":["Warcry","Heavy Blade"],"picked":"Carnage","floor":6},{"not_picked":["hubris:ReadiedAction","Sentinel"],"picked":"Evolve","floor":8},{"not_picked":["Warcry","Evolve"],"picked":"Clash","floor":10},{"not_picked":["Dual Wield","Searing Blow","ReplayReversal"],"picked":"SKIP","floor":11},{"not_picked":["Pommel Strike","Perfected Strike"],"picked":"Seeing Red","floor":13}],"player_experience":464848,"relics_obtained":[{"floor":4,"key":"Ring of Misfortune"},{"floor":4,"key":"Ring of Panic"},{"floor":6,"key":"Art of War"},{"floor":8,"key":"Pondfish Scales"},{"floor":9,"key":"Tiny Chest"},{"floor":10,"key":"InkBottle"}],"event_choices":[{"damage_healed":0,"gold_gain":275,"player_choice":"Desecrate","damage_taken":0,"max_hp_gain":0,"max_hp_loss":0,"event_name":"Golden Shrine","floor":12,"gold_loss":0,"cards_obtained":["Regret"]}],"is_beta":false,"boss_relics":[],"items_purged_floors":[],"is_endless":false,"potions_floor_spawned":[3,5,10,11],"killed_by":"Replay:BlueRogue","ascension_level":10}}