{"host":"wonp23fsqqcu31ie","time":1609554395,"event":{"mods":["2.2 Compatiblity","AchievementEnabler","Aspiration","BaseMod","Bestiary","Better Altar","Better Match","Better Sensory Stone","Better Skull","Better Third Choice","BetterRewards","Block Reminder","Colored Map","Colored Powertips","Conspire","Curses Come First","DeckTracker","Displayed Cursed Tome","Downfall","Hermit","Highlight Path","Hubris","Marisa????????","Minty Spire (QoL Compilation)","Permanent Neow","Quick Restart","Rare Cards Sparkle","Relic Stats","Replay The Spire","Robot Space Explorer","Shade Mod","Shop Mod","StSLib","SuperFastMode","The Animator","The Cursed","The Gatherer","The Marked","The Necromancer","The Runesmith","The Servant 0.9.4"],"gold_per_floor":[110,20,20,38,38,38,5,5,5,26,26,26,73,73,73,198,198,235,235,274,274,78,94,94],"floor_reached":23,"playtime":675,"items_purged":["Regret"],"score":309,"play_id":"9c8c82a6-6711-4d59-8763-c9681cbb23e8","local_time":"20210102132635","is_ascension_mode":true,"campfire_choices":[{"floor":6,"key":"RECALL"},{"data":"FairyDestructionRay","floor":11,"key":"SMITH"},{"data":"ChargeUpSpray","floor":15,"key":"SMITH"}],"circlet_count":0,"master_deck":["conspire:GhostlyStrike","conspire:GhostlyStrike","conspire:GhostlyStrike","conspire:GhostlyStrike","conspire:GhostlyDefend","conspire:GhostlyDefend","conspire:GhostlyDefend","conspire:GhostlyDefend","MasterSpark","UpSweep","JA+1","GasGiant","GalacticHalo","FairyDestructionRay+1","AlicesGift","OrrerysSun","ChargeUpSpray+1","CollectingQuirk","GrandCross+1","RitualDagger","Apotheosis","expansioncontent:Flail","expansioncontent:Collect"],"relics":["MiniHakkero","Replay:Bandana","hubris:TenFootPole","aspiration:FetidBarrel","MerchantsRug","ReplayTheSpireMod:ShopPack"],"acts_visited":["Exordium","TheCity"],"potions_floor_usage":[4,18],"damage_taken":[{"damage":2,"enemies":"Jaw Worm","floor":1,"turns":2},{"damage":0,"enemies":"Cultist","floor":4,"turns":3},{"damage":0,"enemies":"conspire:RoseBush","floor":10,"turns":2},{"damage":20,"enemies":"Replay:BlueRogue","floor":13,"turns":4},{"damage":2,"enemies":"Slime Boss","floor":16,"turns":5},{"damage":6,"enemies":"3 Byrds","floor":18,"turns":3},{"damage":11,"enemies":"2 Thieves","floor":20,"turns":3},{"damage":58,"enemies":"Gremlin Leader","floor":23,"turns":7}],"seed_played":"-1508055658732019185","potions_obtained":[{"floor":1,"key":"Energy Potion"}],"is_trial":false,"path_per_floor":["M","$","?","M","$","R","$","?","T","M","R","?","E","?","R","B",null,"M","?","M","?","$","E"],"character_chosen":"MARISA","items_purchased":["GalacticHalo","FairyDestructionRay","Elixir","MerchantsRug","ReplayTheSpireMod:ShopPack"],"campfire_rested":0,"item_purchase_floors":[2,2,7,22,22],"current_hp_per_floor":[73,73,73,73,73,73,73,73,73,73,73,73,53,53,53,51,75,69,69,58,55,55,0,0],"gold":94,"neow_bonus":"THREE_RARE_CARDS","is_daily":false,"chose_seed":false,"campfire_upgraded":2,"win_rate":0.0,"timestamp":1609554395,"path_taken":["M","$","?","?","$","R","?","?","T","?","R","?","E","?","R","BOSS","M","?","M","?","$","E"],"items_purchased_type":["Card","Card","Potion","Relic","Relic"],"build_version":"2020-12-22","purchased_purges":1,"victory":false,"max_hp_per_floor":[75,75,75,75,75,75,75,75,75,75,75,75,75,75,75,75,75,75,75,75,75,75,75,75],"relic_stats":{"counters":[21,83],"obtain_stats":[{"MerchantsRug":8,"MagicBroom":11,"aspiration:Nostalgia":0,"Golden Idol":4,"aspiration:FetidBarrel":17,"Guardian:ModeShifter":0,"aspiration:HiddenCompartment":13,"WarpedTongs":2,"Old Coin":6,"aspiration:PocketMushroom":12,"Replay:Bandana":9,"Chameleon Ring":8,"hubris:Backtick":17,"aspiration:RunesmithSkillbook":17,"Nloth\u0027s Gift":20,"hubris:TenFootPole":12,"MiniHakkero":0,"ReplayTheSpireMod:ShopPack":22},{"MerchantsRug":4,"MagicBroom":6,"aspiration:Nostalgia":0,"Golden Idol":2,"aspiration:FetidBarrel":18,"Guardian:ModeShifter":0,"aspiration:HiddenCompartment":17,"WarpedTongs":1,"Old Coin":4,"aspiration:PocketMushroom":6,"Replay:Bandana":15,"Chameleon Ring":4,"hubris:Backtick":18,"aspiration:RunesmithSkillbook":9,"Nloth\u0027s Gift":10,"hubris:TenFootPole":16,"MiniHakkero":0,"ReplayTheSpireMod:ShopPack":20},{"MerchantsRug":17,"MagicBroom":24,"aspiration:Nostalgia":0,"Golden Idol":7,"aspiration:FetidBarrel":70,"Guardian:ModeShifter":0,"aspiration:HiddenCompartment":65,"WarpedTongs":4,"Old Coin":17,"aspiration:PocketMushroom":24,"Replay:Bandana":59,"Chameleon Ring":17,"hubris:Backtick":70,"aspiration:RunesmithSkillbook":39,"Nloth\u0027s Gift":44,"hubris:TenFootPole":61,"MiniHakkero":0,"ReplayTheSpireMod:ShopPack":76}]},"card_choices":[{"not_picked":["StarDustReverie","CasketOfStar"],"picked":"JA","floor":0},{"not_picked":["ShootTheMoon","WitchLeyline"],"picked":"GasGiant","floor":1},{"not_picked":["6A","DoubleSpark"],"picked":"AlicesGift","floor":4},{"not_picked":["Acceleration","GasGiant"],"picked":"OrrerysSun","floor":10},{"not_picked":["MilkyWay","SprinkleStarSeal"],"picked":"ChargeUpSpray","floor":13},{"not_picked":["JA","BigCrunch"],"picked":"CollectingQuirk","floor":16},{"not_picked":["MagicChant","ChargingUp"],"picked":"GrandCross+1","floor":18},{"not_picked":["SporeBomb","LuminesStrike","Singularity+1"],"picked":"SKIP","floor":20},{"not_picked":["Secret Weapon","Master of Strategy"],"picked":"Apotheosis","floor":22},{"not_picked":["hubris:Insight","ReplayTheSpireMod:Necrogeddon"],"picked":"expansioncontent:Flail","floor":22},{"not_picked":["Replay:Sssssssssshield","ReplayTheSpireMod:Trickstab"],"picked":"expansioncontent:Collect","floor":22}],"player_experience":432735,"relics_obtained":[{"floor":9,"key":"Replay:Bandana"},{"floor":13,"key":"aspiration:HiddenCompartment"}],"event_choices":[{"cards_removed":["CommonCold"],"damage_healed":0,"gold_gain":0,"player_choice":"Purged","damage_taken":0,"max_hp_gain":0,"max_hp_loss":0,"event_name":"Purifier","floor":3,"gold_loss":0},{"damage_healed":0,"gold_gain":0,"player_choice":"Upgraded","damage_taken":0,"max_hp_gain":0,"max_hp_loss":0,"event_name":"Upgrade Shrine","floor":8,"gold_loss":0,"cards_upgraded":["JA"]},{"damage_healed":0,"gold_gain":0,"player_choice":"Box","damage_taken":0,"relics_obtained":["hubris:TenFootPole"],"max_hp_gain":0,"max_hp_loss":0,"event_name":"Big Fish","floor":12,"gold_loss":0,"cards_obtained":["Regret"]},{"damage_healed":0,"gold_gain":0,"player_choice":"Agree","damage_taken":0,"max_hp_gain":0,"max_hp_loss":0,"event_name":"conspire:LoneGhost","floor":14,"gold_loss":0},{"damage_healed":0,"gold_gain":0,"player_choice":"Dagger","damage_taken":6,"max_hp_gain":0,"max_hp_loss":0,"event_name":"betterThird:BetterNest","floor":21,"gold_loss":0,"cards_obtained":["RitualDagger"]}],"is_beta":false,"boss_relics":[{"not_picked":["Replay:Ancient Bell","Painkiller Herb"],"picked":"hubris:Backtick"}],"items_purged_floors":[22],"is_endless":false,"potions_floor_spawned":[1],"killed_by":"Gremlin Leader","ascension_level":2}}