{"host":"nfysljuq0d6kj06l","time":1609585685,"event":{"mods":["AchievementEnabler","BaseMod","Colored Map","Colored Powertips","DeckTracker","Minty Spire (QoL Compilation)","Relic Sorter"],"gold_per_floor":[114,114,64,239,251,251,23,54,54,87,162,162,192,96,96,193,193,205,216,7,7,7],"floor_reached":21,"playtime":1935,"items_purged":["Doubt"],"score":280,"play_id":"252d41df-b04d-4494-9791-8906fe9fa66e","local_time":"20210102120805","is_ascension_mode":true,"campfire_choices":[{"floor":6,"key":"RECALL"},{"floor":12,"key":"REST"},{"floor":15,"key":"REST"}],"circlet_count":0,"master_deck":["Strike_R","Strike_R","Strike_R","Strike_R","Defend_R","Defend_R","Defend_R","Defend_R","Bash+1","Thunderclap","Iron Wave","Whirlwind","Metallicize","Double Tap+1","Enlightenment+1","Barricade","Shrug It Off+1","Thinking Ahead+1"],"relics":["Burning Blood","Ancient Tea Set","HandDrill","CaptainsWheel","Singing Bowl","Tiny Chest","Toxic Egg 2","SlaversCollar"],"acts_visited":["Exordium","TheCity"],"potions_floor_usage":[13,16,18,21],"damage_taken":[{"damage":9,"enemies":"Jaw Worm","floor":1,"turns":4},{"damage":1,"enemies":"2 Louse","floor":5,"turns":3},{"damage":37,"enemies":"Gremlin Nob","floor":8,"turns":5},{"damage":30,"enemies":"3 Sentries","floor":10,"turns":9},{"damage":22,"enemies":"Gremlin Nob","floor":13,"turns":6},{"damage":64,"enemies":"Hexaghost","floor":16,"turns":12},{"damage":30,"enemies":"Shell Parasite","floor":18,"turns":7},{"damage":29,"enemies":"Spheric Guardian","floor":19,"turns":6},{"damage":20,"enemies":"Snake Plant","floor":21,"turns":7}],"seed_played":"-7430281448135827251","potions_obtained":[{"floor":1,"key":"FairyPotion"},{"floor":5,"key":"ElixirPotion"},{"floor":10,"key":"SneckoOil"},{"floor":16,"key":"AttackPotion"},{"floor":19,"key":"SpeedPotion"}],"is_trial":false,"path_per_floor":["M","?","?","?","M","R","$","E","T","E","?","R","E","$","R","B",null,"M","M","$","M"],"character_chosen":"IRONCLAD","items_purchased":["HandDrill","Enlightenment+1","Shrug It Off+1","Thinking Ahead+1"],"campfire_rested":2,"item_purchase_floors":[7,14,20,20],"current_hp_per_floor":[69,69,69,69,74,74,74,43,43,19,8,32,16,16,40,10,63,41,20,20,0,0],"gold":7,"neow_bonus":"RANDOM_COMMON_RELIC","is_daily":false,"chose_seed":false,"campfire_upgraded":0,"win_rate":0.0,"timestamp":1609585685,"path_taken":["M","?","?","?","?","R","$","E","T","E","?","R","E","$","R","BOSS","M","M","$","M"],"items_purchased_type":["Relic","Card","Card","Card"],"build_version":"2020-12-22","purchased_purges":1,"victory":false,"max_hp_per_floor":[80,80,80,80,80,80,80,80,80,80,80,80,80,80,80,80,80,82,84,84,84,84],"card_choices":[{"not_picked":["Fire Breathing","Heavy Blade"],"picked":"Thunderclap","floor":1},{"not_picked":["Wild Strike","Armaments"],"picked":"Iron Wave","floor":5},{"not_picked":["Seeing Red","Sentinel"],"picked":"Whirlwind","floor":8},{"not_picked":["Rampage","Body Slam"],"picked":"Metallicize","floor":10},{"not_picked":["Pummel","Clash"],"picked":"Double Tap+1","floor":13},{"not_picked":["Double Tap+1","Offering+1"],"picked":"Barricade","floor":16},{"not_picked":["Pummel","Clash","Body Slam"],"picked":"Singing Bowl","floor":18},{"not_picked":["Feel No Pain","Wild Strike+1","Sword Boomerang+1"],"picked":"Singing Bowl","floor":19}],"player_experience":395588,"relics_obtained":[{"floor":8,"key":"CaptainsWheel"},{"floor":9,"key":"Singing Bowl"},{"floor":10,"key":"Tiny Chest"},{"floor":13,"key":"Toxic Egg 2"}],"event_choices":[{"damage_healed":0,"gold_gain":0,"player_choice":"Grow","damage_taken":0,"max_hp_gain":0,"max_hp_loss":0,"event_name":"Living Wall","floor":2,"gold_loss":0,"cards_upgraded":["Bash"]},{"cards_removed":["Strike_R"],"damage_healed":0,"gold_gain":0,"player_choice":"Card Removal","damage_taken":0,"max_hp_gain":0,"max_hp_loss":0,"event_name":"The Cleric","floor":3,"gold_loss":50},{"damage_healed":0,"gold_gain":175,"player_choice":"AGREE","damage_taken":0,"max_hp_gain":0,"max_hp_loss":0,"event_name":"Liars Game","floor":4,"gold_loss":0,"cards_obtained":["Doubt"]},{"damage_healed":0,"gold_gain":75,"player_choice":"Gather Gold","damage_taken":11,"max_hp_gain":0,"max_hp_loss":0,"event_name":"World of Goop","floor":11,"gold_loss":0}],"is_beta":false,"boss_relics":[{"not_picked":["Runic Dome","Astrolabe"],"picked":"SlaversCollar"}],"items_purged_floors":[7],"is_endless":false,"potions_floor_spawned":[1,5,10,16,19],"killed_by":"Snake Plant","ascension_level":9}}