{"host":"p4yrwepmrl4g8pul","time":1609592087,"event":{"mods":["Act Like it!","BaseMod","BetterRewards","Colored Map","Custom Start","Gensokyo","Marisa（F雨　魔理沙）","Minty Spire (QoL Compilation)","Quick Restart","Rare Cards Sparkle","Reimu（博丽灵梦）","Remilia（蕾米莉亚）","Remove Card Discount Mod","Shop Mod","StSLib","The Jungle"],"gold_per_floor":[116,116,136,152,172,203,203,231,279,279,108,108,126,126,126,199,199,213,128,178,185,201,228,242,270,270,289,289,109,109,109,109,183,183,201,201,201,216,216,216,242,242,242,252,25,41,54,84,84,84,81],"floor_reached":52,"playtime":1489,"items_purged":["Poor:ReiMu","Ghostly Armor","Warcry","Bloodletting","Shrug It Off","Cleave","Armaments+1"],"score":2510,"play_id":"9967c720-f5bb-4729-97bb-71a1ca7e3136","local_time":"20210102205447","daily_mods":["SealedDeck","Heirloom","Uncertain Future"],"is_ascension_mode":true,"campfire_choices":[{"data":"Armaments","floor":7.0,"key":"SMITH"},{"data":"Offering","floor":12.0,"key":"SMITH"},{"data":"Body Slam","floor":15.0,"key":"SMITH"},{"data":"Barricade","floor":28.0,"key":"SMITH"},{"data":"Madness","floor":30.0,"key":"SMITH"},{"data":"Impervious","floor":32.0,"key":"SMITH"},{"data":"True Grit","floor":40,"key":"SMITH"},{"data":"True Grit","floor":42,"key":"SMITH"},{"data":"Shrug It Off","floor":49,"key":"SMITH"}],"circlet_count":0,"master_deck":["AscendersBane","True Grit+1","Power Through+1","Shrug It Off+1","Body Slam+1","Body Slam+1","Offering+1","True Grit+1","Barricade+1","Madness+1","Impervious+1"],"relics":["Burning Blood","Unceasing Top","Eternal Feather","Question Card","Bag of Preparation","YidongShenshe:ReiMu","Oddly Smooth Stone","Busted Crown","Blood Vial","Pen Nib","Bottled Lightning","Pear","Enchiridion","Mastiff:ReiMu","Self Forming Clay","Frozen Eye","PureWhite:ReiMu"],"acts_visited":["Exordium","TheCity","Gensokyo:Gensokyoest"],"potions_floor_usage":[41,51],"damage_taken":[{"damage":5.0,"enemies":"2 Louse","floor":1.0,"turns":3.0},{"damage":3.0,"enemies":"Small Slimes","floor":3.0,"turns":2.0},{"damage":6.0,"enemies":"Jaw Worm","floor":4.0,"turns":1.0},{"damage":6.0,"enemies":"3 Louse","floor":5.0,"turns":2.0},{"damage":12.0,"enemies":"Lagavulin","floor":6.0,"turns":3.0},{"damage":14.0,"enemies":"3 Sentries","floor":8.0,"turns":7.0},{"damage":6.0,"enemies":"Looter","floor":13.0,"turns":1.0},{"damage":6.0,"enemies":"Slime Boss","floor":16.0,"turns":3.0},{"damage":6.0,"enemies":"Spheric Guardian","floor":18.0,"turns":2.0},{"damage":6.0,"enemies":"2 Thieves","floor":21.0,"turns":1.0},{"damage":6.0,"enemies":"Snecko","floor":22.0,"turns":2.0},{"damage":6.0,"enemies":"Slavers","floor":23.0,"turns":3.0},{"damage":6.0,"enemies":"Snake Plant","floor":24.0,"turns":1.0},{"damage":6.0,"enemies":"Gremlin Leader","floor":25.0,"turns":2.0},{"damage":6.0,"enemies":"Centurion and Healer","floor":27.0,"turns":2.0},{"damage":6.0,"enemies":"Collector","floor":33.0,"turns":2.0},{"damage":6.0,"enemies":"Gensokyo:AncientGuardian","floor":35.0,"turns":2.0},{"damage":6,"enemies":"Gensokyo:3_Bats","floor":38,"turns":2},{"damage":6,"enemies":"Gensokyo:Marisa","floor":41,"turns":4},{"damage":6,"enemies":"Gensokyo:AtlasGolem","floor":44,"turns":2},{"damage":6,"enemies":"Gensokyo:Dusk_and_Dawn","floor":46,"turns":2},{"damage":6,"enemies":"Gensokyo:Rafflesia","floor":47,"turns":2},{"damage":6,"enemies":"Gensokyo:Doremy","floor":48,"turns":2},{"damage":6,"enemies":"Gensokyo:Shinki","floor":50,"turns":3},{"damage":0,"enemies":"Gensokyo:Yuyuko","floor":51,"turns":2}],"seed_played":"8862018443381448082","potions_obtained":[{"floor":5.0,"key":"FearPotion"},{"floor":8.0,"key":"BlessingOfTheForge"},{"floor":13.0,"key":"DistilledChaos"},{"floor":21.0,"key":"SpeedPotion"},{"floor":22.0,"key":"PowerPotion"},{"floor":38,"key":"Block Potion"}],"is_trial":true,"path_per_floor":["M","?","M","M","M","E","R","E","T","?","$","R","M","?","R","B",null,"M","?","?","M","M","E","M","E","T","M","R","$","R","?","R","B",null,"M","$","?","M","?","R","E","R","T","M","$","M","M","E","R","B","B",null],"character_chosen":"IRONCLAD","items_purchased":["Oddly Smooth Stone","Madness","Impervious","Frozen Eye","Swift Potion"],"campfire_rested":0,"item_purchase_floors":[11,29,29,45,45],"current_hp_per_floor":[69,69,72,72,72,66,72,64,64,64,64,70,70,70,75,75,75,75,75,75,75,75,75,75,75,85,85,85,85,85,64,70,72,82,84,84,84,85,68,74,76,82,82,84,84,85,85,85,85,85,85],"gold":81,"neow_bonus":"","is_daily":false,"chose_seed":false,"campfire_upgraded":9,"win_rate":0.0,"timestamp":1609592087,"path_taken":["M","?","M","M","M","E","R","E","T","?","$","R","M","?","R","BOSS","M","?","?","M","M","E","M","E","T","M","R","$","R","?","R","BOSS","M","$","?","M","?","R","E","R","T","M","?","M","?","E","R","BOSS","BOSS"],"items_purchased_type":["Relic","Card","Card","Relic","Potion"],"build_version":"2020-12-22","purchased_purges":7,"victory":true,"max_hp_per_floor":[75,75,75,75,75,75,75,75,75,75,75,75,75,75,75,75,75,75,75,75,75,75,75,75,75,85,85,85,85,85,85,85,85,85,85,85,85,85,85,85,85,85,85,85,85,85,85,85,85,85,85],"card_choices":[{"not_picked":["Thunderclap","Dropkick","Anger"],"picked":"SKIP","floor":1.0},{"not_picked":["Anger","Pommel Strike"],"picked":"Offering","floor":3.0},{"not_picked":["Clothesline","Havoc","Iron Wave"],"picked":"SKIP","floor":4.0},{"not_picked":["Clash","Twin Strike"],"picked":"Armaments","floor":5.0},{"not_picked":["Armaments","Corruption","Pummel"],"picked":"SKIP","floor":6.0},{"not_picked":["Warcry","Bloodletting"],"picked":"True Grit","floor":8.0},{"not_picked":["Inflame","Power Through","Perfected Strike","Body Slam"],"picked":"SKIP","floor":13.0},{"not_picked":["Double Tap","Corruption","Exhume"],"picked":"Barricade","floor":16.0},{"not_picked":["Ghostly Armor","Dropkick"],"picked":"SKIP","floor":18.0},{"not_picked":["Thunderclap","Rampage"],"picked":"SKIP","floor":21.0},{"not_picked":["Twin Strike","Clash"],"picked":"SKIP","floor":22.0},{"not_picked":["Clothesline","Armaments"],"picked":"SKIP","floor":23.0},{"not_picked":["Perfected Strike","Thunderclap"],"picked":"SKIP","floor":24.0},{"not_picked":["Armaments","Heavy Blade"],"picked":"SKIP","floor":25.0},{"not_picked":["Second Wind","Iron Wave"],"picked":"SKIP","floor":27.0},{"not_picked":["Twin Strike","Seeing Red"],"picked":"SKIP","floor":35.0},{"not_picked":["True Grit","Iron Wave+1"],"picked":"SKIP","floor":38},{"not_picked":["Clothesline","Sword Boomerang"],"picked":"SKIP","floor":41},{"not_picked":["Flex","Twin Strike+1"],"picked":"SKIP","floor":44},{"not_picked":["Perfected Strike","Intimidate"],"picked":"SKIP","floor":46},{"not_picked":["Iron Wave","Perfected Strike+1"],"picked":"SKIP","floor":47},{"not_picked":["Intimidate","Impervious"],"picked":"SKIP","floor":48}],"player_experience":768262,"relics_obtained":[{"floor":6.0,"key":"Eternal Feather"},{"floor":8.0,"key":"Question Card"},{"floor":9.0,"key":"Bag of Preparation"},{"floor":23.0,"key":"Pen Nib"},{"floor":25.0,"key":"Bottled Lightning"},{"floor":26.0,"key":"Pear"},{"floor":31.0,"key":"Enchiridion"},{"floor":41,"key":"Mastiff:ReiMu"},{"floor":43,"key":"Self Forming Clay"},{"floor":48,"key":"PureWhite:ReiMu"}],"event_choices":[{"damage_healed":0.0,"max_hp_gain":0.0,"max_hp_loss":0.0,"gold_gain":0.0,"event_name":"Living Wall","player_choice":"Grow","floor":2.0,"gold_loss":0.0,"damage_taken":0.0,"cards_upgraded":["Body Slam"]},{"damage_healed":0.0,"max_hp_gain":0.0,"max_hp_loss":0.0,"gold_gain":0.0,"event_name":"yidonshenshe","player_choice":"带走神社","floor":10.0,"gold_loss":0.0,"damage_taken":0.0,"relics_obtained":["YidongShenshe:ReiMu"],"cards_obtained":["Poor:ReiMu"]},{"damage_healed":0.0,"max_hp_gain":0.0,"max_hp_loss":0.0,"gold_gain":0.0,"event_name":"Liars Game","player_choice":"Ignored","floor":14.0,"gold_loss":0.0,"damage_taken":0.0},{"damage_healed":0.0,"max_hp_gain":0.0,"max_hp_loss":0.0,"gold_gain":0.0,"event_name":"Addict","player_choice":"Obtained Relic","floor":19.0,"gold_loss":85.0,"damage_taken":0.0,"relics_obtained":["Blood Vial"]},{"damage_healed":0.0,"max_hp_gain":0.0,"max_hp_loss":0.0,"gold_gain":50.0,"event_name":"Nest","player_choice":"Stole From Cult","floor":20.0,"gold_loss":0.0,"damage_taken":0.0},{"damage_healed":0.0,"max_hp_gain":0.0,"max_hp_loss":0.0,"gold_gain":0.0,"event_name":"Cursed Tome","player_choice":"Obtained Book","floor":31.0,"gold_loss":0.0,"damage_taken":21.0}],"is_beta":false,"boss_relics":[{"not_picked":["Runic Cube","Sozu"],"picked":"Busted Crown"},{"not_picked":["Velvet Choker","RedLine:ReiMu","Snecko Eye"]}],"items_purged_floors":[11,11,11,11,11,29,45],"is_endless":false,"potions_floor_spawned":[5,8,13,21,22,23,25,27,33,35,38,46,47],"ascension_level":20}}