{"host":"svjtl4dki9uqj609","time":1609594698,"event":{"mods":["BaseMod","Colored Map","Keyboard Shortcuts","Minty Spire (QoL Compilation)","StSLib","SuperFastMode"],"gold_per_floor":[118,118,118,293,306,349,349,238,238,238,269,290,290,240,240,360,360,379,392,292,292,207,251,251,292,346,346,346,42,65,190,190,320,320,339,339,402,427,760,760,774,799,799,815,388,388,388,15,15,15],"floor_reached":51,"playtime":1926,"items_purged":["Doubt","Strike_G","Strike_G","Defend_G"],"score":840,"play_id":"76785829-ef5b-4aef-bd58-bac5c1b19166","local_time":"20210102223818","is_ascension_mode":false,"campfire_choices":[{"data":"Poisoned Stab","floor":7.0,"key":"SMITH"},{"data":"Dash","floor":10.0,"key":"SMITH"},{"data":"Noxious Fumes","floor":13.0,"key":"SMITH"},{"data":"Neutralize","floor":15.0,"key":"SMITH"},{"data":"Tactician","floor":24,"key":"SMITH"},{"data":"Acrobatics","floor":27,"key":"SMITH"},{"floor":32,"key":"REST"},{"data":"Burst","floor":40,"key":"SMITH"},{"data":"Reflex","floor":46,"key":"SMITH"},{"data":"Purity","floor":49,"key":"SMITH"}],"circlet_count":0,"master_deck":["Defend_G","Defend_G","Survivor","Neutralize+1","Poisoned Stab+1","Flying Knee","Dagger Throw","Dash+1","Acrobatics+1","Noxious Fumes+1","Tactician+1","Deflect+1","Backflip","PiercingWail+1","Burst+1","PiercingWail+1","Reflex+1","Escape Plan","Purity+1"],"relics":["Ring of the Snake","NeowsBlessing","White Beast Statue","Gremlin Horn","Regal Pillow","Empty Cage","Sundial","HornCleat","Lizard Tail","PreservedInsect","Tingsha","Gambling Chip","Bottled Flame","SacredBark","The Specimen","Potion Belt","Pantograph","TwistedFunnel","TheAbacus"],"acts_visited":["Exordium","TheCity","TheBeyond"],"potions_floor_usage":[18,18,19,25,30,33,33,50,50],"damage_taken":[{"damage":0.0,"enemies":"Jaw Worm","floor":1.0,"turns":1.0},{"damage":0.0,"enemies":"2 Louse","floor":5.0,"turns":1.0},{"damage":0.0,"enemies":"3 Sentries","floor":6.0,"turns":1.0},{"damage":9.0,"enemies":"Gremlin Nob","floor":11.0,"turns":4.0},{"damage":0.0,"enemies":"Small Slimes","floor":12.0,"turns":2.0},{"damage":19.0,"enemies":"Hexaghost","floor":16.0,"turns":8.0},{"damage":3,"enemies":"3 Byrds","floor":18,"turns":6},{"damage":6,"enemies":"2 Thieves","floor":19,"turns":4},{"damage":16,"enemies":"Gremlin Leader","floor":23,"turns":6},{"damage":1,"enemies":"Book of Stabbing","floor":25,"turns":6},{"damage":0,"enemies":"Chosen and Byrds","floor":30,"turns":5},{"damage":0,"enemies":"Colosseum Slavers","floor":31,"turns":4},{"damage":0,"enemies":"Colosseum Nobs","floor":31,"turns":4},{"damage":23,"enemies":"Automaton","floor":33,"turns":7},{"damage":2,"enemies":"3 Darklings","floor":35,"turns":6},{"damage":0,"enemies":"Mind Bloom Boss Battle","floor":37,"turns":8},{"damage":0,"enemies":"Orb Walker","floor":38,"turns":3},{"damage":0,"enemies":"4 Shapes","floor":41,"turns":4},{"damage":35,"enemies":"Giant Head","floor":42,"turns":9},{"damage":5,"enemies":"Jaw Worm Horde","floor":44,"turns":6},{"damage":0,"enemies":"Donu and Deca","floor":50,"turns":3}],"seed_played":"4712598987545054332","potions_obtained":[{"floor":6.0,"key":"Poison Potion"},{"floor":11.0,"key":"SpeedPotion"},{"floor":12.0,"key":"PowerPotion"},{"floor":16.0,"key":"Block Potion"},{"floor":18,"key":"BlessingOfTheForge"},{"floor":19,"key":"SteroidPotion"},{"floor":23,"key":"PowerPotion"},{"floor":25,"key":"ColorlessPotion"},{"floor":30,"key":"Ancient Potion"},{"floor":33,"key":"LiquidMemories"},{"floor":35,"key":"EssenceOfSteel"},{"floor":41,"key":"Dexterity Potion"},{"floor":42,"key":"Block Potion"},{"floor":44,"key":"FairyPotion"}],"is_trial":false,"path_per_floor":["M","?","?","?","M","E","R","$","T","R","E","M","R","?","R","B",null,"M","M","$","?","?","E","R","E","T","R","?","$","M","?","R","B",null,"M","?","?","M","?","R","M","E","T","M","$","R","?","$","R","B",null],"character_chosen":"THE_SILENT","items_purchased":["Dash","Tingsha","Escape Plan","TwistedFunnel","Purity","TheAbacus","GamblersBrew"],"campfire_rested":1,"item_purchase_floors":[8,29,45,45,45,48,48],"current_hp_per_floor":[70,70,53,53,53,53,53,53,53,53,44,44,44,44,44,25,70,67,61,61,61,61,45,45,44,44,44,44,44,44,44,70,47,70,68,68,68,68,68,68,68,33,33,28,28,28,28,28,28,53],"gold":15,"neow_bonus":"THREE_ENEMY_KILL","is_daily":false,"chose_seed":false,"campfire_upgraded":9,"win_rate":0.0,"timestamp":1609594698,"path_taken":["M","?","?","?","M","E","R","?","T","R","E","M","R","?","R","BOSS","M","M","$","?","?","E","R","E","T","R","?","$","M","?","R","BOSS","M","?","?","M","?","R","M","E","T","M","$","R","?","$","R","BOSS"],"items_purchased_type":["Card","Relic","Card","Relic","Card","Relic","Potion"],"build_version":"2020-12-22","purchased_purges":4,"victory":true,"max_hp_per_floor":[70,70,70,70,70,70,70,70,70,70,70,70,70,70,70,70,70,70,70,70,70,70,70,70,70,70,70,70,70,70,70,70,70,70,70,70,70,70,70,70,70,70,70,70,70,70,70,70,70,70],"card_choices":[{"not_picked":["PiercingWail","Deflect"],"picked":"Poisoned Stab","floor":1.0},{"not_picked":["Blade Dance","Prepared"],"picked":"Flying Knee","floor":5.0},{"not_picked":["Deflect","Dodge and Roll"],"picked":"Dagger Throw","floor":6.0},{"not_picked":["Quick Slash","Reflex"],"picked":"Acrobatics","floor":11.0},{"not_picked":["Blade Dance","Dodge and Roll"],"picked":"Noxious Fumes","floor":12.0},{"not_picked":["Well Laid Plans","Calculated Gamble"],"picked":"Tactician","floor":18},{"not_picked":["Footwork","Riddle With Holes+1"],"picked":"Deflect+1","floor":19},{"not_picked":["Sucker Punch+1","Dodge and Roll"],"picked":"Backflip","floor":23},{"not_picked":["Dodge and Roll","Die Die Die"],"picked":"PiercingWail+1","floor":25},{"not_picked":["Deflect","Terror","Eviscerate"],"picked":"SKIP","floor":30},{"not_picked":["Bullet Time","Envenom"],"picked":"Burst","floor":33},{"not_picked":["Terror+1","Backstab","Blur"],"picked":"SKIP","floor":35},{"not_picked":["Terror+1","Backstab","Blur"],"picked":"SKIP","floor":35},{"not_picked":["Dagger Spray","Infinite Blades"],"picked":"PiercingWail+1","floor":37},{"not_picked":["PiercingWail","Acrobatics","Caltrops"],"picked":"SKIP","floor":38},{"not_picked":["Slice+1","Outmaneuver","Prepared+1"],"picked":"SKIP","floor":41},{"not_picked":["Dagger Throw+1","Flying Knee+1"],"picked":"Reflex","floor":42},{"not_picked":["Dodge and Roll","PiercingWail+1","Flying Knee+1"],"picked":"SKIP","floor":44}],"player_experience":1726,"relics_obtained":[{"floor":6.0,"key":"White Beast Statue"},{"floor":9.0,"key":"Gremlin Horn"},{"floor":11.0,"key":"Regal Pillow"},{"floor":23,"key":"HornCleat"},{"floor":25,"key":"Lizard Tail"},{"floor":26,"key":"PreservedInsect"},{"floor":31,"key":"Gambling Chip"},{"floor":31,"key":"Bottled Flame"},{"floor":37,"key":"The Specimen"},{"floor":42,"key":"Potion Belt"},{"floor":43,"key":"Pantograph"}],"event_choices":[{"cards_removed":["Defend_G"],"damage_healed":0.0,"max_hp_gain":0.0,"max_hp_loss":0.0,"gold_gain":0.0,"event_name":"Living Wall","player_choice":"Forget","floor":2.0,"gold_loss":0.0,"damage_taken":0.0},{"damage_healed":0.0,"max_hp_gain":0.0,"max_hp_loss":0.0,"gold_gain":0.0,"event_name":"Golden Idol","player_choice":"Take Damage","floor":3.0,"gold_loss":0.0,"damage_taken":17.0,"relics_obtained":["Golden Idol"]},{"damage_healed":0.0,"max_hp_gain":0.0,"max_hp_loss":0.0,"gold_gain":175.0,"event_name":"Liars Game","player_choice":"AGREE","floor":4.0,"gold_loss":0.0,"damage_taken":0.0,"cards_obtained":["Doubt"]},{"cards_removed":["Strike_G"],"damage_healed":0.0,"max_hp_gain":0.0,"max_hp_loss":0.0,"gold_gain":0.0,"event_name":"The Cleric","player_choice":"Card Removal","floor":14.0,"gold_loss":50.0,"damage_taken":0.0},{"cards_removed":["Strike_G"],"damage_healed":0,"gold_gain":0,"player_choice":"Elegance","damage_taken":0,"max_hp_gain":0,"max_hp_loss":0,"event_name":"Back to Basics","floor":21,"gold_loss":0},{"damage_healed":0,"gold_gain":0,"player_choice":"Obtained Relic","damage_taken":0,"relics_obtained":["Sundial"],"max_hp_gain":0,"max_hp_loss":0,"event_name":"Addict","floor":22,"gold_loss":85},{"damage_healed":0,"gold_gain":0,"player_choice":"Ignored","damage_taken":0,"max_hp_gain":0,"max_hp_loss":0,"event_name":"Vampires","floor":28,"gold_loss":0},{"damage_healed":0,"gold_gain":0,"player_choice":"Fight","damage_taken":0,"max_hp_gain":0,"max_hp_loss":0,"event_name":"Colosseum","floor":31,"gold_loss":0},{"damage_healed":0,"gold_gain":0,"player_choice":"Fought Nobs","damage_taken":0,"max_hp_gain":0,"max_hp_loss":0,"event_name":"Colosseum","floor":31,"gold_loss":0},{"damage_healed":0,"gold_gain":0,"player_choice":"Ignored","damage_taken":0,"max_hp_gain":0,"max_hp_loss":0,"event_name":"Tomb of Lord Red Mask","floor":36,"gold_loss":0},{"damage_healed":0,"gold_gain":0,"player_choice":"Fight","damage_taken":0,"max_hp_gain":0,"max_hp_loss":0,"event_name":"MindBloom","floor":37,"gold_loss":0},{"damage_healed":0,"gold_gain":333,"player_choice":"Gave Idol","damage_taken":0,"max_hp_gain":0,"max_hp_loss":0,"event_name":"The Moai Head","floor":39,"relics_lost":["Golden Idol"],"gold_loss":0},{"damage_healed":0,"gold_gain":0,"player_choice":"Ignored","damage_taken":0,"max_hp_gain":0,"max_hp_loss":0,"event_name":"Mysterious Sphere","floor":47,"gold_loss":0}],"is_beta":false,"boss_relics":[{"not_picked":["Coffee Dripper","Calling Bell"],"picked":"Empty Cage"},{"not_picked":["Ring of the Serpent","HoveringKite"],"picked":"SacredBark"}],"items_purged_floors":[8,20,45,48],"is_endless":false,"potions_floor_spawned":[6,11,12,16,18,19,23,25,30,31,31,33,35,37,38,41,42,44],"ascension_level":0}}