{"host":"4sl6z5xrlou33vwc","time":1609609569,"event":{"mods":["AchievementEnabler","BaseMod","Colored Powertips","DeckTracker","Downfall","Minty Spire (QoL Compilation)","StSLib"],"gold_per_floor":[99,115,135,154,164,182,182,201,216,126,126,126,126,126,154,267,267,267,367,392,406,113,136,136,164,183,183,206,66,66,19,42,42,42,42],"floor_reached":33,"playtime":2025,"items_purged":["Slimebound:Strike_Slimebound","Slimebound:Strike_Slimebound","Slimebound:Repurpose"],"score":245,"play_id":"6729d974-eed1-4841-9200-095313a3ca49","local_time":"20210102184609","is_ascension_mode":false,"campfire_choices":[{"data":"Slimebound:CorrosiveSpit","floor":1,"key":"SMITH"},{"data":"Slimebound:GrowthPunch","floor":13,"key":"SMITH"},{"data":"Slimebound:SelfFormingGoo","floor":18,"key":"SMITH"},{"data":"Slimebound:LivingWall","floor":27,"key":"SMITH"},{"data":"Slimebound:HauntingLick","floor":30,"key":"SMITH"}],"circlet_count":0,"master_deck":["Slimebound:Defend_Slimebound","Slimebound:Defend_Slimebound","Slimebound:Defend_Slimebound","Slimebound:Defend_Slimebound","Slimebound:Split","Slimebound:CorrosiveSpit+1","Slimebound:GrowthPunch+1","Slimebound:Repurpose","Slimebound:SplitMire","Slimebound:SplitMire","Slimebound:MinionMaster","Slimebound:SplitBruiser","Slimebound:Repurpose","Slimebound:SelfFormingGoo+1","Slimebound:PressTheAttack","Slimebound:LivingWall+1","expansioncontent:DashGenerateEvil","Slimebound:SplitAcid+1","Slimebound:LeechingTouch","Slimebound:HauntingLick+1","Slimebound:LeechLife","Slimebound:HauntingLick+1","Slimebound:SamplingLick","Slimebound:Schlurp"],"relics":["Slimebound:AbsorbEndCombat","CeramicFish","Slimebound:TarBlob","WingedGreaves"],"acts_visited":["Exordium","TheCity"],"potions_floor_usage":[6,6,9,9,16,20,26,31],"damage_taken":[{"damage":4,"enemies":"Small Slimes","floor":2,"turns":4},{"damage":4,"enemies":"Cultist","floor":3,"turns":5},{"damage":0,"enemies":"2 Louse","floor":4,"turns":2},{"damage":6,"enemies":"Blue Slaver","floor":5,"turns":4},{"damage":26,"enemies":"Exordium Thugs","floor":6,"turns":4},{"damage":19,"enemies":"2 Fungi Beasts","floor":8,"turns":3},{"damage":30,"enemies":"Lots of Slimes","floor":9,"turns":3},{"damage":22,"enemies":"downfall:FleeingMerchant","floor":10,"turns":4},{"damage":19,"enemies":"Blue Slaver","floor":15,"turns":2},{"damage":40,"enemies":"downfall:Ironclad","floor":16,"turns":8},{"damage":34,"enemies":"Chosen","floor":20,"turns":6},{"damage":66,"enemies":"3 Cultists","floor":21,"turns":6},{"damage":25,"enemies":"downfall:FleeingMerchant","floor":22,"turns":4},{"damage":35,"enemies":"Snake Plant","floor":23,"turns":5},{"damage":43,"enemies":"Chosen and Byrds","floor":25,"turns":6},{"damage":18,"enemies":"Snecko","floor":26,"turns":3},{"damage":46,"enemies":"Snake Plant","floor":28,"turns":5},{"damage":35,"enemies":"downfall:FleeingMerchant","floor":29,"turns":4},{"damage":35,"enemies":"downfall:FleeingMerchant","floor":31,"turns":4},{"damage":49,"enemies":"Shelled Parasite and Fungi","floor":32,"turns":4},{"damage":55,"enemies":"downfall:Watcher","floor":33,"turns":4}],"seed_played":"-6857900723178099123","potions_obtained":[{"floor":3,"key":"AttackPotion"},{"floor":4,"key":"sneckomod:MuddlingPotion"},{"floor":5,"key":"DistilledChaos"},{"floor":8,"key":"sneckomod:MuddlingPotion"},{"floor":15,"key":"SkillPotion"},{"floor":16,"key":"BlessingOfTheForge"},{"floor":25,"key":"Slimebound:ThreeZeroPotion"},{"floor":28,"key":"EssenceOfSteel"},{"floor":32,"key":"SteroidPotion"}],"is_trial":false,"path_per_floor":["R","M","M","M","M","M","T","M","M","$","?","?","R","?","M","B",null,"R","?","M","M","$","M","T","M","M","R","M","$","R","$","M","B"],"character_chosen":"SLIMEBOUND","items_purchased":["expansioncontent:DashGenerateEvil","Slimebound:SamplingLick"],"campfire_rested":0,"item_purchase_floors":[22,31],"current_hp_per_floor":[60,60,60,60,60,47,47,48,34,34,27,27,27,27,26,20,60,60,60,54,30,41,34,34,33,43,43,35,49,49,48,49,0,0,0],"gold":42,"neow_bonus":"REMOVE_CARD","is_daily":false,"chose_seed":false,"campfire_upgraded":5,"win_rate":0.0,"timestamp":1609609569,"path_taken":["R","M","M","M","M","M","T","M","M","$","?","?","R","?","M","BOSS","R","?","M","M","$","M","T","M","?","R","M","$","R","$","M","BOSS"],"items_purchased_type":["Card","Card"],"build_version":"2020-12-22","purchased_purges":3,"victory":false,"max_hp_per_floor":[60,60,60,60,60,60,60,60,60,60,60,60,60,60,60,60,60,60,60,60,60,60,60,60,60,60,60,60,60,60,60,60,60,60,60],"card_choices":[{"not_picked":["Slimebound:FinishingTackle","Slimebound:ComboTackle","Slimebound:Chomp"],"picked":"SKIP","floor":2},{"not_picked":["Slimebound:SamplingLick","Slimebound:SlimeSpikes"],"picked":"Slimebound:GrowthPunch","floor":3},{"not_picked":["Slimebound:SlimeBarrage","Slimebound:ComboTackle"],"picked":"Slimebound:Repurpose","floor":4},{"not_picked":["Slimebound:DisruptingSlam","Slimebound:Nibble"],"picked":"Slimebound:SplitMire","floor":5},{"not_picked":["Slimebound:ComboTackle","Slimebound:PressTheAttack"],"picked":"Slimebound:SplitMire","floor":6},{"not_picked":["Slimebound:FlameTackle","Slimebound:GrowthPunch"],"picked":"Slimebound:MinionMaster","floor":8},{"not_picked":["Slimebound:GrowthPunch","Slimebound:SlimeSpikes"],"picked":"Slimebound:SplitBruiser","floor":9},{"not_picked":["Slimebound:BestDefense","Slimebound:ComboTackle"],"picked":"Slimebound:Repurpose","floor":10},{"not_picked":["Slimebound:SamplingLick","Slimebound:ForwardTackle"],"picked":"Slimebound:Repurpose","floor":15},{"not_picked":["Slimebound:MassRepurpose","Slimebound:DuplicatedForm"],"picked":"Slimebound:SelfFormingGoo","floor":16},{"not_picked":["Slimebound:DisruptingSlam","Slimebound:FinishingTackle"],"picked":"Slimebound:PressTheAttack","floor":20},{"not_picked":["Slimebound:ComboTackle","Slimebound:LeechEnergy","Slimebound:GoopSpray"],"picked":"SKIP","floor":21},{"not_picked":["Slimebound:GrowthPunch","Slimebound:SlimeTap"],"picked":"Slimebound:LivingWall","floor":22},{"not_picked":["Slimebound:SlimeBrawl","Slimebound:PressTheAttack"],"picked":"Slimebound:SplitAcid+1","floor":23},{"not_picked":["Slimebound:Dissolve+1","Slimebound:ViciousTackle"],"picked":"Slimebound:LeechingTouch","floor":25},{"not_picked":["Slimebound:Replication","Slimebound:SplitLeeching"],"picked":"Slimebound:HauntingLick","floor":26},{"not_picked":["Slimebound:ViciousTackle","Slimebound:LeechingTouch"],"picked":"Slimebound:LeechLife","floor":28},{"not_picked":["Slimebound:SlimeBrawl","Slimebound:Nibble","Slimebound:GrowthPunch"],"picked":"SKIP","floor":29},{"not_picked":["Slimebound:ForwardTackle","Slimebound:SamplingLick"],"picked":"Slimebound:HauntingLick+1","floor":31},{"not_picked":["Slimebound:BestDefense","Slimebound:SplitMire"],"picked":"Slimebound:Schlurp","floor":32}],"player_experience":354013,"relics_obtained":[{"floor":24,"key":"WingedGreaves"}],"event_choices":[{"damage_healed":0,"gold_gain":0,"player_choice":"Success","damage_taken":7,"relics_obtained":["CeramicFish"],"max_hp_gain":0,"max_hp_loss":0,"event_name":"Scrap Ooze","floor":11,"gold_loss":0},{"cards_removed":["Slimebound:Strike_Slimebound"],"damage_healed":0,"gold_gain":0,"player_choice":"Card Removal","damage_taken":0,"max_hp_gain":0,"max_hp_loss":0,"event_name":"The Cleric","floor":12,"gold_loss":0}],"is_beta":false,"boss_relics":[{"not_picked":["Cursed Key","Runic Dome"],"picked":"Slimebound:TarBlob"}],"items_purged_floors":[10,22,29],"is_endless":false,"potions_floor_spawned":[3,4,5,8,15,16,25,28,32],"killed_by":"downfall:Watcher","ascension_level":0}}