{"host":"9vk21r6l9dtkpvh9","time":1609602870,"event":{"mods":["2.2 Compatiblity","AchievementEnabler","Act Like it!","Astrologer","Bartender","BaseMod","Better Altar","Better Match","Better Note","Better Sensory Stone","Better Skull","Better Third Choice","BetterRewards","CapriCore","CatGirl Mod","Colored Map","Colored Powertips","Conspire","DeckTracker","Downfall","Energized Spire","Gensokyo","GifTheSpireLib","Hermit","Hubris","Infinite Spire","Jorbs\u0027s Wanderer Trilogy","Koishi","LagranYue(???·?)","Luminous","Mad Scientist","Marisa????????","Mimic Mod","Minty Spire (QoL Compilation)","Potionbrewer","Rare Cards Sparkle","Relic Stats","Replay The Spire","SOS???????","Shade Mod","Spicy Shops","StSLib","SuperFastMode","Td1madao Mod","The Animator","The Forsaken","The Gatherer","The Hierophant","The Immortal","The Jungle","The Mystic","The Necromancer","The Runesmith","The Senshi","The Servant 0.9.4","The Valiant","The Wild Card","TheBandit","TheSwordswoman","TheWitcher","WarShipGirlsR/????R mod","vexMod","???Mod??????Boss"],"gold_per_floor":[119,134,134,134,158,191,215,215,215,231,2,2,2,37,37,156,156,141,159,9,9,0,39,39,39,80,80,95,109,109,153,153,282,282,318,318,360,399,399,466,512,512,557,557,69,113,113,154,154,154,154,154,11,51,51],"floor_reached":56,"playtime":5834,"items_purged":["Decay"],"score":1484,"play_id":"94e74b12-2f20-4c03-a01d-03497f96d601","local_time":"20210102105430","is_ascension_mode":true,"campfire_choices":[{"floor":13,"key":"REST"},{"data":"Zap","floor":15,"key":"SMITH"},{"floor":25,"key":"REST"},{"floor":27,"key":"RECALL"},{"data":"hubris:Fate","floor":30,"key":"SMITH"},{"data":"Strike_B","floor":32,"key":"PURGE"},{"floor":42,"key":"REST"},{"floor":44,"key":"REST"},{"data":"Defragment","floor":49,"key":"SMITH"},{"data":"conspire:Rain","floor":52,"key":"SMITH"}],"circlet_count":0,"master_deck":["Strike_B","Strike_B","Strike_B","Defend_B+1","Defend_B+1","Defend_B+1","Defend_B+1","Zap+1","Dualcast","FTL+1","Go for the Eyes","theWildCard:Scathach","Cold Snap+1","Leap","Reinforced Body","Buffer","Conserve Battery+1","Capacitor","infinitespire:Punishment","Hologram+1","hubris:Fate+1","Cold Snap","Sweeping Beam+1","Echo Form","conspire:Rain+1","Coolheaded+1","Go for the Eyes+1","Recycle","Defragment+1","Static Discharge+1"],"relics":["LagranYue:RandomDrawCardRelic","energizedSpire:OgreHead","Golden Idol","vexMod:MemoryStick","Lantern","Vajra","Winged Necklace","energizedSpire:OldTV","DataDisk","LagranYue:ReturningEmperorRelic","Runic Capacitor","Shuriken","infinitespire:SolderingIron","infinitespire:EvilPickle","Replay:Fungal Core","Raider\u0027s Mask","Replay:Bottled Eggs","infinitespire:FocusingShard","hubris:SlimyHat","Runesmith:Nanobots","Runesmith:AutoHammer","hubris:FunFungus","Oddly Smooth Stone","Pen Nib"],"acts_visited":["Exordium","TheCity","TheBeyond","TheEnding"],"potions_floor_usage":[2,6,6,14,16,16,16,18,29,33,38,41,50,55,55,55],"damage_taken":[{"damage":13,"enemies":"Jaw Worm","floor":1,"turns":4},{"damage":0,"enemies":"2 Louse","floor":2,"turns":2},{"damage":0,"enemies":"Small Slimes","floor":5,"turns":2},{"damage":6,"enemies":"Lagavulin","floor":6,"turns":6},{"damage":25,"enemies":"Gremlin Gang","floor":7,"turns":7},{"damage":0,"enemies":"2 Fungi Beasts","floor":10,"turns":3},{"damage":0,"enemies":"3 Sentries","floor":14,"turns":5},{"damage":31,"enemies":"Fading Forest","floor":16,"turns":11},{"damage":15,"enemies":"2 Thieves","floor":18,"turns":5},{"damage":0,"enemies":"Shell Parasite","floor":19,"turns":9},{"damage":6,"enemies":"Nightmare","floor":23,"turns":11},{"damage":0,"enemies":"Centurion and Healer","floor":26,"turns":7},{"damage":0,"enemies":"Centurion and Healer","floor":28,"turns":4},{"damage":0,"enemies":"Cultist and Chosen","floor":29,"turns":5},{"damage":0,"enemies":"Book of Stabbing","floor":31,"turns":5},{"damage":3,"enemies":"Pondfish","floor":33,"turns":14},{"damage":27,"enemies":"3 Darklings","floor":35,"turns":4},{"damage":3,"enemies":"3 Shapes","floor":37,"turns":1},{"damage":21,"enemies":"Sphere and 2 Shapes","floor":38,"turns":4},{"damage":0,"enemies":"Giant Head","floor":40,"turns":7},{"damage":0,"enemies":"Jaw Worm Horde","floor":41,"turns":2},{"damage":0,"enemies":"Writhing Mass","floor":43,"turns":7},{"damage":2,"enemies":"R_Hoarder","floor":46,"turns":10},{"damage":0,"enemies":"Writhing Mass","floor":48,"turns":9},{"damage":23,"enemies":"Replay:Hell Engine","floor":50,"turns":12},{"damage":3,"enemies":"Shield and Spear","floor":54,"turns":2},{"damage":14,"enemies":"The Heart","floor":55,"turns":8}],"seed_played":"-4126990365923613114","potions_obtained":[{"floor":1,"key":"potionbrewer:SplittingPotion"},{"floor":2,"key":"potionbrewer:DiscountPotion"},{"floor":6,"key":"SpeedPotion"},{"floor":12,"key":"infinitespire:BlackPotion"},{"floor":12,"key":"AttackPotion"},{"floor":12,"key":"Doom Potion"},{"floor":14,"key":"potionbrewer:AcidPotion"},{"floor":16,"key":"champ:CounterPotion"},{"floor":18,"key":"champ:CounterPotion"},{"floor":23,"key":"GamblersBrew"},{"floor":29,"key":"ColorlessPotion"},{"floor":31,"key":"SpeedPotion"},{"floor":35,"key":"Energy Potion"},{"floor":38,"key":"potionbrewer:NoxiousPotion"},{"floor":41,"key":"SkillPotion"}],"is_trial":false,"path_per_floor":["M","M","?","?","M","E","M","?","T","M","$","?","R","E","R","B",null,"M","M","$","?","?","NM","AVR","R","MIM","R","M","M","R","E","R_BF","B",null,"M","?","M","M","AVR","E","M","R","MIM","R","$","E","$","MIM","R_BF","B",null,"R","$","E","B",null],"character_chosen":"DEFECT","items_purchased":["Lantern","Vajra","DataDisk","hubris:SlimyHat","Recycle","Runesmith:Nanobots","Oddly Smooth Stone"],"campfire_rested":4,"item_purchase_floors":[11,11,20,45,45,45,53],"current_hp_per_floor":[62,62,62,62,62,56,31,17,17,17,17,17,37,37,37,22,69,54,54,54,37,37,31,31,51,51,51,51,51,51,51,51,48,69,42,42,39,18,18,18,18,38,38,58,58,56,56,56,56,52,69,69,69,66,56],"gold":51,"neow_bonus":"BOSS_RELIC","is_daily":false,"chose_seed":false,"campfire_upgraded":4,"win_rate":0.0,"timestamp":1609602870,"path_taken":["M","M","?","?","M","E","M","?","T","M","$","?","R","E","R","BOSS","M","?","$","?","?","NM","AVR","R","MIM","R","?","M","R","E","R_BF","BOSS","M","?","?","M","AVR","E","M","R","MIM","R","?","E","?","?","R_BF","BOSS","R","$","E","BOSS"],"items_purchased_type":["Relic","Relic","Relic","Relic","Card","Relic","Relic"],"build_version":"2020-12-22","purchased_purges":1,"victory":true,"max_hp_per_floor":[75,75,69,69,69,69,69,69,69,69,69,69,69,69,69,69,69,69,69,69,69,69,69,69,69,69,69,69,69,69,69,69,69,69,69,69,69,69,69,69,69,69,69,69,69,69,69,69,69,69,69,69,69,69,69],"relic_stats":{"counters":[27,166],"Golden Idol":218,"Shuriken":[49],"Pen Nib":[2],"obtain_stats":[{"vexMod:MemoryStick":6,"Lantern":11,"LagranYue:RandomDrawCardRelic":0,"Vajra":11,"Runic Capacitor":24,"hubris:SlimyHat":45,"Raider\u0027s Mask":39,"LagranYue:ReturningEmperorRelic":23,"Winged Necklace":14,"infinitespire:SolderingIron":31,"hubris:FunFungus":48,"Replay:Bottled Eggs":40,"Cracked Core":0,"Runesmith:Nanobots":45,"Replay:Fungal Core":34,"Golden Idol":3,"Oddly Smooth Stone":53,"infinitespire:FocusingShard":43,"Pen Nib":54,"energizedSpire:OgreHead":0,"infinitespire:EvilPickle":33,"DataDisk":20,"Shuriken":26,"Runesmith:AutoHammer":46,"energizedSpire:OldTV":17},{"vexMod:MemoryStick":4,"Lantern":6,"LagranYue:RandomDrawCardRelic":0,"Vajra":6,"Runic Capacitor":11,"hubris:SlimyHat":22,"Raider\u0027s Mask":19,"LagranYue:ReturningEmperorRelic":11,"Winged Necklace":7,"infinitespire:SolderingIron":15,"hubris:FunFungus":24,"Replay:Bottled Eggs":20,"Cracked Core":0,"Runesmith:Nanobots":22,"Replay:Fungal Core":16,"Golden Idol":2,"Oddly Smooth Stone":25,"infinitespire:FocusingShard":22,"Pen Nib":26,"energizedSpire:OgreHead":0,"infinitespire:EvilPickle":16,"DataDisk":10,"Shuriken":12,"Runesmith:AutoHammer":23,"energizedSpire:OldTV":8},{"vexMod:MemoryStick":14,"Lantern":24,"LagranYue:RandomDrawCardRelic":0,"Vajra":24,"Runic Capacitor":65,"hubris:SlimyHat":125,"Raider\u0027s Mask":109,"LagranYue:ReturningEmperorRelic":65,"Winged Necklace":29,"infinitespire:SolderingIron":86,"hubris:FunFungus":144,"Replay:Bottled Eggs":116,"Cracked Core":0,"Runesmith:Nanobots":125,"Replay:Fungal Core":100,"Golden Idol":6,"Oddly Smooth Stone":156,"infinitespire:FocusingShard":125,"Pen Nib":158,"energizedSpire:OgreHead":0,"infinitespire:EvilPickle":100,"DataDisk":54,"Shuriken":72,"Runesmith:AutoHammer":135,"energizedSpire:OldTV":40}]},"card_choices":[{"not_picked":["Compile Driver","Stack"],"picked":"FTL","floor":1},{"not_picked":["Steam","Double Energy"],"picked":"Go for the Eyes","floor":2},{"not_picked":["Streamline","Blizzard"],"picked":"Cold Snap","floor":5},{"not_picked":["Fission","Double Energy"],"picked":"Leap","floor":6},{"not_picked":["Scrape","ReplayGash","Streamline"],"picked":"SKIP","floor":7},{"not_picked":["hubris:PowerSurge","Lockon","Force Field"],"picked":"SKIP","floor":10},{"not_picked":["Go for the Eyes","Turbo"],"picked":"Reinforced Body","floor":14},{"not_picked":["hubris:Prefetch","Mirror Shield"],"picked":"Buffer","floor":16},{"not_picked":["ReplaySolidLightProjector","Go for the Eyes"],"picked":"Conserve Battery+1","floor":18},{"not_picked":["BasicCrystalCard+1","Force Field"],"picked":"Capacitor","floor":19},{"not_picked":["ReplayTheSpireMod:??????????????????????","hubris:InfiniteBlow"],"picked":"infinitespire:Punishment","floor":21},{"not_picked":["hubris:SpecializedCircuitry","ReplayTheSpireMod:Reroute Power"],"picked":"Hologram+1","floor":23},{"not_picked":["Mirror Shield","hubris:PowerSurge"],"picked":"Cold Snap","floor":28},{"not_picked":["Gash+1","Tempest","Steam"],"picked":"SKIP","floor":29},{"not_picked":["Compile Driver","Steam"],"picked":"Sweeping Beam+1","floor":31},{"not_picked":["hubris:SpecializedCircuitry","hubris:DoWhile"],"picked":"Echo Form","floor":33},{"not_picked":["Panic Button","Rebound+1"],"picked":"conspire:Rain","floor":35},{"not_picked":["Sweeping Beam","Beam Cell+1","hubris:DoWhile"],"picked":"SKIP","floor":37},{"not_picked":["Reprogram","Beam Cell+1","Hologram"],"picked":"SKIP","floor":38},{"not_picked":["Cold Snap+1","Genetic Algorithm+1","Coolheaded+1"],"picked":"SKIP","floor":40},{"not_picked":["Cold Snap+1","Genetic Algorithm+1"],"picked":"Coolheaded+1","floor":40},{"not_picked":["Redo+1","Sunder+1","Aggregate+1"],"picked":"SKIP","floor":41},{"not_picked":["Beam Cell+1","Streamline+1"],"picked":"Go for the Eyes+1","floor":43},{"not_picked":["Panic Button+1","conspire:Rain+1"],"picked":"Defragment","floor":46},{"not_picked":["ReplaySolidLightProjector","Steam Power"],"picked":"Static Discharge+1","floor":54}],"player_experience":622725,"relics_obtained":[{"floor":6,"key":"vexMod:MemoryStick"},{"floor":14,"key":"Winged Necklace"},{"floor":23,"key":"LagranYue:ReturningEmperorRelic"},{"floor":26,"key":"Shuriken"},{"floor":31,"key":"infinitespire:SolderingIron"},{"floor":40,"key":"Replay:Bottled Eggs"},{"floor":43,"key":"infinitespire:FocusingShard"},{"floor":46,"key":"Runesmith:AutoHammer"},{"floor":48,"key":"hubris:FunFungus"},{"floor":54,"key":"Pen Nib"}],"event_choices":[{"damage_healed":0,"gold_gain":0,"player_choice":"Lose Max HP","damage_taken":0,"relics_obtained":["Golden Idol"],"max_hp_gain":0,"max_hp_loss":6,"event_name":"Golden Idol","floor":3,"gold_loss":0},{"damage_healed":31,"gold_gain":0,"player_choice":"Upgrade","damage_taken":14,"max_hp_gain":0,"max_hp_loss":69,"event_name":"betterThird:BetterShining","floor":8,"gold_loss":0,"cards_upgraded":["Cold Snap","FTL"]},{"damage_healed":0,"gold_gain":0,"player_choice":"Got Potions","damage_taken":0,"max_hp_gain":0,"max_hp_loss":0,"event_name":"Lab","floor":12,"gold_loss":0},{"damage_healed":0,"gold_gain":0,"player_choice":"Cursed","damage_taken":0,"max_hp_gain":0,"max_hp_loss":0,"event_name":"Wheel of Change","floor":36,"gold_loss":0,"cards_obtained":["Decay"]}],"is_beta":false,"boss_relics":[{"not_picked":["Sozu","hubris:TerracottaHorce"],"picked":"energizedSpire:OldTV"},{"not_picked":["energizedSpire:NeverEndingSparkler","vexMod:DeviousBotling"],"picked":"Replay:Fungal Core"}],"items_purged_floors":[39],"is_endless":false,"potions_floor_spawned":[1,2,6,14,16,18,23,29,31,35,38,41,46],"ascension_level":3}}