{"host":"yks98ofmy52hj7my","time":1609618417,"event":{"mods":["BaseMod","Block Reminder","Colored Powertips","Halation","Hubris","Minty Spire (QoL Compilation)","Rare Cards Sparkle","Replay The Spire","StSLib"],"gold_per_floor":[115,189,204,218,218,245,314,326,376,376,376,376],"floor_reached":11,"playtime":406,"items_purged":[],"score":110,"play_id":"205e7e03-3487-453f-9975-641000712507","local_time":"20210102181337","is_ascension_mode":true,"campfire_choices":[],"circlet_count":0,"master_deck":["AscendersBane","Strike_R","Strike_R","Strike_R","Strike_R","Strike_R","Defend_R","Defend_R","Defend_R","Defend_R","Bash","Armaments","Clash","Heavy Blade","Searing Blow","Regret","Life Link"],"relics":["Burning Blood","Boot","Gremlin Horn","Centennial Puzzle"],"acts_visited":["Exordium"],"potions_floor_usage":[6,11],"damage_taken":[{"damage":1,"enemies":"Cultist","floor":1,"turns":4},{"damage":7,"enemies":"2 Louse","floor":3,"turns":4},{"damage":2,"enemies":"Jaw Worm","floor":4,"turns":4},{"damage":8,"enemies":"Gremlin Nob","floor":6,"turns":3},{"damage":12,"enemies":"2 Fungi Beasts","floor":8,"turns":3},{"damage":81,"enemies":"3 Sentries","floor":11,"turns":9}],"seed_played":"-4336958300853762460","potions_obtained":[{"floor":4,"key":"Fire Potion"},{"floor":6,"key":"Energy Potion"},{"floor":8,"key":"Milkshake"}],"is_trial":false,"path_per_floor":["M","T","M","M","?","E","?","M","T","$","E"],"character_chosen":"IRONCLAD","items_purchased":[],"campfire_rested":0,"item_purchase_floors":[],"current_hp_per_floor":[77,77,76,80,80,78,78,72,72,72,0,0],"gold":376,"neow_bonus":"THREE_CARDS","is_daily":false,"chose_seed":false,"campfire_upgraded":0,"win_rate":0.0,"timestamp":1609618417,"path_taken":["M","?","M","M","?","E","?","M","T","$","E"],"items_purchased_type":[],"build_version":"2020-12-22","purchased_purges":0,"victory":false,"max_hp_per_floor":[80,80,80,80,80,80,80,80,80,80,80,80],"card_choices":[{"not_picked":["Dark Embrace","Thunderclap"],"picked":"Armaments","floor":0},{"not_picked":["Havoc","ReplayReversal"],"picked":"Clash","floor":1},{"not_picked":["Evolve","Flex"],"picked":"Heavy Blade","floor":3},{"not_picked":["Twin Strike","Iron Wave"],"picked":"Searing Blow","floor":4},{"not_picked":["Dual Wield","Thunderclap"],"picked":"Life Link","floor":6},{"not_picked":["Thunderclap","Iron Wave","ReplayTheSpireMod:Strike From Hell"],"picked":"SKIP","floor":8}],"player_experience":462166,"relics_obtained":[{"floor":6,"key":"Gremlin Horn"},{"floor":9,"key":"Centennial Puzzle"}],"event_choices":[{"damage_healed":0,"gold_gain":0,"player_choice":"Box","damage_taken":0,"relics_obtained":["Boot"],"max_hp_gain":0,"max_hp_loss":0,"event_name":"Big Fish","floor":5,"gold_loss":0,"cards_obtained":["Regret"]},{"damage_healed":0,"gold_gain":69,"player_choice":"Gained Gold","damage_taken":0,"max_hp_gain":0,"max_hp_loss":0,"event_name":"Golden Wing","floor":7,"gold_loss":0}],"is_beta":false,"boss_relics":[],"items_purged_floors":[],"is_endless":false,"potions_floor_spawned":[4,6,8],"killed_by":"3 Sentries","ascension_level":10}}