{"host":"Scherbius","time":1609594550,"event":{"mods":["BaseMod","Bestiary","Highlight Path","Minty Spire (QoL Compilation)","Relic Stats"],"gold_per_floor":[116,135,149,4,24,52,69,103,103,103,103,121,121,221,221,317,317,332,81,81,92,111,111,141,141,141,141,154,170,202,202,202,202,202],"floor_reached":33,"playtime":7182,"items_purged":["Strike_B","Parasite"],"score":382,"play_id":"af471e11-ba4a-439e-a4e1-8c5dba5a4c59","local_time":"20210102073550","is_ascension_mode":true,"campfire_choices":[{"data":"Creative AI","floor":15.0,"key":"SMITH"},{"data":"Fission","floor":23.0,"key":"SMITH"},{"floor":25,"key":"REST"},{"floor":27,"key":"REST"},{"floor":32,"key":"REST"}],"circlet_count":0,"master_deck":["Strike_B","Defend_B","Defend_B","Defend_B","Zap","Dualcast","Ball Lightning","Conserve Battery","Go for the Eyes","Defragment","Lockon","Creative AI+1","Glacier","Sweeping Beam","Fission+1","RitualDagger","Defragment","Consume+1","Double Energy","Rebound+1"],"relics":["Runic Pyramid","Singing Bowl","Vajra","Kunai","Thread and Needle","Empty Cage","ClockworkSouvenir","Mercury Hourglass","HornCleat","Matryoshka"],"acts_visited":["Exordium","TheCity"],"potions_floor_usage":[24,24,30],"damage_taken":[{"damage":0.0,"enemies":"2 Louse","floor":1.0,"turns":3.0},{"damage":2.0,"enemies":"Jaw Worm","floor":2.0,"turns":3.0},{"damage":0.0,"enemies":"Cultist","floor":3.0,"turns":3.0},{"damage":7.0,"enemies":"2 Fungi Beasts","floor":5.0,"turns":3.0},{"damage":11.0,"enemies":"Gremlin Nob","floor":6.0,"turns":4.0},{"damage":0.0,"enemies":"Looter","floor":7.0,"turns":3.0},{"damage":31.0,"enemies":"Lagavulin","floor":8.0,"turns":6.0},{"damage":0.0,"enemies":"Large Slime","floor":12.0,"turns":7.0},{"damage":0.0,"enemies":"Hexaghost","floor":16.0,"turns":12.0},{"damage":0.0,"enemies":"Chosen","floor":18.0,"turns":5.0},{"damage":23.0,"enemies":"2 Thieves","floor":21.0,"turns":4.0},{"damage":6.0,"enemies":"Snecko","floor":22.0,"turns":7.0},{"damage":36,"enemies":"Gremlin Leader","floor":24,"turns":10},{"damage":10,"enemies":"Centurion and Healer","floor":28,"turns":7},{"damage":9,"enemies":"Shelled Parasite and Fungi","floor":29,"turns":7},{"damage":17,"enemies":"Slavers","floor":30,"turns":7},{"damage":13,"enemies":"Colosseum Slavers","floor":31,"turns":3},{"damage":36,"enemies":"Automaton","floor":33,"turns":10}],"seed_played":"-6745043753968813330","potions_obtained":[{"floor":1.0,"key":"Dexterity Potion"},{"floor":3.0,"key":"Ancient Potion"},{"floor":7.0,"key":"CultistPotion"},{"floor":12.0,"key":"LiquidBronze"},{"floor":16.0,"key":"Weak Potion"},{"floor":18.0,"key":"FocusPotion"},{"floor":21.0,"key":"LiquidMemories"},{"floor":29,"key":"SkillPotion"}],"is_trial":false,"path_per_floor":["M","M","M","$","M","E","M","E","T","?","?","M","T","?","R","B",null,"M","$","?","M","M","R","E","R","T","R","M","M","E","?","R","B"],"character_chosen":"DEFECT","items_purchased":["Defragment","ClockworkSouvenir"],"campfire_rested":3,"item_purchase_floors":[4,19],"current_hp_per_floor":[75,73,73,73,66,55,57,26,26,19,38,38,38,38,38,38,77,79,76,70,47,41,41,5,27,27,49,41,34,17,4,28,0,0],"gold":202,"neow_bonus":"BOSS_RELIC","is_daily":false,"chose_seed":false,"campfire_upgraded":2,"win_rate":0.0,"timestamp":1609594550,"path_taken":["M","M","M","$","M","E","M","E","T","?","?","M","?","?","R","BOSS","M","$","?","M","M","R","E","R","T","R","M","M","E","?","R","BOSS"],"items_purchased_type":["Card","Relic"],"build_version":"2020-12-18","purchased_purges":2,"victory":false,"max_hp_per_floor":[75,75,75,75,75,75,77,77,77,77,77,77,77,77,77,77,77,79,76,76,76,76,76,76,76,76,76,78,80,80,80,80,80,80],"relic_stats":{"Singing Bowl":8,"counters":[18,104],"Kunai":[16],"obtain_stats":[{"HornCleat":26,"Matryoshka":30,"Singing Bowl":6,"Vajra":8,"Thread and Needle":13,"Kunai":9,"Cracked Core":0,"Empty Cage":17,"Runic Pyramid":0,"ClockworkSouvenir":19,"Mercury Hourglass":24},{"HornCleat":13,"Matryoshka":16,"Singing Bowl":5,"Vajra":7,"Thread and Needle":8,"Kunai":7,"Cracked Core":0,"Empty Cage":9,"Runic Pyramid":0,"ClockworkSouvenir":10,"Mercury Hourglass":13},{"HornCleat":70,"Matryoshka":91,"Singing Bowl":16,"Vajra":25,"Thread and Needle":32,"Kunai":25,"Cracked Core":0,"Empty Cage":44,"Runic Pyramid":0,"ClockworkSouvenir":49,"Mercury Hourglass":70}],"Mercury Hourglass":[132]},"card_choices":[{"not_picked":["Hologram","Scrape"],"picked":"Ball Lightning","floor":1.0},{"not_picked":["Lockon","Redo"],"picked":"Conserve Battery","floor":2.0},{"not_picked":["Doom and Gloom","Barrage"],"picked":"Go for the Eyes","floor":3.0},{"not_picked":["Rebound","Cold Snap"],"picked":"Lockon","floor":5.0},{"not_picked":["Stack","Sweeping Beam"],"picked":"Creative AI","floor":6.0},{"not_picked":["Steam Power","Gash","Barrage"],"picked":"Singing Bowl","floor":7.0},{"not_picked":["Creative AI","Rip and Tear"],"picked":"Glacier","floor":8.0},{"not_picked":["Ball Lightning","Conserve Battery"],"picked":"Sweeping Beam","floor":12.0},{"not_picked":["Biased Cognition","Hyperbeam"],"picked":"Fission","floor":16.0},{"not_picked":["Barrage","Ball Lightning","Redo"],"picked":"Singing Bowl","floor":18.0},{"not_picked":["Hologram","Doom and Gloom"],"picked":"Defragment","floor":21.0},{"not_picked":["Glacier+1","Darkness"],"picked":"Consume+1","floor":22.0},{"not_picked":["Reinforced Body","Leap"],"picked":"Double Energy","floor":24},{"not_picked":["Go for the Eyes","Rebound","Gash"],"picked":"Singing Bowl","floor":28},{"not_picked":["Fission","Storm","Leap"],"picked":"Singing Bowl","floor":29},{"not_picked":["Skim","Compile Driver"],"picked":"Rebound+1","floor":30}],"player_experience":219954,"relics_obtained":[{"floor":6.0,"key":"Singing Bowl"},{"floor":8.0,"key":"Vajra"},{"floor":9.0,"key":"Kunai"},{"floor":13.0,"key":"Thread and Needle"},{"floor":24,"key":"Mercury Hourglass"},{"floor":26,"key":"HornCleat"},{"floor":30,"key":"Matryoshka"}],"event_choices":[{"cards_removed":["Strike_B"],"damage_healed":0.0,"max_hp_gain":0.0,"max_hp_loss":0.0,"gold_gain":0.0,"event_name":"Golden Wing","player_choice":"Card Removal","floor":10.0,"gold_loss":0.0,"damage_taken":7.0},{"damage_healed":19.0,"max_hp_gain":0.0,"max_hp_loss":0.0,"gold_gain":0.0,"event_name":"Mushrooms","player_choice":"Healed and dodged fight","floor":11.0,"gold_loss":0.0,"damage_taken":0.0,"cards_obtained":["Parasite"]},{"damage_healed":0.0,"max_hp_gain":0.0,"max_hp_loss":0.0,"gold_gain":100.0,"event_name":"Golden Shrine","player_choice":"Pray","floor":14.0,"gold_loss":0.0,"damage_taken":0.0},{"damage_healed":0.0,"max_hp_gain":0.0,"max_hp_loss":0.0,"gold_gain":0.0,"event_name":"Nest","player_choice":"Joined the Cult","floor":20.0,"gold_loss":0.0,"damage_taken":6.0,"cards_obtained":["RitualDagger"]},{"damage_healed":0,"gold_gain":0,"player_choice":"Fight","damage_taken":0,"max_hp_gain":0,"max_hp_loss":0,"event_name":"Colosseum","floor":31,"gold_loss":0},{"damage_healed":0,"gold_gain":0,"player_choice":"Fled From Nobs","damage_taken":0,"max_hp_gain":0,"max_hp_loss":0,"event_name":"Colosseum","floor":31,"gold_loss":0}],"is_beta":true,"boss_relics":[{"not_picked":["Philosopher\u0027s Stone","Tiny House"],"picked":"Empty Cage"}],"items_purged_floors":[4,19],"is_endless":false,"potions_floor_spawned":[1,3,7,12,16,18,21,29,31],"killed_by":"Automaton","ascension_level":2}}