{"host":"3l94tha3a4jgu0q4","time":1609556975,"event":{"mods":["2.2 Compatiblity","AchievementEnabler","BaseMod","Colored Map","Colored Powertips","Highlight Path","Minty Spire (QoL Compilation)","Permanent Neow","StSLib","SuperFastMode"],"gold_per_floor":[112,123,123,123,123,123,137,168,168,179,211,56,56,85,85,189,189,204,221,221,233,265,290,290,324,401,401,419,453,464,492,492,587,587,600,822,833,849,903,929,929,929,982,982,1005,1020,1055,1065,1065,1065,1065,1065,154,187,187],"floor_reached":56,"playtime":2068,"items_purged":["Strike_P","Strike_P"],"score":2276,"play_id":"8405dff6-a27c-40f9-a870-f9f40d7e85f4","local_time":"20210101190935","is_ascension_mode":true,"campfire_choices":[{"data":"MentalFortress","floor":15.0,"key":"SMITH"},{"data":"Vault","floor":24.0,"key":"SMITH"},{"data":"TalkToTheHand","floor":27.0,"key":"SMITH"},{"data":"TalkToTheHand","floor":32.0,"key":"SMITH"},{"floor":44.0,"key":"RECALL"},{"data":"FlurryOfBlows","floor":49.0,"key":"SMITH"},{"data":"Evaluate","floor":52,"key":"SMITH"}],"circlet_count":0,"master_deck":["AscendersBane","Defend_P","Defend_P+1","Defend_P","Defend_P","Eruption+1","Vigilance","Evaluate+1","FlurryOfBlows+1","FlurryOfBlows+1","ReachHeaven+1","MentalFortress+1","Halt","FearNoEvil","Indignation","TalkToTheHand+1","Vault+1","WaveOfTheHand+1","TalkToTheHand+1","Adaptation+1","WheelKick+1","EmptyBody+1","Panacea+1","PanicButton+1","Master of Strategy+1","Madness+1","Madness+1","DevaForm+1","FlurryOfBlows+1","FlurryOfBlows+1","Adaptation+1","ClearTheMind+1","Perseverance+1","Jack Of All Trades+1","Thinking Ahead+1","Indignation+1"],"relics":["Black Star","HornCleat","TungstenRod","White Beast Statue","Oddly Smooth Stone","Kunai","Art of War","Vajra","Sundial","Busted Crown","Red Mask","Anchor","Letter Opener","Incense Burner","Strawberry","Meat on the Bone","Gremlin Horn","Frozen Egg 2","Unceasing Top","Smiling Mask","Philosopher\u0027s Stone","WingedGreaves","Toxic Egg 2","Potion Belt","Blood Vial","Question Card","Molten Egg 2","Centennial Puzzle","Orichalcum","Whetstone","TeardropLocket"],"acts_visited":["Exordium","TheCity","TheBeyond","TheEnding"],"potions_floor_usage":[55,55,55],"damage_taken":[{"damage":4.0,"enemies":"Small Slimes","floor":1.0,"turns":4.0},{"damage":2.0,"enemies":"2 Louse","floor":2.0,"turns":3.0},{"damage":0.0,"enemies":"Jaw Worm","floor":7.0,"turns":4.0},{"damage":7.0,"enemies":"3 Sentries","floor":8.0,"turns":12.0},{"damage":0.0,"enemies":"3 Louse","floor":10.0,"turns":3.0},{"damage":12.0,"enemies":"Lagavulin","floor":11.0,"turns":5.0},{"damage":1.0,"enemies":"3 Sentries","floor":14.0,"turns":7.0},{"damage":0.0,"enemies":"Slime Boss","floor":16.0,"turns":6.0},{"damage":5.0,"enemies":"Shell Parasite","floor":18.0,"turns":8.0},{"damage":5.0,"enemies":"Chosen","floor":19.0,"turns":5.0},{"damage":0.0,"enemies":"Centurion and Healer","floor":21.0,"turns":7.0},{"damage":7.0,"enemies":"Masked Bandits","floor":22.0,"turns":5.0},{"damage":19.0,"enemies":"Slavers","floor":23.0,"turns":9.0},{"damage":0.0,"enemies":"Book of Stabbing","floor":25.0,"turns":5.0},{"damage":0.0,"enemies":"Snecko","floor":28.0,"turns":9.0},{"damage":19.0,"enemies":"Gremlin Leader","floor":29.0,"turns":10.0},{"damage":11.0,"enemies":"Chosen and Byrds","floor":30.0,"turns":11.0},{"damage":3.0,"enemies":"Slavers","floor":31.0,"turns":5.0},{"damage":16.0,"enemies":"Automaton","floor":33.0,"turns":8.0},{"damage":8.0,"enemies":"3 Darklings","floor":35.0,"turns":5.0},{"damage":0.0,"enemies":"3 Shapes","floor":37.0,"turns":6.0},{"damage":0.0,"enemies":"Sphere and 2 Shapes","floor":38.0,"turns":4.0},{"damage":0.0,"enemies":"2 Orb Walkers","floor":39.0,"turns":5.0},{"damage":0.0,"enemies":"Reptomancer","floor":40.0,"turns":4.0},{"damage":0.0,"enemies":"4 Shapes","floor":46.0,"turns":6.0},{"damage":0.0,"enemies":"Giant Head","floor":47.0,"turns":8.0},{"damage":0.0,"enemies":"Maw","floor":48.0,"turns":6.0},{"damage":0,"enemies":"Awakened One","floor":50,"turns":8},{"damage":4,"enemies":"Shield and Spear","floor":54,"turns":4},{"damage":48,"enemies":"The Heart","floor":55,"turns":13}],"seed_played":"8206484234383425264","potions_obtained":[{"floor":2.0,"key":"StancePotion"},{"floor":10.0,"key":"SkillPotion"},{"floor":11.0,"key":"SpeedPotion"},{"floor":16.0,"key":"SteroidPotion"},{"floor":18.0,"key":"ColorlessPotion"},{"floor":19.0,"key":"SkillPotion"},{"floor":21.0,"key":"LiquidMemories"},{"floor":22.0,"key":"Energy Potion"},{"floor":23.0,"key":"LiquidBronze"},{"floor":25.0,"key":"Fire Potion"},{"floor":28.0,"key":"PowerPotion"},{"floor":29.0,"key":"Swift Potion"},{"floor":30.0,"key":"Swift Potion"},{"floor":31.0,"key":"SpeedPotion"},{"floor":33.0,"key":"DuplicationPotion"},{"floor":35.0,"key":"EntropicBrew"},{"floor":38.0,"key":"LiquidMemories"},{"floor":39.0,"key":"AttackPotion"},{"floor":40.0,"key":"FairyPotion"},{"floor":46.0,"key":"SkillPotion"},{"floor":47.0,"key":"PowerPotion"},{"floor":48.0,"key":"SpeedPotion"}],"is_trial":false,"path_per_floor":["M","M","?","?","?","?","M","E","T","M","E","$","?","E","R","B",null,"M","M","?","M","?","E","R","E","T","R","M","E","M","E","R","B",null,"M","?","M","M","?","E","?","?","T","R","T","M","E","M","R","B",null,"R","$","E","B",null],"character_chosen":"WATCHER","items_purchased":["FearNoEvil","FlurryOfBlows+1","Adaptation+1","Centennial Puzzle","Orichalcum","ClearTheMind+1","Perseverance+1","Jack Of All Trades+1","Thinking Ahead+1","PowerPotion"],"campfire_rested":0,"item_purchase_floors":[12,53,53,53,53,53,53,53,53,53],"current_hp_per_floor":[61,59,47,33,33,26,26,19,19,19,7,7,7,6,6,6,56,51,46,70,70,63,44,44,51,51,51,51,44,45,42,42,38,69,61,61,61,61,61,61,52,43,43,43,43,45,47,49,49,51,72,72,72,70,36],"gold":187,"neow_bonus":"BOSS_RELIC","is_daily":false,"chose_seed":false,"campfire_upgraded":6,"win_rate":0.0,"timestamp":1609556975,"path_taken":["M","M","?","?","?","?","?","E","T","M","E","$","?","E","R","BOSS","M","?","?","M","?","E","R","E","T","R","M","E","M","E","R","BOSS","M","?","M","M","?","E","?","?","T","R","?","M","E","?","R","BOSS","R","$","E","BOSS"],"items_purchased_type":["Card","Card","Card","Relic","Relic","Card","Card","Card","Card","Potion"],"build_version":"2020-12-22","purchased_purges":2,"victory":true,"max_hp_per_floor":[72,72,72,72,72,72,72,72,72,72,72,72,72,72,72,72,72,72,72,72,72,72,72,72,79,79,79,79,79,79,79,79,79,79,79,79,79,79,79,79,79,79,79,79,79,79,79,79,79,79,79,79,79,79,79],"card_choices":[{"not_picked":["JustLucky","PathToVictory"],"picked":"Evaluate","floor":1.0},{"not_picked":["SignatureMove","ThirdEye"],"picked":"FlurryOfBlows","floor":2.0},{"not_picked":["ClearTheMind","Crescendo"],"picked":"FlurryOfBlows","floor":7.0},{"not_picked":["Meditate","CarveReality"],"picked":"ReachHeaven","floor":8.0},{"not_picked":["ConjureBlade","ForeignInfluence"],"picked":"MentalFortress","floor":10.0},{"not_picked":["CrushJoints","JustLucky"],"picked":"Halt","floor":11.0},{"not_picked":["Prostrate","Sanctity"],"picked":"TalkToTheHand","floor":14.0},{"not_picked":["ConjureBlade","DevaForm"],"picked":"Vault","floor":16.0},{"not_picked":["SignatureMove"],"picked":"SKIP","floor":18.0},{"not_picked":[],"picked":"WaveOfTheHand+1","floor":19.0},{"not_picked":[],"picked":"TalkToTheHand","floor":21.0},{"not_picked":["JustLucky"],"picked":"SKIP","floor":23.0},{"not_picked":["SignatureMove"],"picked":"SKIP","floor":25.0},{"not_picked":["JustLucky+1"],"picked":"SKIP","floor":28.0},{"not_picked":[],"picked":"Adaptation+1","floor":29.0},{"not_picked":[],"picked":"WheelKick+1","floor":30.0},{"not_picked":["Prostrate"],"picked":"SKIP","floor":31.0},{"not_picked":["SashWhip"],"picked":"SKIP","floor":35.0},{"not_picked":["Pray+1"],"picked":"SKIP","floor":37.0},{"not_picked":["Halt"],"picked":"SKIP","floor":38.0},{"not_picked":[],"picked":"EmptyBody+1","floor":39.0},{"not_picked":["CrushJoints+1"],"picked":"SKIP","floor":40.0},{"not_picked":[],"picked":"Panacea+1","floor":41.0},{"not_picked":[],"picked":"PanicButton+1","floor":41.0},{"not_picked":[],"picked":"Master of Strategy+1","floor":41.0},{"not_picked":["Prostrate+1"],"picked":"SKIP","floor":46.0},{"not_picked":[],"picked":"DevaForm+1","floor":47.0},{"not_picked":["TalkToTheHand+1"],"picked":"FlurryOfBlows+1","floor":48.0},{"not_picked":["FollowUp+1"],"picked":"Indignation+1","floor":54}],"player_experience":1869785,"relics_obtained":[{"floor":8.0,"key":"TungstenRod"},{"floor":8.0,"key":"White Beast Statue"},{"floor":9.0,"key":"Oddly Smooth Stone"},{"floor":11.0,"key":"Kunai"},{"floor":11.0,"key":"Art of War"},{"floor":14.0,"key":"Vajra"},{"floor":14.0,"key":"Sundial"},{"floor":22.0,"key":"Red Mask"},{"floor":23.0,"key":"Anchor"},{"floor":23.0,"key":"Letter Opener"},{"floor":25.0,"key":"Incense Burner"},{"floor":25.0,"key":"Strawberry"},{"floor":26.0,"key":"Meat on the Bone"},{"floor":29.0,"key":"Gremlin Horn"},{"floor":29.0,"key":"Frozen Egg 2"},{"floor":31.0,"key":"Unceasing Top"},{"floor":31.0,"key":"Smiling Mask"},{"floor":39.0,"key":"WingedGreaves"},{"floor":40.0,"key":"Toxic Egg 2"},{"floor":40.0,"key":"Potion Belt"},{"floor":45.0,"key":"Blood Vial"},{"floor":47.0,"key":"Question Card"},{"floor":47.0,"key":"Molten Egg 2"},{"floor":54,"key":"Whetstone"},{"floor":54,"key":"TeardropLocket"}],"event_choices":[{"damage_healed":0.0,"max_hp_gain":0.0,"max_hp_loss":0.0,"gold_gain":0.0,"event_name":"Scrap Ooze","player_choice":"Success","floor":3.0,"gold_loss":0.0,"damage_taken":12.0,"relics_obtained":["HornCleat"]},{"damage_healed":0.0,"max_hp_gain":0.0,"max_hp_loss":0.0,"gold_gain":0.0,"event_name":"Shining Light","player_choice":"Entered Light","floor":4.0,"gold_loss":0.0,"damage_taken":14.0,"cards_upgraded":["Eruption","Defend_P"]},{"damage_healed":0.0,"max_hp_gain":0.0,"max_hp_loss":0.0,"gold_gain":0.0,"event_name":"Liars Game","player_choice":"Ignored","floor":5.0,"gold_loss":0.0,"damage_taken":0.0},{"cards_removed":["Strike_P"],"damage_healed":0.0,"max_hp_gain":0.0,"max_hp_loss":0.0,"gold_gain":0.0,"event_name":"Golden Wing","player_choice":"Card Removal","floor":6.0,"gold_loss":0.0,"damage_taken":7.0},{"damage_healed":0.0,"max_hp_gain":0.0,"max_hp_loss":0.0,"gold_gain":0.0,"cards_transformed":["Strike_P"],"event_name":"Transmorgrifier","player_choice":"Transformed","floor":13.0,"gold_loss":0.0,"damage_taken":0.0,"cards_obtained":["Indignation"]},{"damage_healed":24.0,"max_hp_gain":0.0,"max_hp_loss":0.0,"gold_gain":0.0,"event_name":"The Library","player_choice":"Heal","floor":20.0,"gold_loss":0.0,"damage_taken":0.0},{"damage_healed":0.0,"max_hp_gain":0.0,"max_hp_loss":0.0,"gold_gain":0.0,"event_name":"Masked Bandits","player_choice":"Fought Bandits","floor":22.0,"gold_loss":0.0,"damage_taken":0.0},{"damage_healed":0.0,"max_hp_gain":0.0,"max_hp_loss":0.0,"gold_gain":222.0,"event_name":"Tomb of Lord Red Mask","player_choice":"Wore Mask","floor":36.0,"gold_loss":0.0,"damage_taken":0.0},{"damage_healed":0.0,"max_hp_gain":0.0,"max_hp_loss":0.0,"gold_gain":0.0,"event_name":"Mysterious Sphere","player_choice":"Fight","floor":39.0,"gold_loss":0.0,"damage_taken":0.0},{"damage_healed":0.0,"max_hp_gain":0.0,"max_hp_loss":0.0,"gold_gain":0.0,"event_name":"SensoryStone","player_choice":"Memory 3","floor":41.0,"gold_loss":0.0,"damage_taken":10.0},{"damage_healed":0.0,"max_hp_gain":0.0,"max_hp_loss":0.0,"gold_gain":0.0,"event_name":"Winding Halls","player_choice":"Embrace Madness","floor":42.0,"gold_loss":0.0,"damage_taken":10.0,"cards_obtained":["Madness","Madness"]}],"is_beta":false,"boss_relics":[{"not_picked":["SlaversCollar","Coffee Dripper"],"picked":"Busted Crown"},{"not_picked":["Cursed Key","Pandora\u0027s Box"],"picked":"Philosopher\u0027s Stone"}],"items_purged_floors":[12,53],"is_endless":false,"potions_floor_spawned":[2,10,11,16,18,19,21,22,23,25,28,29,30,31,33,35,37,38,39,40,46,47,48,54],"ascension_level":11}}