{"host":"t7rtdu4954o308h4","time":1609570224,"event":{"mods":["ATMod(阿瑾Mod)","AchievementEnabler","Act Like it!","BaseMod","Conspire","GifTheSpireLib","Infinite Spire","Minty Spire (QoL Compilation)","MostiFishMod","Pale of the Ancients","Replay The Spire","StSLib","TestMod","The Marked","Waifu the Spire","【功能Mod】聪明的最终Boss","【遗物卡牌】REMEMod"],"gold_per_floor":[118,131,141,156,203,235,251,251,331,331,362,245,270,338,338,417,417,461,461,472,123,141,141,141,151,151,151,164,174,204,220,220,291,291,306,306,356,356,356,356,400,400,423,80,96,122,165,165,165,213,213],"floor_reached":50,"playtime":2957,"items_purged":["Defend_B","Defend_B","Defend_B"],"score":1414,"play_id":"186ba0ae-3afd-4800-bb09-c1e5d4fa9a7c","local_time":"20210102145023","is_ascension_mode":true,"campfire_choices":[{"data":"AT_EmpoweredMortalDraw","floor":8.0,"key":"SMITH"},{"floor":15.0,"key":"REST"},{"data":"ReplayTheSpireMod:Fabricate Wheel","floor":23.0,"key":"SMITH"},{"floor":27.0,"key":"REST"},{"data":"ReplayTheSpireMod:GoodbyeWorld","floor":32.0,"key":"SMITH"},{"data":"Loop","floor":40.0,"key":"SMITH"},{"data":"AT_ThreeBodyProblem","floor":42.0,"key":"SMITH"},{"data":"MostiFishMod:GatherIntelligence","floor":49.0,"key":"SMITH"}],"circlet_count":0,"master_deck":["AscendersBane","Strike_B","Strike_B","Strike_B","Defend_B","Zap","Dualcast","theMarked:Panic","AT_FamilyPortrait","AT_EmpoweredMortalDraw+1","AT_WarpDrive","Gash","Darkness","BasicCrystalCard","MostiFishMod:DawningShadow","Hello World","Consume","MostiFishMod:GatherIntelligence+1","AT_ThreeBodyProblem+1","Static Discharge","Force Field","ReplayRNGCard","REME_SelfUpgrade","AT_WaterDrop+1","MostiFishMod:DawningShadow+1","Lockon+1","Loop+1","MostiFishMod:IntelligentEquipment+1","MostiFishMod:ReadyAimFire+1","Self Repair","ReplayTheSpireMod:GoodbyeWorld+1","MostiFishMod:Overload+1","Fusion+1","Overencumbered","Sickly","infinitespire:SealOfDarkness+","Hyperbeam+1","CommonCold","Heatsinks","AT_RightCognition+1","REME_DataAnalysis","Rainbow+1","Clumsy","conspire:NecroticWound"],"relics":["AT_ATBox","DaveBox","testmod-TestBox","REME_ComplimentaryCards","testmod-GiftOfSatan","Medical Kit","AT_MortalBlade","SynthV:TestCard","testmod-AssaultLearning","infinitespire:Bottled Soul","SynthV:C4","TungstenRod","testmod-BatchProcessingSystem","BrkXgEgg","REME_PuzzleBoxRelic","Prayer Wheel","Bag of Preparation","testmod-Fanaticism","RhineCircuit","Ring of Greed","Ring of Hypnosis","infinitespire:Midas Blood","Replay:Bandana","Du-Vu Doll","infinitespire:Freezer","AT_TimeSand","conspire:TopHat","testmod-OneHitWonder"],"acts_visited":["Exordium","TheCity","TheBeyond"],"potions_floor_usage":[50],"damage_taken":[{"damage":0.0,"enemies":"2 Louse","floor":1.0,"turns":1.0},{"damage":0.0,"enemies":"infinitespire:Voidling","floor":2.0,"turns":1.0},{"damage":1.0,"enemies":"Small Slimes","floor":3.0,"turns":2.0},{"damage":0.0,"enemies":"Exordium Thugs","floor":4.0,"turns":1.0},{"damage":0.0,"enemies":"3 Louse","floor":5.0,"turns":1.0},{"damage":30.0,"enemies":"3 Sentries","floor":6.0,"turns":3.0},{"damage":8.0,"enemies":"Blue Slaver","floor":7.0,"turns":4.0},{"damage":8.0,"enemies":"Gremlin Nob","floor":11.0,"turns":3.0},{"damage":19.0,"enemies":"conspire:MimicChest","floor":13.0,"turns":3.0},{"damage":26.0,"enemies":"Hexaghost","floor":16.0,"turns":5.0},{"damage":0.0,"enemies":"Chosen","floor":18.0,"turns":3.0},{"damage":35.0,"enemies":"2 Thieves","floor":20.0,"turns":2.0},{"damage":23.0,"enemies":"Snake Plant","floor":22.0,"turns":4.0},{"damage":9.0,"enemies":"conspire:HollyBat","floor":25.0,"turns":5.0},{"damage":0.0,"enemies":"Sentry and Sphere","floor":28.0,"turns":2.0},{"damage":8.0,"enemies":"Centurion and Healer","floor":29.0,"turns":2.0},{"damage":10.0,"enemies":"conspire:Head Lice","floor":30.0,"turns":4.0},{"damage":0.0,"enemies":"Snake Plant","floor":31.0,"turns":1.0},{"damage":65.0,"enemies":"Champ","floor":33.0,"turns":7.0},{"damage":0.0,"enemies":"3 Shapes","floor":35.0,"turns":1.0},{"damage":14.0,"enemies":"Giant Head","floor":41.0,"turns":3.0},{"damage":26.0,"enemies":"infinitespire:Three Voidlings","floor":44.0,"turns":2.0},{"damage":58.0,"enemies":"Nightmare_Alpha","floor":44.0,"turns":6.0},{"damage":0.0,"enemies":"3 Darklings","floor":45.0,"turns":1.0},{"damage":19.0,"enemies":"Jaw Worm Horde","floor":46.0,"turns":2.0},{"damage":0.0,"enemies":"R_Hoarder","floor":47.0,"turns":3.0},{"damage":470,"enemies":"Donu and Deca","floor":50,"turns":11}],"seed_played":"-4028355795934301284","potions_obtained":[{"floor":2.0,"key":"SteroidPotion"},{"floor":3.0,"key":"Weak Potion"},{"floor":4.0,"key":"REME_GoldPotion"},{"floor":6.0,"key":"Swift Potion"},{"floor":16.0,"key":"REME_GoldPotion"},{"floor":22.0,"key":"Languid Potion"},{"floor":29.0,"key":"ColorlessPotion"}],"is_trial":false,"path_per_floor":["M","M","M","M","M","E","M","R","T","?","E","$","?","T","R","B",null,"M","?","M","$","M","R","?","M","T","R","M","M","E","M","R","B",null,"M","AVR","?","?","?","R","E","R","T","?","M","M","E","T","R","B"],"character_chosen":"DEFECT","items_purchased":["AT_ThreeBodyProblem","BrkXgEgg","AT_WaterDrop+1","AT_TimeSand"],"campfire_rested":2,"item_purchase_floors":[12,21,21,44],"current_hp_per_floor":[64,64,63,69,69,39,31,31,31,36,37,37,18,18,42,32,69,78,78,43,43,20,20,20,11,11,35,42,43,47,54,54,35,75,75,75,75,75,75,75,84,84,84,84,84,77,84,84,84,0,0],"gold":213,"neow_bonus":"BOSS_RELIC","is_daily":false,"chose_seed":false,"campfire_upgraded":6,"win_rate":0.0,"timestamp":1609570223,"path_taken":["M","M","M","M","M","E","M","R","T","?","E","$","?","?","R","BOSS","M","?","?","$","M","R","?","M","T","R","M","M","E","M","R","BOSS","M","AVR","?","?","?","R","E","R","T","?","M","M","E","?","R","BOSS"],"items_purchased_type":["Card","Relic","Card","Relic"],"build_version":"2020-12-22","purchased_purges":3,"victory":false,"max_hp_per_floor":[71,71,71,76,76,76,76,76,76,81,81,81,81,81,81,81,81,81,81,81,81,81,81,81,81,81,81,88,88,88,88,88,88,88,88,88,88,84,84,84,84,84,84,84,84,84,84,84,84,84,84],"card_choices":[{"not_picked":["Hologram","Rebound"],"picked":"AT_WarpDrive","floor":1.0},{"not_picked":["Go for the Eyes","ReplayTheSpireMod:System Scan","AT_HeatAcrobatics","ReplayTheSpireMod:Reroute Power"],"picked":"Gash","floor":2.0},{"not_picked":["AT_HeatAcrobatics","Steam","Gash","Cold Snap"],"picked":"Darkness","floor":3.0},{"not_picked":["Ball Lightning","Cold Snap","ReplayTheSpireMod:Repulse","ReplaySort"],"picked":"BasicCrystalCard","floor":4.0},{"not_picked":["AT_DarkMatter","Redo","MostiFishMod:FluxCapactior","MostiFishMod:PushDownKick"],"picked":"MostiFishMod:DawningShadow","floor":5.0},{"not_picked":["Beam Cell","Aggregate","Hologram","Storm"],"picked":"Hello World","floor":6.0},{"not_picked":["REME_Whirling","Scrape","Steam","Auto Shields"],"picked":"Consume","floor":7.0},{"not_picked":["Cold Snap","Steam","Compile Driver","Gash"],"picked":"MostiFishMod:GatherIntelligence","floor":11.0},{"not_picked":["Turbo","Barrage","Leap","Core Surge"],"picked":"Static Discharge","floor":13.0},{"not_picked":["Mirror Shield","MostiFishMod:Prepare","MostiFishMod:InterfaceCompatibility","Thunder Strike"],"picked":"ReplayTheSpireMod:Fabricate Wheel","floor":16.0},{"not_picked":["Barrage","REME_Whirling+1","Steam","Double Energy"],"picked":"Force Field","floor":18.0},{"not_picked":["Barrage","Force Field","Stack","ReplayTheSpireMod:GoodbyeWorld"],"picked":"REME_SelfUpgrade","floor":20.0},{"not_picked":["Beam Cell+1","Go for the Eyes","MostiFishMod:PushDownKick","Auto Shields","Reprogram+1","Skim"],"picked":"SKIP","floor":22.0},{"not_picked":["Rip and Tear","Sunder","Stack","Auto Shields","MostiFishMod:Impulse+1","MostiFishMod:ReprogramOld"],"picked":"Lockon+1","floor":25.0},{"not_picked":["Barrage+1","Gash","Turbo","Ball Lightning","Defragment"],"picked":"Loop","floor":28.0},{"not_picked":["Doom and Gloom","Storm","Conserve Battery","MostiFishMod:PushDownKick"],"picked":"MostiFishMod:IntelligentEquipment+1","floor":29.0},{"not_picked":["MostiFishMod:PushDownKick","Consume","AT_ThreeBodyProblem","Gash"],"picked":"Self Repair","floor":30.0},{"not_picked":["AT_DarkMatter","Rebound","Barrage","Sweeping Beam"],"picked":"ReplayTheSpireMod:GoodbyeWorld","floor":31.0},{"not_picked":["Steam Power","Panic Button","BasicCrystalCard","Rebound","Leap"],"picked":"SKIP","floor":31.0},{"not_picked":["MostiFishMod:TalkingToTheRain+1","MostiFishMod:Exploitation+1","Buffer+1","REME_ForAll+1"],"picked":"MostiFishMod:Overload+1","floor":33.0},{"not_picked":["Genetic Algorithm","Sweeping Beam","Barrage","Aggregate"],"picked":"Fusion+1","floor":35.0},{"not_picked":["Gash+1","AT_EMC2+1","AT_HeatAcrobatics+1","Coolheaded","conspire:Rain"],"picked":"SKIP","floor":35.0},{"not_picked":["infinitespire:Punishment","ReplayTheSpireMod:Echoes of Time"],"picked":"infinitespire:SealOfDarkness+","floor":39.0},{"not_picked":["Reinforced Body","Auto Shields","ReplayTheSpireMod:System Scan","Steam","conspire:SharedLibrary"],"picked":"Hyperbeam+1","floor":41.0},{"not_picked":["Streamline","Steam","BootSequence","Gash"],"picked":"Heatsinks","floor":45.0},{"not_picked":["Steam Power","ReplaySort","Undo+1","Beam Cell+1","AT_ThunderBolt"],"picked":"SKIP","floor":45.0},{"not_picked":["Ball Lightning","Beam Cell","Reprogram","Coolheaded+1"],"picked":"AT_RightCognition+1","floor":46.0},{"not_picked":["AT_ThreeBodyProblem","Turbo","Cold Snap","Go for the Eyes"],"picked":"REME_DataAnalysis","floor":46.0},{"not_picked":["Ball Lightning","Chaos","Panic Button","Aggregate+1"],"picked":"Rainbow+1","floor":47.0}],"player_experience":42032,"relics_obtained":[{"floor":1.0,"key":"SynthV:TestCard"},{"floor":6.0,"key":"testmod-AssaultLearning"},{"floor":9.0,"key":"infinitespire:Bottled Soul"},{"floor":11.0,"key":"SynthV:C4"},{"floor":13.0,"key":"TungstenRod"},{"floor":26.0,"key":"REME_PuzzleBoxRelic"},{"floor":30.0,"key":"Bag of Preparation"},{"floor":37.0,"key":"Ring of Greed"},{"floor":37.0,"key":"Ring of Hypnosis"},{"floor":37.0,"key":"infinitespire:Midas Blood"},{"floor":37.0,"key":"Replay:Bandana"},{"floor":41.0,"key":"Du-Vu Doll"},{"floor":43.0,"key":"infinitespire:Freezer"},{"floor":47.0,"key":"conspire:TopHat"},{"floor":48.0,"key":"testmod-OneHitWonder"}],"event_choices":[{"damage_healed":0.0,"max_hp_gain":5.0,"max_hp_loss":0.0,"gold_gain":0.0,"event_name":"Big Fish","player_choice":"Donut","floor":10.0,"gold_loss":0.0,"damage_taken":0.0},{"damage_healed":0.0,"max_hp_gain":0.0,"max_hp_loss":0.0,"gold_gain":0.0,"cards_transformed":["Strike_B"],"event_name":"Transmorgrifier","player_choice":"Transformed","floor":19.0,"gold_loss":0.0,"damage_taken":0.0,"cards_obtained":["ReplayRNGCard"]},{"damage_healed":0.0,"max_hp_gain":0.0,"max_hp_loss":0.0,"gold_gain":0.0,"event_name":"Match and Keep!","player_choice":"1 cards matched","floor":24.0,"gold_loss":0.0,"damage_taken":0.0,"cards_obtained":["MostiFishMod:DawningShadow"]},{"damage_healed":0.0,"max_hp_gain":0.0,"max_hp_loss":4.0,"gold_gain":0.0,"event_name":"Winding Halls","player_choice":"Max HP","floor":38.0,"gold_loss":0.0,"damage_taken":0.0}],"is_beta":false,"boss_relics":[{"not_picked":["TakeMeEscape","Replay:Wanted Poster"],"picked":"testmod-BatchProcessingSystem"},{"not_picked":["Inserter","REME_DemonsWealth"],"picked":"testmod-Fanaticism"}],"items_purged_floors":[12,21,44],"is_endless":true,"potions_floor_spawned":[2,3,4,6,16,22,29,31,41,44],"killed_by":"Donu and Deca","ascension_level":20}}