{"host":"ssbj2e5691x5ub3h","time":1609600370,"event":{"mods":["BaseMod","Duelist Mod","Minty Spire (QoL Compilation)","Quick Restart","StSLib","SuperFastMode"],"gold_per_floor":[173,173,212,212,212,308,308,347,347,450,44,149,253,283,283,517,517,550,600,657,232,252,252,372,450,550,625,652,756,756,568,568,790,790,844,844,934,934,625,727,727,823,847,642,717,843,843,885,885,885,885],"floor_reached":52,"playtime":1815,"items_purged":["theDuelist:Sparks","theDuelist:Sparks","theDuelist:CastleWalls","theDuelist:CastleWalls"],"score":2717,"play_id":"32749712-9242-46db-a8f1-8f02247cc373","local_time":"20210102131250","daily_mods":["SealedDeck","Vintage","Heirloom","Flight","DeadlyEvents","Elite Swarm","Midas"],"is_ascension_mode":true,"campfire_choices":[{"floor":7,"key":"REST"},{"floor":15,"key":"REST"},{"floor":23,"key":"REST"},{"floor":30,"key":"REST"},{"floor":32,"key":"REST"},{"floor":41,"key":"REST"},{"floor":47,"key":"REST"},{"floor":49,"key":"REST"}],"circlet_count":0,"master_deck":["AscendersBane","theDuelist:BabyDragon","theDuelist:CaveDragon","theDuelist:CaveDragon","theDuelist:LesserDragon","theDuelist:LesserDragon+1","theDuelist:YamataDragon+1","theDuelist:CoralDragon","theDuelist:Freezadon","theDuelist:CyberDragonSieger","theDuelist:CyberValley","theDuelist:Duoterion","theDuelist:CyberDragonCore","theDuelist:WhiteNightDragon","theDuelist:BusterDrake","theDuelist:CoralDragon","theDuelist:DragonZombie","theDuelist:Nameless:Power:SpiralSpearStrike","theDuelist:BurstBreath","theDuelist:MaskedDragon","theDuelist:WaterDragon","theDuelist:DragonZombie","theDuelist:MetalDragon","theDuelist:WaterDragon","theDuelist:MetalDragon","theDuelist:CyberDragon","theDuelist:DragonMastery","theDuelist:Freezadon","theDuelist:Mountain","theDuelist:CyberDragonCore","theDuelist:DragonRavine+1","theDuelist:WaterDragon+1"],"relics":["theDuelist:MillenniumPuzzle","theDuelist:CardPoolRelic","theDuelist:CardPoolBasicRelic","theDuelist:BoosterPackPoolRelic","theDuelist:CardPoolAddRelic","theDuelist:CardPoolMinusRelic","theDuelist:CardPoolSaveRelic","theDuelist:CardPoolOptionsRelic","Unceasing Top","theDuelist:KaibaToken","theDuelist:DuelistLetterOpener","theDuelist:BoosterBetterBoostersRelic","Omamori","Eternal Feather","theDuelist:DragonBurnRelic","theDuelist:ElectricBurst","Tingsha","Calipers","Snake Skull","Mark of Pain","Bag of Preparation","Bottled Tornado","Ice Cream","Incense Burner","theDuelist:MillenniumCoin","Strawberry","Whetstone","theDuelist:DuelistTeaSet","theDuelist:MillenniumKey","Bag of Marbles","Champion Belt","DollysMirror","Ancient Tea Set","theDuelist:DragonRelic","Vajra","Art of War","theDuelist:DuelistOrichalcum","theDuelist:DragonRelicB","Nunchaku"],"acts_visited":["Exordium","TheCity","TheBeyond"],"potions_floor_usage":[13,24,29,33],"damage_taken":[{"damage":0,"enemies":"Jaw Worm","floor":1,"turns":3},{"damage":6,"enemies":"Small Slimes","floor":3,"turns":4},{"damage":22,"enemies":"3 Sentries","floor":6,"turns":5},{"damage":1,"enemies":"2 Louse","floor":8,"turns":2},{"damage":0,"enemies":"Lagavulin","floor":10,"turns":5},{"damage":11,"enemies":"3 Sentries","floor":12,"turns":4},{"damage":0,"enemies":"Lagavulin","floor":13,"turns":2},{"damage":0,"enemies":"Large Slime","floor":14,"turns":2},{"damage":0,"enemies":"The Guardian","floor":16,"turns":4},{"damage":4,"enemies":"2 Thieves","floor":18,"turns":5},{"damage":0,"enemies":"Shell Parasite","floor":20,"turns":1},{"damage":6,"enemies":"Gremlin Leader","floor":24,"turns":2},{"damage":8,"enemies":"Slavers","floor":25,"turns":5},{"damage":0,"enemies":"theDuelist:KaibaA2","floor":27,"turns":2},{"damage":39,"enemies":"Slavers","floor":29,"turns":5},{"damage":16,"enemies":"Champ","floor":33,"turns":4},{"damage":15,"enemies":"3 Shapes","floor":35,"turns":5},{"damage":0,"enemies":"Giant Head","floor":37,"turns":5},{"damage":19,"enemies":"Nemesis","floor":40,"turns":5},{"damage":0,"enemies":"Giant Head","floor":42,"turns":3},{"damage":0,"enemies":"Nemesis","floor":45,"turns":5},{"damage":36,"enemies":"Reptomancer","floor":46,"turns":3},{"damage":2,"enemies":"Orb Walker","floor":48,"turns":2},{"damage":14,"enemies":"Donu and Deca","floor":50,"turns":5},{"damage":15,"enemies":"Time Eater","floor":51,"turns":4}],"seed_played":"5420962452222517259","potions_obtained":[{"floor":8,"key":"theDuelist:FreezingPotion"},{"floor":10,"key":"ColorlessPotion"},{"floor":12,"key":"SkillPotion"},{"floor":24,"key":"Energy Potion"},{"floor":25,"key":"BlessingOfTheForge"},{"floor":33,"key":"theDuelist:VoidBottle"},{"floor":37,"key":"Weak Potion"}],"is_trial":true,"path_per_floor":["M","?","M","?","?","E","R","M","T","E","$","E","E","M","R","B",null,"M","?","M","$","?","R","E","E","T","E","T","E","R","$","R","B",null,"M","?","E","?","$","E","R","E","T","$","E","E","R","M","R","B","B",null],"character_chosen":"THE_DUELIST","items_purchased":["theDuelist:ElectricBurst","Ice Cream","theDuelist:CyberDragon","DollysMirror","theDuelist:CyberDragonCore","Art of War"],"campfire_rested":8,"item_purchase_floors":[11,21,31,39,44,44],"current_hp_per_floor":[63,63,57,57,57,35,56,55,55,55,55,44,44,44,70,70,70,66,66,66,66,66,70,64,56,56,63,63,24,62,62,77,61,73,58,47,47,47,47,28,66,66,66,66,66,30,71,69,77,63,48],"gold":885,"neow_bonus":"","is_daily":false,"chose_seed":false,"campfire_upgraded":0,"win_rate":0.0,"timestamp":1609600370,"path_taken":["M","?","M","?","?","E","R","?","T","E","?","E","?","M","R","BOSS","M","?","?","$","?","R","E","E","T","E","?","?","R","$","R","BOSS","M","?","?","?","?","E","R","E","T","$","E","?","R","?","R","BOSS","BOSS"],"items_purchased_type":["Relic","Relic","Card","Relic","Card","Relic"],"build_version":"2020-12-22","purchased_purges":4,"victory":true,"max_hp_per_floor":[70,70,70,70,70,70,70,70,70,70,70,70,70,70,70,70,70,70,70,70,70,70,70,70,70,70,77,77,77,77,77,77,77,77,77,77,77,77,77,77,77,77,77,77,77,77,77,77,77,77,77],"card_choices":[{"not_picked":["theDuelist:Hydrogeddon","theDuelist:SafeZone","theDuelist:BabyDragon","theDuelist:BlacklandFireDragon"],"picked":"theDuelist:BurstBreath","floor":6},{"not_picked":["theDuelist:YamataDragon","theDuelist:MadSwordBeast","theDuelist:BusterBlader","theDuelist:BlueEyesUltimate"],"picked":"theDuelist:MaskedDragon","floor":10},{"not_picked":["theDuelist:SeismicShockwave","theDuelist:LostWorld","theDuelist:DragonMastery","theDuelist:BusterBladerDDS"],"picked":"theDuelist:WaterDragon","floor":12},{"not_picked":["theDuelist:SnowdustDragon","theDuelist:SoulCharge","theDuelist:CastleDragonSouls","theDuelist:SuperStridentBlaze"],"picked":"theDuelist:DragonZombie","floor":13},{"not_picked":["theDuelist:VoidOgreDragon","theDuelist:LostWorld","theDuelist:Lancephorhynchus","theDuelist:BerserkScales"],"picked":"theDuelist:WaterDragon","floor":24},{"not_picked":["theDuelist:DarkHorus","theDuelist:BlackVeloci+1","theDuelist:SuperancientDinobeast","theDuelist:DarkfireDragon+1","theDuelist:DragonRavine"],"picked":"SKIP","floor":25},{"not_picked":["theDuelist:YamataDragon","theDuelist:ViceDragon","theDuelist:MadSwordBeast","theDuelist:LesserDragon","theDuelist:BlackTyranno"],"picked":"SKIP","floor":27},{"not_picked":["theDuelist:Vandalgyon","theDuelist:SnowdustDragon","theDuelist:BabyDragon","theDuelist:ArmedProtectorDragon"],"picked":"theDuelist:MetalDragon","floor":29},{"not_picked":["theDuelist:StardustDragon","theDuelist:FiveHeaded","theDuelist:DefensiveTactics","theDuelist:ArmedProtectorDragon"],"picked":"theDuelist:DragonMastery","floor":33},{"not_picked":["theDuelist:BlackTyranno","theDuelist:BlackBrutdrago","theDuelist:TrihornedDragon","theDuelist:BlackVeloci"],"picked":"theDuelist:EvilMind","floor":37},{"not_picked":["theDuelist:TrihornedDragon","theDuelist:MadFlameKaiju+1","theDuelist:GiantRex","theDuelist:MadSwordBeast","theDuelist:BarrelDragon+1"],"picked":"SKIP","floor":40},{"not_picked":["theDuelist:JurassicImpact","theDuelist:DragonRavine","theDuelist:CyberLaserDragon","theDuelist:Vandalgyon"],"picked":"theDuelist:Mountain","floor":42},{"not_picked":["theDuelist:Vandalgyon+1","theDuelist:JurassicImpact","theDuelist:AutorokketDragon+1"],"picked":"theDuelist:DragonRavine+1","floor":45},{"not_picked":["theDuelist:SliferSky","theDuelist:QueenDragunDjinn","theDuelist:LostWorld","theDuelist:BlasterDragonInfernos"],"picked":"theDuelist:WaterDragon+1","floor":46}],"player_experience":315474,"relics_obtained":[{"floor":1,"key":"theDuelist:KaibaToken"},{"floor":3,"key":"theDuelist:DuelistLetterOpener"},{"floor":6,"key":"theDuelist:BoosterBetterBoostersRelic"},{"floor":8,"key":"Omamori"},{"floor":9,"key":"Eternal Feather"},{"floor":10,"key":"theDuelist:DragonBurnRelic"},{"floor":12,"key":"Tingsha"},{"floor":13,"key":"Calipers"},{"floor":14,"key":"Snake Skull"},{"floor":18,"key":"Bag of Preparation"},{"floor":20,"key":"Bottled Tornado"},{"floor":24,"key":"Incense Burner"},{"floor":26,"key":"theDuelist:MillenniumCoin"},{"floor":27,"key":"Strawberry"},{"floor":28,"key":"Whetstone"},{"floor":29,"key":"theDuelist:DuelistTeaSet"},{"floor":35,"key":"Bag of Marbles"},{"floor":37,"key":"Champion Belt"},{"floor":40,"key":"Ancient Tea Set"},{"floor":42,"key":"theDuelist:DragonRelic"},{"floor":43,"key":"Vajra"},{"floor":45,"key":"theDuelist:DuelistOrichalcum"},{"floor":46,"key":"theDuelist:DragonRelicB"},{"floor":48,"key":"Nunchaku"}],"event_choices":[{"power_reward":4,"total_magic_score":68,"gold_gain":0,"duelist":true,"damage_taken":0,"relics_obtained":[],"points":5,"max_hp_gain":0,"max_hp_loss":0,"spent_points":{"magic":1,"greed":0,"war":0,"power":4,"hunger":0},"event_name":"Nameless Tomb","floor":2,"gold_loss":0,"cards_obtained":["theDuelist:Nameless:Power:SpiralSpearStrike"]},{"damage_healed":0,"gold_gain":0,"player_choice":"Ignored","damage_taken":0,"max_hp_gain":0,"max_hp_loss":0,"event_name":"Liars Game","floor":4,"gold_loss":0},{"damage_healed":0,"gold_gain":0,"player_choice":"Leave","duelist":true,"damage_taken":0,"max_hp_gain":0,"max_hp_loss":0,"event_name":"Egyptian Village","floor":5,"gold_loss":0},{"damage_healed":0,"gold_gain":50,"player_choice":"Stole From Cult","damage_taken":0,"max_hp_gain":0,"max_hp_loss":0,"event_name":"Nest","floor":19,"gold_loss":0},{"damage_healed":0,"gold_gain":0,"player_choice":"Read","damage_taken":0,"max_hp_gain":0,"max_hp_loss":0,"event_name":"The Library","floor":22,"gold_loss":0,"cards_obtained":["theDuelist:MetalDragon"]},{"damage_healed":0,"gold_gain":0,"player_choice":"Damaged","damage_taken":11,"max_hp_gain":0,"max_hp_loss":0,"event_name":"Wheel of Change","floor":36,"gold_loss":0},{"cards_removed":["theDuelist:EvilMind"],"damage_healed":0,"gold_gain":0,"player_choice":"Removed Skill","damage_taken":0,"max_hp_gain":0,"max_hp_loss":0,"event_name":"Falling","floor":38,"gold_loss":0}],"is_beta":false,"boss_relics":[{"not_picked":["Empty Cage","Runic Dome"],"picked":"Mark of Pain"},{"not_picked":["theDuelist:GamblerChip","Velvet Choker"],"picked":"theDuelist:MillenniumKey"}],"items_purged_floors":[11,21,31,39],"is_endless":false,"potions_floor_spawned":[8,10,12,24,25,27,33,37,46],"ascension_level":20}}