{"host":"p4yrwepmrl4g8pul","time":1609573101,"event":{"mods":["Act Like it!","BaseMod","BetterRewards","Colored Map","Custom Start","Gensokyo","Marisa£®ÏF”Í°°ƒß¿Ì…≥£©","Minty Spire (QoL Compilation)","Quick Restart","Rare Cards Sparkle","Reimu£®≤©¿ˆ¡È√Œ£©","Remilia£®¿Ÿ√◊¿Ú—«£©","Remove Card Discount Mod","Shop Mod","StSLib","The Jungle"],"gold_per_floor":[119,129,144,154,154,154,188,188,267,282,212,212,74,87,87,160,160,175,175,175,175,175,200,212,256,268,296,341,369,393,423,435,526,538,560,572,603,615,535,570,590,616,616,650,650,434,434,344,344,344,344,344,344,111,146,146],"floor_reached":57,"playtime":2419,"items_purged":["Strike_P","Strike_P","Defend_P","Strike_P","Strike_P","Defend_P","Defend_P","Defend_P","Vigilance","Pain","ThirdEye+1","Eruption","EmptyFist","Impatience+1","Injury","Judgement+1","FlyingSleeves+1"],"score":4061,"play_id":"bfda2ddf-a927-424c-8188-d0d6f38d8a33","local_time":"20210102153821","is_ascension_mode":true,"campfire_choices":[{"data":"Judgement","floor":6.0,"key":"SMITH"},{"data":"Consecrate","floor":8.0,"key":"SMITH"},{"floor":15.0,"key":"RECALL"},{"floor":24.0,"key":"REST"},{"floor":32.0,"key":"REST"},{"data":"Fasting2","floor":45.0,"key":"SMITH"},{"floor":47.0,"key":"REST"},{"floor":49,"key":"REST"},{"floor":53,"key":"REST"}],"circlet_count":0,"master_deck":["AscendersBane","ThirdEye+1","Flash of Steel+1","Finesse+1","Madness+1","Consecrate+1","EmptyMind+1","Tantrum+1","EmptyBody+1","Finesse+1","Alpha+1","Fasting2+1","Deep Breath+1","Panacea+1","Gensokyo:CustomPotion","ClearTheMind+1"],"relics":["PureWater","Lee\u0027s Waffle","Eternal Feather","Toxic Egg 2","Membership Card","Anchor","Akabeko","Torii","Medical Kit","PureWhite:ReiMu","ClockworkSouvenir","Yang","Gensokyo:LunaticRedEyes","Ginger","HandDrill","SlaversCollar","Gensokyo:ConquerorOfFear","MawBank","Thread and Needle","Ornamental Fan","Lantern","Cursed Key","Question Card","Bronze Scales","Sundial","Calipers","FossilizedHelix","TentaclePot:ReiMu","InkBottle","Du-Vu Doll"],"acts_visited":["Gensokyo:Gensokyo","Gensokyo:Gensokyoer","Gensokyo:Gensokyoest","TheEnding"],"potions_floor_usage":[56,56],"damage_taken":[{"damage":0.0,"enemies":"Gensokyo:Python","floor":1.0,"turns":1.0},{"damage":0.0,"enemies":"Gensokyo:Gryphon","floor":2.0,"turns":1.0},{"damage":0.0,"enemies":"Gensokyo:2_Kodama","floor":3.0,"turns":1.0},{"damage":0.0,"enemies":"Gensokyo:VengefulSpirit","floor":4.0,"turns":2.0},{"damage":0.0,"enemies":"Gensokyo:Aya","floor":7.0,"turns":1.0},{"damage":0.0,"enemies":"Gensokyo:Kitsune","floor":10.0,"turns":1.0},{"damage":0.0,"enemies":"Gensokyo:LivingMonolith","floor":14.0,"turns":1.0},{"damage":0.0,"enemies":"Gensokyo:Kokoro","floor":16.0,"turns":7.0},{"damage":0.0,"enemies":"Gensokyo:Chomper","floor":18.0,"turns":1.0},{"damage":50.0,"enemies":"Gensokyo:Koishi","floor":23.0,"turns":3.0},{"damage":0.0,"enemies":"Gensokyo:Reisen","floor":25.0,"turns":2.0},{"damage":0.0,"enemies":"Gensokyo:2_Gloops","floor":27.0,"turns":1.0},{"damage":0.0,"enemies":"Gensokyo:Tenshi","floor":28.0,"turns":2.0},{"damage":0.0,"enemies":"Gensokyo:Slime_Group","floor":29.0,"turns":2.0},{"damage":0.0,"enemies":"Gensokyo:Mirror_and_Dog","floor":30.0,"turns":1.0},{"damage":0.0,"enemies":"Gensokyo:Chomper_and_Gloop","floor":31.0,"turns":2.0},{"damage":0.0,"enemies":"Gensokyo:Kaguya","floor":33.0,"turns":5.0},{"damage":0.0,"enemies":"Gensokyo:3_Bats","floor":35.0,"turns":2.0},{"damage":0.0,"enemies":"Gensokyo:AncientGuardian","floor":37.0,"turns":4.0},{"damage":0.0,"enemies":"Gensokyo:Kasen","floor":40.0,"turns":4.0},{"damage":0.0,"enemies":"Gensokyo:SeedOfUnknown","floor":41.0,"turns":2.0},{"damage":0.0,"enemies":"Gensokyo:Doremy","floor":42.0,"turns":4.0},{"damage":0.0,"enemies":"Gensokyo:Marisa","floor":44.0,"turns":3.0},{"damage":0,"enemies":"Gensokyo:Shinki","floor":50,"turns":3},{"damage":0,"enemies":"Gensokyo:Scarlet_Devils","floor":51,"turns":4},{"damage":0,"enemies":"Shield and Spear","floor":55,"turns":3},{"damage":0,"enemies":"The Heart","floor":56,"turns":6}],"seed_played":"5363026495837881925","potions_obtained":[{"floor":1.0,"key":"LiquidMemories"},{"floor":16.0,"key":"Dexterity Potion"},{"floor":23.0,"key":"Fire Potion"},{"floor":27.0,"key":"StancePotion"},{"floor":28.0,"key":"SkillPotion"},{"floor":30.0,"key":"Swift Potion"},{"floor":31.0,"key":"SpeedPotion"},{"floor":37.0,"key":"PowerPotion"}],"is_trial":false,"path_per_floor":["M","M","M","M","?","R","E","R","T","M","?","?","$","M","R","B",null,"M","?","?","?","?","E","R","E","T","M","E","M","M","M","R","B",null,"M","?","M","T","$","E","M","E","T","E","R","$","R","?","R","B","B",null,"R","$","E","B",null],"character_chosen":"WATCHER","items_purchased":["Lee\u0027s Waffle","Eternal Feather","Judgement","Toxic Egg 2","ThirdEye+1","Membership Card","Anchor","ThirdEye+1","Akabeko","Flash of Steel","Torii","EmptyFist","Impatience+1","Finesse+1","Medical Kit","Madness+1","Consecrate","PureWhite:ReiMu","ClockworkSouvenir","FlyingSleeves","Yang","FearPotion","HandDrill","Finesse+1","Fasting2","Deep Breath+1","FossilizedHelix","Panacea+1","ClearTheMind+1","TentaclePot:ReiMu","InkBottle"],"campfire_rested":5,"item_purchase_floors":[0,0,0,0,0,0,0,0,0,0,0,0,0,0,0,0,0,0,0,0,0,0,13,13,39,39,46,46,54,54,54],"current_hp_per_floor":[75,75,75,75,75,75,75,75,75,75,75,75,75,75,75,75,75,75,75,75,75,75,25,53,53,53,53,53,53,53,53,75,75,75,75,75,75,75,75,75,75,75,75,75,75,75,75,75,75,75,75,75,75,75,75,75],"gold":146,"neow_bonus":"","is_daily":false,"chose_seed":false,"campfire_upgraded":3,"win_rate":0.0,"timestamp":1609573101,"path_taken":["M","M","M","M","?","R","E","R","T","?","?","?","?","?","R","BOSS","M","?","?","?","?","E","R","E","T","M","E","M","M","?","R","BOSS","M","?","M","?","$","E","?","E","T","E","R","$","R","?","R","BOSS","BOSS","R","$","E","BOSS"],"items_purchased_type":["Relic","Relic","Card","Relic","Card","Relic","Relic","Card","Relic","Card","Relic","Card","Card","Card","Relic","Card","Card","Relic","Relic","Card","Relic","Potion","Relic","Card","Card","Card","Relic","Card","Card","Relic","Relic"],"build_version":"2020-12-22","purchased_purges":17,"victory":true,"max_hp_per_floor":[75,75,75,75,75,75,75,75,75,75,75,75,75,75,75,75,75,75,75,75,75,75,75,75,75,75,75,75,75,75,75,75,75,75,75,75,75,75,75,75,75,75,75,75,75,75,75,75,75,75,75,75,75,75,75,75],"card_choices":[{"not_picked":["Indignation+1","CrushJoints"],"picked":"EmptyMind+1","floor":1.0},{"not_picked":["CarveReality","ClearTheMind+1"],"picked":"Tantrum","floor":2.0},{"not_picked":["Crescendo+1","Protect+1"],"picked":"EmptyBody+1","floor":3.0},{"not_picked":["Establishment","FlyingSleeves","Tantrum"],"picked":"SKIP","floor":4.0},{"not_picked":["CrushJoints","Meditate+1","SashWhip"],"picked":"SKIP","floor":7.0},{"not_picked":["Nirvana","Consecrate","Perseverance+1"],"picked":"SKIP","floor":10.0},{"not_picked":["Adaptation","FlurryOfBlows","SashWhip"],"picked":"SKIP","floor":14.0},{"not_picked":["FollowUp","Indignation+1","WindmillStrike+1"],"picked":"SKIP","floor":18.0},{"not_picked":["CutThroughFate","ForeignInfluence+1","Indignation+1"],"picked":"SKIP","floor":23.0},{"not_picked":["Weave","Crescendo+1","EmptyBody+1"],"picked":"SKIP","floor":25.0},{"not_picked":["SashWhip","ThirdEye+1","FollowUp"],"picked":"SKIP","floor":27.0},{"not_picked":["BowlingBash","Halt+1","LikeWater"],"picked":"SKIP","floor":28.0},{"not_picked":["FollowUp","JustLucky","Devotion"],"picked":"SKIP","floor":29.0},{"not_picked":["JustLucky","EmptyMind+1","Indignation+1"],"picked":"SKIP","floor":30.0},{"not_picked":["CrushJoints","CarveReality","Meditate+1"],"picked":"SKIP","floor":31.0},{"not_picked":["Blasphemy+1","Brilliance"],"picked":"Alpha+1","floor":33.0},{"not_picked":["CutThroughFate","EmptyBody+1","Evaluate+1"],"picked":"SKIP","floor":35.0},{"not_picked":["MentalFortress","CutThroughFate","FollowUp"],"picked":"SKIP","floor":37.0},{"not_picked":["WindmillStrike","Meditate+1","BattleHymn+1"],"picked":"SKIP","floor":40.0},{"not_picked":["Wireheading+1","Evaluate+1","SpiritShield+1","SashWhip"],"picked":"SKIP","floor":41.0},{"not_picked":["Sanctity+1","FollowUp","CutThroughFate","Evaluate+1"],"picked":"SKIP","floor":42.0},{"not_picked":["EmptyFist","CarveReality+1","Consecrate","PathToVictory+1"],"picked":"SKIP","floor":44.0},{"not_picked":["Prostrate+1","Protect+1","Ragnarok","ForeignInfluence+1"],"picked":"SKIP","floor":55}],"player_experience":758610,"relics_obtained":[{"floor":7.0,"key":"Ginger"},{"floor":23.0,"key":"Gensokyo:ConquerorOfFear"},{"floor":23.0,"key":"MawBank"},{"floor":25.0,"key":"Thread and Needle"},{"floor":26.0,"key":"Ornamental Fan"},{"floor":28.0,"key":"Lantern"},{"floor":40.0,"key":"Question Card"},{"floor":42.0,"key":"Bronze Scales"},{"floor":43.0,"key":"Sundial"},{"floor":44.0,"key":"Calipers"},{"floor":55,"key":"Du-Vu Doll"}],"event_choices":[],"is_beta":false,"boss_relics":[{"not_picked":["VioletLotus","Fusion Hammer"],"picked":"SlaversCollar"},{"not_picked":["Black Star","Coffee Dripper"],"picked":"Cursed Key"}],"items_purged_floors":[0,0,0,0,0,0,0,0,0,13,13,13,13,13,46,46,54],"is_endless":false,"potions_floor_spawned":[1,14,16,23,27,28,30,31,37,41],"ascension_level":20}}