{"host":"n4oa921u88t6jog9","time":1609562696,"event":{"mods":["AchievementEnabler","BaseMod","DeckTracker","Keyboard Shortcuts","Minty Spire (QoL Compilation)","Quick Restart","StSLib","SuperFastMode"],"gold_per_floor":[18,32,45,63,74,99,69,69,69,103,28,39,58,74,74,149,149,166,166,179,28,48,48,48],"floor_reached":23,"playtime":1004,"items_purged":["Strike_G"],"score":393,"play_id":"c975781b-3d86-4abf-9556-26dda132c57f","local_time":"20210102134456","is_ascension_mode":true,"campfire_choices":[{"floor":8.0,"key":"REST"},{"data":"Neutralize","floor":15,"key":"SMITH"}],"circlet_count":0,"master_deck":["AscendersBane","Strike_G","Strike_G","Defend_G","Defend_G","Defend_G","Defend_G","Survivor","Neutralize+1","Blade Dance","Reflex","Quick Slash","Slice","Footwork","Flying Knee","Deflect","Unload","Dagger Spray","Blur","Dagger Throw","Storm of Steel","Calculated Gamble","Ghostly","Ghostly","Ghostly","Tactician","Dodge and Roll"],"relics":["Ring of the Snake","Pen Nib","Mango","Question Card","Runic Pyramid"],"acts_visited":["Exordium","TheCity"],"potions_floor_usage":[10,10,16],"damage_taken":[{"damage":1.0,"enemies":"Cultist","floor":1.0,"turns":4.0},{"damage":0.0,"enemies":"Jaw Worm","floor":2.0,"turns":5.0},{"damage":0.0,"enemies":"Small Slimes","floor":3.0,"turns":4.0},{"damage":9.0,"enemies":"3 Louse","floor":4.0,"turns":4.0},{"damage":4.0,"enemies":"Blue Slaver","floor":5.0,"turns":3.0},{"damage":34.0,"enemies":"3 Sentries","floor":6.0,"turns":12.0},{"damage":6,"enemies":"Gremlin Nob","floor":10,"turns":3},{"damage":0,"enemies":"Large Slime","floor":12,"turns":4},{"damage":2,"enemies":"Exordium Wildlife","floor":13,"turns":3},{"damage":7,"enemies":"Blue Slaver","floor":14,"turns":5},{"damage":19,"enemies":"Hexaghost","floor":16,"turns":12},{"damage":22,"enemies":"2 Thieves","floor":18,"turns":3},{"damage":8,"enemies":"3 Byrds","floor":20,"turns":6},{"damage":17,"enemies":"Shelled Parasite and Fungi","floor":22,"turns":7},{"damage":0,"enemies":"Book of Stabbing","floor":23,"turns":1}],"seed_played":"8029677435178369287","potions_obtained":[{"floor":3.0,"key":"AttackPotion"},{"floor":4.0,"key":"LiquidMemories"},{"floor":6.0,"key":"Explosive Potion"},{"floor":14,"key":"Swift Potion"},{"floor":22,"key":"FairyPotion"}],"is_trial":false,"path_per_floor":["M","M","M","M","M","E","$","R","T","E","?","M","M","M","R","B",null,"M","?","M","$","M","E"],"character_chosen":"THE_SILENT","items_purchased":["Deflect","Tactician"],"campfire_rested":1,"item_purchase_floors":[7,21],"current_hp_per_floor":[58,58,58,49,45,11,11,30,44,38,38,38,36,29,29,10,63,41,40,32,32,15,15,15],"gold":48,"neow_bonus":"REMOVE_TWO","is_daily":false,"chose_seed":false,"campfire_upgraded":1,"win_rate":0.0,"timestamp":1609562696,"path_taken":["M","M","?","M","M","E","?","R","T","E","?","M","M","M","R","BOSS","M","?","M","$","M","E"],"items_purchased_type":["Card","Card"],"build_version":"2020-12-22","purchased_purges":1,"victory":false,"max_hp_per_floor":[66,66,66,66,66,66,66,66,80,80,80,80,80,80,80,80,80,80,40,40,40,40,40,40],"card_choices":[{"not_picked":["Poisoned Stab","Crippling Poison"],"picked":"Blade Dance","floor":1.0},{"not_picked":["Blade Dance","Underhanded Strike"],"picked":"Reflex","floor":2.0},{"not_picked":["Eviscerate","Outmaneuver"],"picked":"Quick Slash","floor":3.0},{"not_picked":["Riddle With Holes","Bane"],"picked":"Slice","floor":4.0},{"not_picked":["Heel Hook","Prepared"],"picked":"Footwork","floor":5.0},{"not_picked":["Dodge and Roll","Phantasmal Killer"],"picked":"Flying Knee","floor":6.0},{"not_picked":["Blade Dance","Sucker Punch"],"picked":"Unload","floor":10},{"not_picked":["Deflect","Flying Knee","Masterful Stab"],"picked":"Dagger Spray","floor":12},{"not_picked":["Finisher","Acrobatics","Bane"],"picked":"Blur","floor":13},{"not_picked":["Doppelganger","Eviscerate","Quick Slash"],"picked":"Dagger Throw","floor":14},{"not_picked":["Die Die Die","Tools of the Trade","Burst"],"picked":"Storm of Steel","floor":16},{"not_picked":["Dagger Throw","Concentrate","Acrobatics"],"picked":"Calculated Gamble","floor":18},{"not_picked":["Dodge and Roll","Choke","Dagger Throw","Quick Slash"],"picked":"SKIP","floor":20},{"not_picked":["Slice","Deadly Poison","Cloak And Dagger"],"picked":"Dodge and Roll","floor":22}],"player_experience":377306,"relics_obtained":[{"floor":6.0,"key":"Pen Nib"},{"floor":9.0,"key":"Mango"},{"floor":10,"key":"Question Card"}],"event_choices":[{"cards_removed":["Strike_G"],"damage_healed":0,"gold_gain":0,"player_choice":"Card Removal","damage_taken":0,"max_hp_gain":0,"max_hp_loss":0,"event_name":"The Cleric","floor":11,"gold_loss":75},{"damage_healed":0,"gold_gain":0,"player_choice":"Became a Ghost","damage_taken":0,"max_hp_gain":0,"max_hp_loss":40,"event_name":"Ghosts","floor":19,"gold_loss":0,"cards_obtained":["Ghostly","Ghostly","Ghostly"]}],"is_beta":false,"boss_relics":[{"not_picked":["Busted Crown","SlaversCollar"],"picked":"Runic Pyramid"}],"items_purged_floors":[21],"is_endless":false,"potions_floor_spawned":[3,4,6,14,22],"killed_by":"Book of Stabbing","ascension_level":18}}