{"host":"p08oqmr389b4tgxi","time":1609550111,"event":{"mods":["Act Like it!","Arknights The Spire","BaseMod","Colored Powertips","Friendly Minions","Gensokyo","Hermit","Minty Spire (QoL Compilation)","Pale of the Ancients","Relic Stats","StSLib","The Alterego","The Marked","UnlockEverythingMod","Yakumo Yukari mod"],"gold_per_floor":[112,124,199,219,22,50,50,10,10,29,29,40,54,4,4,4,4],"floor_reached":16,"playtime":436,"items_purged":[],"score":102,"play_id":"a0a79724-1909-4051-8c0d-35d41576110d","local_time":"20210102091511","is_ascension_mode":false,"campfire_choices":[{"data":"ats:Dogmatic Field","floor":11,"key":"SMITH"},{"data":"ats:Thorns","floor":15,"key":"SMITH"}],"circlet_count":0,"master_deck":["ats:Strike C","ats:Strike S","ats:Strike V","ats:Armor Crushing Shot","ats:Defend","ats:Defend","ats:Defend","ats:Defend","ats:Emotion Absorption","ats:Thorns+1","ats:Curse Doll","ats:Flexible Camouflage","ats:Hammer On","ats:Dogmatic Field+1","ats:Hook Shot","ats:Sword Rain"],"relics":["ats:Sanity","NeowsBlessing","Medical Kit","ats:Originium","Omamori","Shuriken"],"acts_visited":["Exordium"],"potions_floor_usage":[13,16],"damage_taken":[{"damage":0.0,"enemies":"Cultist","floor":1.0,"turns":1.0},{"damage":0.0,"enemies":"Jaw Worm","floor":2.0,"turns":1.0},{"damage":0.0,"enemies":"Small Slimes","floor":4.0,"turns":1.0},{"damage":37.0,"enemies":"3 Sentries","floor":6.0,"turns":9.0},{"damage":5,"enemies":"Looter","floor":10,"turns":4},{"damage":5,"enemies":"Exordium Wildlife","floor":12,"turns":4},{"damage":1,"enemies":"Blue Slaver","floor":13,"turns":5},{"damage":26,"enemies":"Slime Boss","floor":16,"turns":8}],"seed_played":"-8065159295566325615","potions_obtained":[{"floor":4.0,"key":"PowerPotion"},{"floor":6.0,"key":"Swift Potion"},{"floor":8,"key":"BlessingOfTheForge"},{"floor":8,"key":"DuplicationPotion"},{"floor":13,"key":"BlessingOfTheForge"}],"is_trial":false,"path_per_floor":["M","M","?","M","$","E","?","?","T","M","R","M","M","?","R","B"],"character_chosen":"DOCTOR_CLASS","items_purchased":["Medical Kit","ats:Hammer On"],"campfire_rested":0,"item_purchase_floors":[5,5],"current_hp_per_floor":[72,72,65,65,65,28,28,28,28,23,23,18,17,17,17,0,0],"gold":4,"neow_bonus":"THREE_ENEMY_KILL","is_daily":false,"chose_seed":false,"campfire_upgraded":2,"win_rate":0.0,"timestamp":1609550111,"path_taken":["M","M","?","?","$","E","?","?","T","?","R","M","M","?","R","BOSS"],"items_purchased_type":["Relic","Card"],"build_version":"2020-12-22","purchased_purges":0,"victory":false,"max_hp_per_floor":[72,72,72,72,72,72,72,72,72,72,72,72,72,72,72,72,72],"relic_stats":{"counters":[8,33],"Shuriken":[2],"Medical Kit":[0],"obtain_stats":[{"NeowsBlessing":0,"ats:Originium":6,"Shuriken":9,"Omamori":6,"ats:Sanity":0,"Medical Kit":5},{"NeowsBlessing":0,"ats:Originium":4,"Shuriken":4,"Omamori":4,"ats:Sanity":0,"Medical Kit":3},{"NeowsBlessing":0,"ats:Originium":12,"Shuriken":12,"Omamori":12,"ats:Sanity":0,"Medical Kit":3}]},"card_choices":[{"not_picked":["ats:Apocalypse","ats:Shell Defense"],"picked":"ats:Thorns","floor":1.0},{"not_picked":["ats:Flexible Camouflage","ats:Shadow Raid"],"picked":"ats:Curse Doll","floor":2.0},{"not_picked":["ats:Healing Strengthening","ats:Encircling Forest"],"picked":"ats:Flexible Camouflage","floor":4.0},{"not_picked":["ats:Leaping Hammer","ats:Ignite"],"picked":"ats:Dogmatic Field","floor":6.0},{"not_picked":["ats:Overload","ats:Flexible Camouflage"],"picked":"ats:Hook Shot","floor":10},{"not_picked":["ats:Poison Spread","ats:Thermite Blade","ats:Curse Doll"],"picked":"SKIP","floor":12},{"not_picked":["ats:Hook Shot","ats:Flexible Camouflage"],"picked":"ats:Sword Rain","floor":13}],"player_experience":10019,"relics_obtained":[{"floor":6.0,"key":"ats:Originium"},{"floor":6.0,"key":"Omamori"},{"floor":9,"key":"Shuriken"}],"event_choices":[{"damage_healed":0.0,"max_hp_gain":0.0,"max_hp_loss":0.0,"gold_gain":75.0,"event_name":"FaceTrader","player_choice":"Touch","floor":3.0,"gold_loss":0.0,"damage_taken":7.0},{"damage_healed":0,"gold_gain":0,"player_choice":"Searched \u00270\u0027 times","damage_taken":0,"max_hp_gain":0,"max_hp_loss":0,"event_name":"Dead Adventurer","floor":7,"gold_loss":0},{"damage_healed":0,"gold_gain":0,"player_choice":"Bought 3 Potions","damage_taken":0,"max_hp_gain":0,"max_hp_loss":0,"event_name":"The Woman in Blue","floor":8,"gold_loss":0},{"cards_removed":["ats:Strike G"],"damage_healed":0,"gold_gain":0,"player_choice":"Card Removal","damage_taken":0,"max_hp_gain":0,"max_hp_loss":0,"event_name":"The Cleric","floor":14,"gold_loss":50}],"is_beta":false,"boss_relics":[],"items_purged_floors":[],"is_endless":false,"potions_floor_spawned":[4,6,12,13],"killed_by":"Slime Boss","ascension_level":0}}