{"host":"jm9833yuloeli2yd","time":1609627289,"event":{"mods":["AchievementEnabler","BaseMod","Better Altar","Better Match","Better Note","Better Sensory Stone","Better Skull","Better Third Choice","Better Vampires","BetterRewards","Colored Map","Colored Powertips","DeckTracker","Marked Mod","Minty Spire (QoL Compilation)","Permanent Neow","Quick Restart","StSLib","SuperFastMode"],"gold_per_floor":[114,128,27,38,3,3,29,87,87,87,106,133,146,163,163,234,234,246,5,22,22,33,33,59,59,59,59,59],"floor_reached":27,"playtime":803,"items_purged":[],"score":586,"play_id":"72255232-75fc-47a4-bae2-8e6909c8f3c6","local_time":"20210102174129","is_ascension_mode":true,"campfire_choices":[{"data":"Ball Lightning","floor":6.0,"key":"SMITH"},{"data":"Zap","floor":15.0,"key":"SMITH"},{"data":"Loop","floor":23.0,"key":"SMITH"}],"circlet_count":0,"master_deck":["AscendersBane","Strike_B","Strike_B","Defend_B","Defend_B","Defend_B","Defend_B","Zap+1","Dualcast","Compile Driver","Ball Lightning+1","Ball Lightning","FTL+1","Cold Snap","Coolheaded","Genetic Algorithm","Echo Form","Self Repair","Glacier","Biased Cognition","Loop+1","Glacier","Steam","Biased Cognition","FTL","Ghostly","Ghostly","Ghostly"],"relics":["Coffee Dripper","Symbiotic Virus","Blood Vial","MealTicket","Tiny Chest","Nuclear Battery","ClockworkSouvenir","Gambling Chip","Bottled Lightning"],"acts_visited":["Exordium","TheCity"],"potions_floor_usage":[27],"damage_taken":[{"damage":1.0,"enemies":"Cultist","floor":1.0,"turns":3.0},{"damage":2.0,"enemies":"Jaw Worm","floor":2.0,"turns":3.0},{"damage":1.0,"enemies":"2 Louse","floor":4.0,"turns":2.0},{"damage":21.0,"enemies":"Lagavulin","floor":7.0,"turns":4.0},{"damage":7.0,"enemies":"3 Sentries","floor":8.0,"turns":5.0},{"damage":3.0,"enemies":"2 Fungi Beasts","floor":11.0,"turns":2.0},{"damage":3.0,"enemies":"Gremlin Nob","floor":12.0,"turns":3.0},{"damage":40.0,"enemies":"Gremlin Gang","floor":13.0,"turns":4.0},{"damage":4.0,"enemies":"Blue Slaver","floor":14.0,"turns":3.0},{"damage":0.0,"enemies":"Slime Boss","floor":16.0,"turns":5.0},{"damage":0.0,"enemies":"Chosen","floor":18.0,"turns":3.0},{"damage":12.0,"enemies":"Shell Parasite","floor":20.0,"turns":6.0},{"damage":25.0,"enemies":"Shelled Parasite and Fungi","floor":22.0,"turns":8.0},{"damage":22.0,"enemies":"Slavers","floor":24.0,"turns":3.0},{"damage":75,"enemies":"Gremlin Leader","floor":27,"turns":11}],"seed_played":"-1700274637149788345","potions_obtained":[{"floor":1.0,"key":"Fire Potion"},{"floor":4.0,"key":"PowerPotion"},{"floor":12.0,"key":"FocusPotion"},{"floor":16.0,"key":"PowerPotion"},{"floor":18.0,"key":"Dexterity Potion"},{"floor":24.0,"key":"FairyPotion"}],"is_trial":false,"path_per_floor":["M","M","$","M","?","R","E","?","T","?","M","E","M","M","R","B",null,"M","$","M","?","M","R","E","?","T","E"],"character_chosen":"DEFECT","items_purchased":["Ball Lightning","FTL","ClockworkSouvenir","Loop"],"campfire_rested":0,"item_purchase_floors":[3,3,19,19],"current_hp_per_floor":[63,61,61,60,71,71,50,43,43,43,42,41,3,8,8,17,58,67,71,71,71,53,53,40,35,35,0,0],"gold":59,"neow_bonus":"BOSS_RELIC","is_daily":false,"chose_seed":false,"campfire_upgraded":3,"win_rate":0.0,"timestamp":1609627289,"path_taken":["M","M","$","?","?","R","E","?","T","?","M","E","M","M","R","BOSS","M","$","?","?","M","R","E","?","T","E"],"items_purchased_type":["Card","Card","Relic","Card"],"build_version":"2020-12-22","purchased_purges":0,"victory":false,"max_hp_per_floor":[71,71,71,71,71,71,71,71,71,71,71,71,71,71,71,71,71,71,71,71,71,71,71,71,35,35,35,35],"card_choices":[{"not_picked":["Double Energy","Tempest"],"picked":"Compile Driver","floor":1.0},{"not_picked":["Aggregate","Go for the Eyes"],"picked":"Ball Lightning","floor":2.0},{"not_picked":["Recycle","Beam Cell"],"picked":"Cold Snap","floor":4.0},{"not_picked":["Cold Snap","Stack"],"picked":"Coolheaded","floor":7.0},{"not_picked":["Darkness","Hello World"],"picked":"Genetic Algorithm","floor":8.0},{"not_picked":["Steam Power","Leap"],"picked":"Echo Form","floor":11.0},{"not_picked":["BootSequence","Compile Driver"],"picked":"Self Repair","floor":12.0},{"not_picked":["Streamline","Blizzard"],"picked":"Glacier","floor":13.0},{"not_picked":["Storm","Reprogram","Ball Lightning"],"picked":"SKIP","floor":14.0},{"not_picked":["Core Surge","Thunder Strike"],"picked":"Biased Cognition","floor":16.0},{"not_picked":["Barrage","Cold Snap","Ball Lightning"],"picked":"SKIP","floor":18.0},{"not_picked":["Beam Cell","Rebound","Turbo"],"picked":"SKIP","floor":20.0},{"not_picked":["Conserve Battery","Cold Snap"],"picked":"Biased Cognition","floor":22.0},{"not_picked":["Redo+1","Gash"],"picked":"FTL","floor":24.0}],"player_experience":1242863,"relics_obtained":[{"floor":7.0,"key":"Symbiotic Virus"},{"floor":8.0,"key":"Blood Vial"},{"floor":9.0,"key":"MealTicket"},{"floor":12.0,"key":"Tiny Chest"},{"floor":24.0,"key":"Gambling Chip"},{"floor":26.0,"key":"Bottled Lightning"}],"event_choices":[{"damage_healed":17.0,"max_hp_gain":0.0,"max_hp_loss":0.0,"gold_gain":0.0,"event_name":"The Cleric","player_choice":"Healed","floor":5.0,"gold_loss":35.0,"damage_taken":0.0},{"damage_healed":0.0,"max_hp_gain":0.0,"max_hp_loss":0.0,"gold_gain":30.0,"event_name":"Dead Adventurer","player_choice":"Searched \u00272\u0027 times","floor":8.0,"gold_loss":0.0,"damage_taken":0.0},{"damage_healed":0.0,"max_hp_gain":0.0,"max_hp_loss":0.0,"gold_gain":0.0,"event_name":"Upgrade Shrine","player_choice":"Upgraded","floor":10.0,"gold_loss":0.0,"damage_taken":0.0,"cards_upgraded":["FTL"]},{"damage_healed":0.0,"max_hp_gain":0.0,"max_hp_loss":0.0,"gold_gain":0.0,"cards_transformed":["Strike_B","Strike_B"],"event_name":"Drug Dealer","player_choice":"Became Test Subject","floor":21.0,"gold_loss":0.0,"damage_taken":0.0,"cards_obtained":["Glacier","Steam"]},{"damage_healed":0.0,"max_hp_gain":0.0,"max_hp_loss":36.0,"gold_gain":0.0,"event_name":"Ghosts","player_choice":"Became a Ghost","floor":25.0,"gold_loss":0.0,"damage_taken":0.0,"cards_obtained":["Ghostly","Ghostly","Ghostly"]}],"is_beta":false,"boss_relics":[{"not_picked":["Runic Dome","Black Star"],"picked":"Nuclear Battery"}],"items_purged_floors":[],"is_endless":false,"potions_floor_spawned":[1,4,12,16,18,24],"killed_by":"Gremlin Leader","ascension_level":20}}