{"host":"vfg9szunmpjwj08o","time":1609615288,"event":{"mods":["Act Like it!","BaseMod","Challenge The Spire","Colored Map","Colored Powertips","Minty Spire (QoL Compilation)","StSLib","Waifu the Spire"],"gold_per_floor":[109,119,3,53,71,105,123,143,169,71,71,71,71,36,36,135,135,153,173,173,21,21,21],"floor_reached":22,"playtime":649,"items_purged":["Strike_B"],"score":355,"play_id":"fc4c91f5-2abb-471f-9cf1-470e77348ce1","local_time":"20210102202128","is_ascension_mode":true,"campfire_choices":[{"data":"Discovery","floor":11,"key":"SMITH"},{"data":"Zap","floor":13,"key":"SMITH"},{"data":"Dualcast","floor":15,"key":"SMITH"}],"circlet_count":0,"master_deck":["AscendersBane","Strike_B","Strike_B","Strike_B","Defend_B","Defend_B","Defend_B","Defend_B","Zap+1","Dualcast+1","Compile Driver","FTL","Self Repair","Cold Snap","Chaos","Storm","Hello World","Discovery+1","Echo Form","Capacitor"],"relics":["Cracked Core","NeowsBlessing","Akabeko","Odd Mushroom","Omamori","Golden Idol","Coffee Dripper"],"acts_visited":["Exordium","TheCity"],"potions_floor_usage":[16,22],"damage_taken":[{"damage":0,"enemies":"2 Louse","floor":1,"turns":1},{"damage":0,"enemies":"Cultist","floor":2,"turns":1},{"damage":0,"enemies":"Small Slimes","floor":5,"turns":1},{"damage":26,"enemies":"Lagavulin","floor":6,"turns":5},{"damage":0,"enemies":"2 Fungi Beasts","floor":7,"turns":2},{"damage":29,"enemies":"The Mushroom Lair","floor":8,"turns":4},{"damage":10,"enemies":"Slime Boss","floor":16,"turns":6},{"damage":30,"enemies":"Spheric Guardian","floor":18,"turns":4},{"damage":12,"enemies":"3 Byrds","floor":19,"turns":3},{"damage":14,"enemies":"Snake Plant","floor":22,"turns":1}],"seed_played":"991029170125287103","potions_obtained":[{"floor":1,"key":"SmokeBomb"},{"floor":5,"key":"PotionOfCapacity"},{"floor":6,"key":"AttackPotion"},{"floor":19,"key":"SneckoOil"}],"is_trial":false,"path_per_floor":["M","M","$","?","M","E","M","?","T","$","R","?","R","?","R","B",null,"M","M","?","$","M"],"character_chosen":"DEFECT","items_purchased":["Self Repair","Cold Snap","Discovery","Capacitor"],"campfire_rested":0,"item_purchase_floors":[3,3,10,21],"current_hp_per_floor":[64,64,64,57,57,38,38,16,16,16,16,16,16,32,32,29,55,32,27,10,10,0,0],"gold":21,"neow_bonus":"THREE_ENEMY_KILL","is_daily":false,"chose_seed":false,"campfire_upgraded":3,"win_rate":0.0,"timestamp":1609615288,"path_taken":["M","M","$","?","?","E","M","?","T","$","R","?","R","?","R","BOSS","M","M","?","$","M"],"items_purchased_type":["Card","Card","Card","Card"],"build_version":"2020-12-22","purchased_purges":1,"victory":false,"max_hp_per_floor":[71,71,71,71,71,71,71,71,71,71,71,64,64,64,64,64,64,64,64,69,69,69,69],"card_choices":[{"not_picked":["Chill","Barrage"],"picked":"Compile Driver","floor":1},{"not_picked":["Heatsinks","Barrage"],"picked":"FTL","floor":2},{"not_picked":["Hologram","Force Field"],"picked":"Chaos","floor":5},{"not_picked":["Hologram","Loop"],"picked":"Storm","floor":6},{"not_picked":["Compile Driver","Streamline","Turbo"],"picked":"SKIP","floor":7},{"not_picked":["Stack","Leap"],"picked":"Hello World","floor":8},{"not_picked":["Rainbow","Core Surge"],"picked":"Echo Form","floor":16},{"not_picked":["Rip and Tear","Steam Power","Streamline"],"picked":"SKIP","floor":18},{"not_picked":["Leap","Stack","Reprogram"],"picked":"SKIP","floor":19}],"player_experience":1031769,"relics_obtained":[{"floor":6,"key":"Akabeko"},{"floor":8,"key":"Odd Mushroom"},{"floor":9,"key":"Omamori"}],"event_choices":[{"damage_healed":0,"gold_gain":50,"player_choice":"Touch","damage_taken":7,"max_hp_gain":0,"max_hp_loss":0,"event_name":"FaceTrader","floor":4,"gold_loss":0},{"damage_healed":0,"gold_gain":0,"player_choice":"Fought Mushrooms","damage_taken":0,"max_hp_gain":0,"max_hp_loss":0,"event_name":"Mushrooms","floor":8,"gold_loss":0},{"damage_healed":0,"gold_gain":0,"player_choice":"Lose Max HP","damage_taken":0,"relics_obtained":["Golden Idol"],"max_hp_gain":0,"max_hp_loss":7,"event_name":"Golden Idol","floor":12,"gold_loss":0},{"damage_healed":16,"gold_gain":0,"player_choice":"Healed","damage_taken":0,"max_hp_gain":0,"max_hp_loss":0,"event_name":"The Cleric","floor":14,"gold_loss":35},{"damage_healed":0,"gold_gain":0,"player_choice":"Shed Blood","damage_taken":22,"max_hp_gain":5,"max_hp_loss":0,"event_name":"Forgotten Altar","floor":20,"gold_loss":0}],"is_beta":false,"boss_relics":[{"not_picked":["Philosopher\u0027s Stone","Empty Cage"],"picked":"Coffee Dripper"}],"items_purged_floors":[21],"is_endless":false,"potions_floor_spawned":[1,5,6,19],"killed_by":"Snake Plant","ascension_level":19}}