{"host":"93x13jgem5w43hjr","time":1609548150,"event":{"mods":["AchievementEnabler","BaseMod","Better Note","Colored Map","Colored Powertips","Downfall","Minty Spire (QoL Compilation)","Rare Cards Sparkle","StSLib"],"gold_per_floor":[113,113,40,52,52,52,93,93,93,128,142,162,337,363,363,483,483,503,203,239,239,139,139,150,178,178,178,191,116,116,134,134,237,237,256,35,384,404,423,451,451,451,451,501,511,537,553,578,578,578],"floor_reached":51,"playtime":3209,"items_purged":["Doubt","Strike_B","Doom and Gloom"],"score":823,"play_id":"fcdac23d-21aa-471c-b492-50ed378c4009","local_time":"20210101174230","is_ascension_mode":true,"campfire_choices":[{"floor":6.0,"key":"REST"},{"data":"Zap","floor":8.0,"key":"SMITH"},{"floor":15.0,"key":"REST"},{"data":"White Noise","floor":23.0,"key":"SMITH"},{"data":"Loop","floor":27.0,"key":"SMITH"},{"floor":32.0,"key":"REST"},{"floor":42.0,"key":"REST"},{"floor":49,"key":"REST"}],"circlet_count":0,"master_deck":["Strike_B+1","Strike_B+1","Defend_B+1","Defend_B+1","Defend_B+1","Defend_B+1","Zap+1","Dualcast+1","Rebound+1","Capacitor","Cold Snap+1","White Noise+1","Conserve Battery","Conserve Battery","All For One","Tempest+1","Scrape","Glacier","Chill","Loop+1","Redo+1","Creative AI+1","Defragment+1","Barrage","Redo+1","Loop+1","Defragment+1","Lockon+1","Glacier+1","Loop+1","Ball Lightning+1"],"relics":["Cracked Core","NeowsBlessing","Bloody Idol","Pear","White Beast Statue","Whetstone","Odd Mushroom","Philosopher\u0027s Stone","Regal Pillow","Red Mask","Ornamental Fan","Frozen Egg 2","Nuclear Battery","Old Coin","Kunai","Bottled Flame","Dead Branch","Ice Cream","InkBottle"],"acts_visited":["Exordium","TheCity","TheBeyond"],"potions_floor_usage":[50,50,50],"damage_taken":[{"damage":0.0,"enemies":"Jaw Worm","floor":1.0,"turns":1.0},{"damage":0.0,"enemies":"Small Slimes","floor":4.0,"turns":1.0},{"damage":0.0,"enemies":"Lagavulin","floor":7.0,"turns":1.0},{"damage":22.0,"enemies":"3 Sentries","floor":10.0,"turns":7.0},{"damage":0.0,"enemies":"2 Louse","floor":11.0,"turns":1.0},{"damage":5.0,"enemies":"Large Slime","floor":12.0,"turns":6.0},{"damage":8.0,"enemies":"The Mushroom Lair","floor":14.0,"turns":3.0},{"damage":54.0,"enemies":"Hexaghost","floor":16.0,"turns":11.0},{"damage":7.0,"enemies":"Chosen","floor":18.0,"turns":3.0},{"damage":0.0,"enemies":"Masked Bandits","floor":20.0,"turns":2.0},{"damage":14.0,"enemies":"2 Thieves","floor":24.0,"turns":3.0},{"damage":27.0,"enemies":"Gremlin Leader","floor":25.0,"turns":6.0},{"damage":5.0,"enemies":"Sentry and Sphere","floor":28.0,"turns":5.0},{"damage":13.0,"enemies":"Snake Plant","floor":31.0,"turns":4.0},{"damage":12.0,"enemies":"Automaton","floor":33.0,"turns":12.0},{"damage":18.0,"enemies":"3 Darklings","floor":35.0,"turns":6.0},{"damage":20.0,"enemies":"2 Orb Walkers","floor":37.0,"turns":6.0},{"damage":4.0,"enemies":"Orb Walker","floor":38.0,"turns":3.0},{"damage":2.0,"enemies":"Sphere and 2 Shapes","floor":39.0,"turns":6.0},{"damage":38.0,"enemies":"Giant Head","floor":40.0,"turns":9.0},{"damage":0.0,"enemies":"Mind Bloom Boss Battle","floor":44.0,"turns":4.0},{"damage":7.0,"enemies":"Maw","floor":45.0,"turns":6.0},{"damage":29.0,"enemies":"Nemesis","floor":46.0,"turns":7.0},{"damage":15.0,"enemies":"Jaw Worm Horde","floor":47.0,"turns":2.0},{"damage":8,"enemies":"Giant Head","floor":48,"turns":8},{"damage":27,"enemies":"Awakened One","floor":50,"turns":16}],"seed_played":"-3998082122898598443","potions_obtained":[{"floor":10.0,"key":"Explosive Potion"},{"floor":11.0,"key":"Explosive Potion"},{"floor":12.0,"key":"LiquidBronze"},{"floor":14.0,"key":"AttackPotion"},{"floor":16.0,"key":"BlessingOfTheForge"},{"floor":18.0,"key":"EssenceOfSteel"},{"floor":20.0,"key":"Explosive Potion"},{"floor":24.0,"key":"EssenceOfDarkness"},{"floor":25.0,"key":"SkillPotion"},{"floor":28.0,"key":"Weak Potion"},{"floor":31.0,"key":"Slimebound:ThreeZeroPotion"},{"floor":33.0,"key":"Block Potion"},{"floor":35.0,"key":"DistilledChaos"},{"floor":37.0,"key":"LiquidMemories"},{"floor":38.0,"key":"Weak Potion"},{"floor":39.0,"key":"AttackPotion"},{"floor":40.0,"key":"Swift Potion"},{"floor":44.0,"key":"LiquidMemories"},{"floor":45.0,"key":"PowerPotion"},{"floor":46.0,"key":"SneckoOil"},{"floor":47.0,"key":"LiquidBronze"},{"floor":48,"key":"Slimebound:ThreeZeroPotion"}],"is_trial":false,"path_per_floor":["M","?","$","M","?","R","E","R","T","E","M","M","?","?","R","B",null,"M","$","?","?","$","R","M","E","T","R","M","?","?","M","R","B",null,"M","$","?","M","M","E","?","R","T","?","M","E","M","E","R","B",null],"character_chosen":"DEFECT","items_purchased":["Capacitor","Regal Pillow","Scrape","Defragment+1","Barrage"],"campfire_rested":5,"item_purchase_floors":[3,19,19,36,36],"current_hp_per_floor":[75,60,60,60,42,64,74,74,74,52,52,47,47,39,64,10,85,78,78,78,78,78,78,74,52,52,52,52,52,52,44,84,77,85,72,72,62,63,66,33,33,73,73,78,76,52,42,39,79,52],"gold":578,"neow_bonus":"THREE_ENEMY_KILL","is_daily":false,"chose_seed":false,"campfire_upgraded":3,"win_rate":0.0,"timestamp":1609548150,"path_taken":["M","?","$","M","?","R","E","R","T","E","M","M","?","?","R","BOSS","M","$","?","?","$","R","M","E","T","R","M","?","?","M","R","BOSS","M","$","?","M","M","E","?","R","T","?","M","E","M","E","R","BOSS"],"items_purchased_type":["Card","Relic","Card","Card","Card"],"build_version":"2020-12-22","purchased_purges":3,"victory":true,"max_hp_per_floor":[75,75,75,75,75,75,85,85,85,85,85,85,85,85,85,85,85,85,85,85,85,85,85,85,85,85,85,85,85,85,85,85,85,85,85,85,85,85,85,85,85,85,85,85,85,85,85,85,85,85],"card_choices":[{"not_picked":["Stack","Barrage"],"picked":"Rebound","floor":1.0},{"not_picked":["Go for the Eyes","Gash"],"picked":"Cold Snap","floor":4.0},{"not_picked":["Hyperbeam","Stack"],"picked":"White Noise","floor":7.0},{"not_picked":["Undo","Hologram"],"picked":"Doom and Gloom","floor":10.0},{"not_picked":["Barrage","Compile Driver"],"picked":"Conserve Battery","floor":11.0},{"not_picked":["Gash","Turbo"],"picked":"Conserve Battery","floor":12.0},{"not_picked":["Buffer","Meteor Strike"],"picked":"All For One","floor":16.0},{"not_picked":["Streamline","Leap"],"picked":"Tempest+1","floor":18.0},{"not_picked":["Sweeping Beam","Go for the Eyes"],"picked":"Glacier","floor":20.0},{"not_picked":["Gash","Static Discharge"],"picked":"Chill","floor":24.0},{"not_picked":["Reinforced Body","Force Field+1"],"picked":"Loop","floor":25.0},{"not_picked":["Cold Snap","Turbo"],"picked":"Compile Driver","floor":28.0},{"not_picked":["Steam Power","Reprogram+1"],"picked":"Redo+1","floor":31.0},{"not_picked":["All For One","Core Surge"],"picked":"Creative AI+1","floor":33.0},{"not_picked":["Steam","Hologram","Rebound+1"],"picked":"SKIP","floor":35.0},{"not_picked":["Genetic Algorithm+1","Doom and Gloom"],"picked":"Redo+1","floor":38.0},{"not_picked":["Sweeping Beam+1","Conserve Battery+1"],"picked":"Loop+1","floor":39.0},{"not_picked":["FTL","Stack"],"picked":"Defragment+1","floor":40.0},{"not_picked":["Aggregate","Rebound"],"picked":"Lockon+1","floor":44.0},{"not_picked":["Coolheaded","Rebound"],"picked":"Glacier+1","floor":45.0},{"not_picked":["White Noise+1","Gash"],"picked":"Loop+1","floor":46.0},{"not_picked":["Glacier+1","Stack+1"],"picked":"Ball Lightning+1","floor":47.0},{"not_picked":["White Noise+1","Gash","Thunder Strike"],"picked":"SKIP","floor":48}],"player_experience":158025,"relics_obtained":[{"floor":7.0,"key":"Pear"},{"floor":9.0,"key":"White Beast Statue"},{"floor":10.0,"key":"Whetstone"},{"floor":14.0,"key":"Odd Mushroom"},{"floor":20.0,"key":"Red Mask"},{"floor":25.0,"key":"Ornamental Fan"},{"floor":26.0,"key":"Frozen Egg 2"},{"floor":37.0,"key":"Old Coin"},{"floor":40.0,"key":"Kunai"},{"floor":43.0,"key":"Bottled Flame"},{"floor":44.0,"key":"Dead Branch"},{"floor":46.0,"key":"Ice Cream"},{"floor":48,"key":"InkBottle"}],"event_choices":[{"damage_healed":0.0,"max_hp_gain":0.0,"max_hp_loss":0.0,"gold_gain":0.0,"event_name":"Shining Light","player_choice":"Entered Light","floor":2.0,"gold_loss":0.0,"damage_taken":15.0,"cards_upgraded":["Rebound","Dualcast"]},{"damage_healed":0.0,"max_hp_gain":0.0,"max_hp_loss":0.0,"gold_gain":0.0,"event_name":"Golden Idol","player_choice":"Take Damage","floor":5.0,"gold_loss":0.0,"damage_taken":18.0,"relics_obtained":["Golden Idol"]},{"damage_healed":0.0,"max_hp_gain":0.0,"max_hp_loss":0.0,"gold_gain":175.0,"event_name":"Liars Game","player_choice":"AGREE","floor":13.0,"gold_loss":0.0,"damage_taken":0.0,"cards_obtained":["Doubt"]},{"damage_healed":0.0,"max_hp_gain":0.0,"max_hp_loss":0.0,"gold_gain":0.0,"event_name":"Mushrooms","player_choice":"Fought Mushrooms","floor":14.0,"gold_loss":0.0,"damage_taken":0.0},{"damage_healed":0.0,"max_hp_gain":0.0,"max_hp_loss":0.0,"gold_gain":0.0,"event_name":"Masked Bandits","player_choice":"Fought Bandits","floor":20.0,"gold_loss":0.0,"damage_taken":0.0},{"damage_healed":0.0,"max_hp_gain":0.0,"max_hp_loss":0.0,"gold_gain":0.0,"event_name":"Forgotten Altar","player_choice":"Gave Idol","floor":21.0,"relics_lost":["Golden Idol"],"gold_loss":0.0,"damage_taken":0.0,"relics_obtained":["Bloody Idol"]},{"cards_removed":["Strike_B"],"damage_healed":0.0,"max_hp_gain":0.0,"max_hp_loss":0.0,"gold_gain":0.0,"event_name":"Beggar","player_choice":"Gave Gold","floor":29.0,"gold_loss":75.0,"damage_taken":0.0},{"damage_healed":0.0,"max_hp_gain":0.0,"max_hp_loss":0.0,"gold_gain":0.0,"event_name":"Back to Basics","player_choice":"Simplicity","floor":30.0,"gold_loss":0.0,"damage_taken":0.0,"cards_upgraded":["Strike_B","Defend_B","Defend_B","Defend_B","Defend_B"]},{"damage_healed":0.0,"max_hp_gain":0.0,"max_hp_loss":0.0,"gold_gain":0.0,"event_name":"Mysterious Sphere","player_choice":"Fight","floor":37.0,"gold_loss":0.0,"damage_taken":0.0},{"cards_removed":["Compile Driver"],"damage_healed":0.0,"max_hp_gain":0.0,"max_hp_loss":0.0,"gold_gain":0.0,"event_name":"Falling","player_choice":"Removed Attack","floor":41.0,"gold_loss":0.0,"damage_taken":0.0},{"damage_healed":0.0,"max_hp_gain":0.0,"max_hp_loss":0.0,"gold_gain":0.0,"event_name":"MindBloom","player_choice":"Fight","floor":44.0,"gold_loss":0.0,"damage_taken":0.0}],"is_beta":false,"boss_relics":[{"not_picked":["Velvet Choker","Snecko Eye"],"picked":"Philosopher\u0027s Stone"},{"not_picked":["FrozenCore","Runic Dome"],"picked":"Nuclear Battery"}],"items_purged_floors":[19,22,36],"is_endless":false,"potions_floor_spawned":[10,11,12,14,16,18,20,24,25,28,31,33,35,37,38,39,40,44,45,46,47,48],"ascension_level":1}}