{"host":"5jyeqch4fosnsiz2","time":1609610196,"event":{"mods":["BaseMod","Bestiary","Colored Map","Colored Powertips","Filter the Spire","Minty Spire (QoL Compilation)","Relic Stats","StSLib","Waifu the Spire","ojb\u0027s Better Paths Mod","ojb\u0027s Info Mod"],"gold_per_floor":[118,118,129,145,162,197,212,229,229,240,251,326,346,408,408,408,408],"floor_reached":16,"playtime":695,"items_purged":[],"score":108,"play_id":"d437164b-856d-4a63-ab06-2da2fd6d15d3","local_time":"20210102125636","is_ascension_mode":false,"campfire_choices":[{"floor":15,"key":"REST"}],"circlet_count":0,"master_deck":["Strike_R","Strike_R","Strike_R","Strike_R","Strike_R","Defend_R","Defend_R","Defend_R","Defend_R","Bash","Carnage","Clothesline","Sword Boomerang","Iron Wave","Headbutt","Shrug It Off","Clothesline","Shrug It Off"],"relics":["SacredBark","Anchor","Shuriken","Tiny Chest","Pen Nib"],"acts_visited":["Exordium"],"potions_floor_usage":[10,14,14],"damage_taken":[{"damage":0,"enemies":"Small Slimes","floor":1,"turns":3},{"damage":1,"enemies":"Cultist","floor":3,"turns":3},{"damage":0,"enemies":"2 Louse","floor":4,"turns":2},{"damage":4,"enemies":"2 Fungi Beasts","floor":5,"turns":4},{"damage":26,"enemies":"Lagavulin","floor":6,"turns":6},{"damage":0,"enemies":"Blue Slaver","floor":7,"turns":3},{"damage":2,"enemies":"3 Louse","floor":8,"turns":3},{"damage":0,"enemies":"Large Slime","floor":10,"turns":3},{"damage":3,"enemies":"Red Slaver","floor":11,"turns":2},{"damage":5,"enemies":"3 Louse","floor":13,"turns":3},{"damage":22,"enemies":"Lagavulin Event","floor":14,"turns":4},{"damage":30,"enemies":"Hexaghost","floor":16,"turns":10}],"seed_played":"2148585122894154380","potions_obtained":[{"floor":1,"key":"Explosive Potion"},{"floor":3,"key":"Energy Potion"},{"floor":5,"key":"ElixirPotion"},{"floor":8,"key":"Strength Potion"}],"is_trial":false,"path_per_floor":["M","?","M","M","M","E","M","M","T","M","M","?","M","?","R","B"],"character_chosen":"IRONCLAD","items_purchased":[],"campfire_rested":1,"item_purchase_floors":[],"current_hp_per_floor":[80,80,79,79,75,49,49,47,47,47,44,33,28,6,30,0,0],"gold":408,"neow_bonus":"BOSS_RELIC","is_daily":false,"chose_seed":false,"campfire_upgraded":0,"win_rate":0.0,"timestamp":1609610196,"path_taken":["M","?","?","M","M","E","M","M","T","M","?","?","M","?","R","BOSS"],"items_purchased_type":[],"build_version":"2020-12-22","purchased_purges":0,"victory":false,"max_hp_per_floor":[80,80,80,80,80,80,80,80,80,80,80,80,80,80,80,80,80],"relic_stats":{"counters":[12,46],"Shuriken":[3],"Tiny Chest":0,"Pen Nib":[1],"obtain_stats":[{"Anchor":2,"Shuriken":6,"SacredBark":0,"Tiny Chest":9,"Pen Nib":14,"Burning Blood":0},{"Anchor":1,"Shuriken":5,"SacredBark":0,"Tiny Chest":7,"Pen Nib":11,"Burning Blood":0},{"Anchor":3,"Shuriken":18,"SacredBark":0,"Tiny Chest":24,"Pen Nib":36,"Burning Blood":0}]},"card_choices":[{"not_picked":["Fire Breathing","Warcry"],"picked":"Carnage","floor":1},{"not_picked":["Clash","Twin Strike","Bloodletting"],"picked":"SKIP","floor":3},{"not_picked":["Pommel Strike","Anger"],"picked":"Clothesline","floor":4},{"not_picked":["Rupture","Second Wind"],"picked":"Sword Boomerang","floor":5},{"not_picked":["Bludgeon","Limit Break"],"picked":"Iron Wave","floor":6},{"not_picked":["Whirlwind","Heavy Blade"],"picked":"Headbutt","floor":7},{"not_picked":["Iron Wave","Twin Strike"],"picked":"Shrug It Off","floor":8},{"not_picked":["Shockwave","Perfected Strike","Exhume"],"picked":"SKIP","floor":10},{"not_picked":["Sword Boomerang","Havoc","Headbutt"],"picked":"SKIP","floor":11},{"not_picked":["Exhume","Hemokinesis"],"picked":"Clothesline","floor":13},{"not_picked":["Body Slam","Entrench"],"picked":"Shrug It Off","floor":14}],"player_experience":283183,"relics_obtained":[{"floor":6,"key":"Shuriken"},{"floor":9,"key":"Tiny Chest"},{"floor":14,"key":"Pen Nib"}],"event_choices":[{"damage_healed":0,"gold_gain":0,"player_choice":"Gave Potion","damage_taken":0,"relics_obtained":["Anchor"],"max_hp_gain":0,"max_hp_loss":0,"event_name":"WeMeetAgain","floor":2,"gold_loss":0},{"damage_healed":0,"gold_gain":75,"player_choice":"Gather Gold","damage_taken":11,"max_hp_gain":0,"max_hp_loss":0,"event_name":"World of Goop","floor":12,"gold_loss":0},{"damage_healed":0,"gold_gain":0,"player_choice":"Searched \u00271\u0027 times","damage_taken":0,"max_hp_gain":0,"max_hp_loss":0,"event_name":"Dead Adventurer","floor":14,"gold_loss":0}],"is_beta":false,"boss_relics":[],"items_purged_floors":[],"is_endless":false,"potions_floor_spawned":[1,3,5,8],"killed_by":"Hexaghost","ascension_level":0}}