{"host":"0azimyi6n3ugndj4","time":1609549877,"event":{"mods":["2.2 Compatiblity","BaseMod","Bestiary","Conspire","Curses Come First","Defuse TimeMaze Blight","Hermit","Hyrulean Relics","Infinite Spire","Minty Spire (QoL Compilation)","Relic Stats","Replay The Spire","StSLib","SuperFastMode","The Cursed","Uncapped","¡¼?Úª?ø«¡½REMEMod"],"gold_per_floor":[153,153,192,279,291,387,573,666,678,747,719,791,30,66,66,303,303,354,354,393,393,438,540,540,42,42,42,42,42,42,120,120,359,359,359,42,126,356],"floor_reached":39,"playtime":564,"items_purged":["Shame"],"score":2017,"play_id":"6fe9e824-9d4f-4e88-9a13-57a4321971df","local_time":"20210102101117","daily_mods":["SealedDeck","Hoarder","Insanity","Chimera","Specialized","Vintage","ControlledChaos","Allstar","Colorless Cards","Heirloom","Time Dilation","Flight","Elite Swarm","Lethality","Midas","Binary"],"is_ascension_mode":true,"campfire_choices":[{"floor":15,"key":"REST"},{"floor":27,"key":"DIG"},{"floor":32,"key":"DIG"},{"floor":35,"key":"DIG"}],"circlet_count":0,"master_deck":["Demon Form","Wraith Form v2","Echo Form","DevaForm","AscendersBane","Bash","Survivor","Zap","Strike_G","Strike_B","Defend_R","Defend_G","Defend_P","TheCursedMod:CursedBlade","TheCursedMod:CursedBlade","Trip","TheCursedMod:SpitefulStrike","REME_TheoryOfElimination","TheCursedMod:Wield","Bandage Up","TheCursedMod:CircleOfCorruption","TheCursedMod:CursedShiv","TheCursedMod:FleshFromBone","TheCursedMod:Stretching","TheCursedMod:Torture","Swift Strike","TheCursedMod:TacticalStrike","TheCursedMod:CursedArmor","TheCursedMod:SpitefulStrike","TheCursedMod:CursedAmulet","TheCursedMod:Evocation","TheCursedMod:Evocation","Enlightenment","REME_FirmDetermination","REME_TheoryOfElimination","TheCursedMod:RavingStaff","TheCursedMod:VitalStrike","TheCursedMod:CursedAmulet","Enlightenment","Replay:Sssssssssshield","TheCursedMod:CursedMace","Trip","TheCursedMod:Wield","TheCursedMod:SmokeScreen","TheCursedMod:BloodBarrier","TheCursedMod:SpitefulPlan","TheCursedMod:RavingStaff","TheCursedMod:RapidMovement","TheCursedMod:Stretching","Forethought","TheCursedMod:WearCloak","TheCursedMod:CursedBlade","TheCursedMod:WearCloak","TheCursedMod:Obscuration","TheCursedMod:Stigma","TheCursedMod:SurpriseAttack","TheCursedMod:RapidMovement","TheCursedMod:WearCloak","TheCursedMod:CursedStaff","TheCursedMod:CursedArmor","TheCursedMod:Stretching","TheCursedMod:CursedBlade","conspire:Banana","conspire:Banana","conspire:Banana","conspire:Banana","conspire:Banana","conspire:Banana","conspire:Banana","conspire:Banana","conspire:Banana","conspire:Banana","conspire:Banana","conspire:Banana","conspire:Banana","conspire:Banana","conspire:Banana","TheCursedMod:CircleOfAmplification","TheCursedMod:CircleOfAmplification","TheCursedMod:CircleOfAmplification","TheCursedMod:Stretching","TheCursedMod:Stretching","TheCursedMod:Stretching","TheCursedMod:WearCloak","TheCursedMod:WearCloak+1","TheCursedMod:WearCloak","TheCursedMod:CursedShiv","TheCursedMod:CursedShiv","TheCursedMod:CursedShiv","Panacea","Panacea","Panacea","TheCursedMod:CursedShiv","TheCursedMod:CursedShiv","TheCursedMod:CursedShiv","TheCursedMod:TacticalStrike","TheCursedMod:TacticalStrike","TheCursedMod:TacticalStrike","TheCursedMod:SmokeScreen","TheCursedMod:SmokeScreen","TheCursedMod:SmokeScreen","TheCursedMod:CircleOfFlame","TheCursedMod:CircleOfFlame","TheCursedMod:CircleOfFlame","TheCursedMod:HellsGateOpen","TheCursedMod:HellsGateOpen","TheCursedMod:HellsGateOpen","Glass Knife","Glass Knife","Glass Knife","TheCursedMod:SurpriseAttack+1","TheCursedMod:SurpriseAttack+1","TheCursedMod:SurpriseAttack+1","Apotheosis+1","Apotheosis+1","Apotheosis+1","Shame","Shame"],"relics":["TheCursedMod:BlackMagic101","Frozen Eye","Busted Crown","REME_ComplimentaryCards","Ginger","StrikeDummy","MawBank","zeldaRelics:CourageTriforce","infinitespire:Broken Mirror","Onion Ring","Replay:Bottled Steam","Shovel","Sling","Golden Egg","Gremlin Food","infinitespire:Cupcake","Unceasing Top","Matryoshka","Boot","zeldaRelics:WisdomTriforce","MutagenicStrength","REME_OnlineShoppingPlatform","Happy Flower","Akabeko","REME_PuzzleBoxRelic","infinitespire:Satchel","zeldaRelics:PowerTriforce","conspire:SpecialSausage","Juzu Bracelet","conspire:GlowingRock","infinitespire:EvilPickle","TheCursedMod:FourLeafCloverCharm","Frozen Egg 2","conspire:TreasureMap","conspire:TopHat","infinitespire:Lucky Rock"],"acts_visited":["Exordium","TheCity","TheEnding"],"potions_floor_usage":[16],"damage_taken":[{"damage":0,"enemies":"Jaw Worm","floor":1,"turns":1},{"damage":0,"enemies":"Cultist","floor":3,"turns":3},{"damage":0,"enemies":"Lagavulin","floor":6,"turns":2},{"damage":20,"enemies":"3 Sentries","floor":7,"turns":5},{"damage":34,"enemies":"3 Sentries","floor":8,"turns":5},{"damage":0,"enemies":"2 Louse","floor":10,"turns":1},{"damage":0,"enemies":"Large Slime","floor":12,"turns":1},{"damage":0,"enemies":"2 Fungi Beasts","floor":14,"turns":1},{"damage":34,"enemies":"Hexaghost","floor":16,"turns":6},{"damage":11,"enemies":"Shell Parasite","floor":18,"turns":2},{"damage":0,"enemies":"Chosen","floor":20,"turns":1},{"damage":0,"enemies":"Centurion and Healer","floor":22,"turns":1},{"damage":0,"enemies":"Nightmare","floor":23,"turns":2},{"damage":0,"enemies":"Gremlin Leader","floor":31,"turns":1},{"damage":16,"enemies":"Pondfish","floor":33,"turns":4},{"damage":0,"enemies":"Shield and Spear","floor":37,"turns":1},{"damage":0,"enemies":"The Heart","floor":38,"turns":1}],"seed_played":"8351054253432294325","potions_obtained":[{"floor":3,"key":"SpeedPotion"},{"floor":6,"key":"Venom Potion"},{"floor":11,"key":"EntropicBrew"},{"floor":11,"key":"Flashbang"},{"floor":16,"key":"FairyPotion"}],"is_trial":true,"path_per_floor":["M","?","M","?","?","E","?","E","T","M","?","M","$","M","R","B",null,"M","?","M","?","M","NM","?","$","T","R","?","T","AVR","E","R","B",null,"R","$","E","B",null],"character_chosen":"THE_CURSED","items_purchased":["Shovel","Sling","Golden Egg","REME_OnlineShoppingPlatform","Happy Flower","Akabeko","conspire:TreasureMap","conspire:TopHat"],"campfire_rested":1,"item_purchase_floors":[13,13,13,25,25,25,36,36],"current_hp_per_floor":[64,64,66,55,55,58,39,9,9,9,9,9,9,9,33,4,66,56,56,56,56,56,58,58,58,58,58,58,58,58,58,58,47,82,82,82,82,82],"gold":356,"neow_bonus":"","is_daily":false,"chose_seed":false,"campfire_upgraded":0,"win_rate":0.0,"timestamp":1609549877,"path_taken":["M","?","?","?","?","E","?","E","T","M","?","?","?","?","R","BOSS","M","?","?","?","?","NM","?","?","T","R","?","?","AVR","E","R","BOSS","R","$","E","BOSS"],"items_purchased_type":["Relic","Relic","Relic","Relic","Relic","Relic","Relic","Relic"],"build_version":"2020-12-22","purchased_purges":1,"victory":true,"max_hp_per_floor":[71,71,73,73,73,76,77,81,81,81,81,81,81,81,81,86,86,87,87,87,87,87,89,89,89,89,89,89,89,89,89,89,94,94,94,94,94,94],"relic_stats":{"Busted Crown":32,"Shovel":3,"Happy Flower":[2],"counters":[17,38],"Juzu Bracelet":0,"Ginger":[0],"MawBank":120,"Boot":[21],"obtain_stats":[{"Golden Egg":13,"TheCursedMod:FourLeafCloverCharm":34,"conspire:SpecialSausage":30,"Juzu Bracelet":30,"Ginger":0,"Sling":13,"Boot":22,"zeldaRelics:WisdomTriforce":26,"conspire:TopHat":36,"Frozen Eye":0,"conspire:GlowingRock":32,"Shovel":13,"Matryoshka":20,"zeldaRelics:CouragePiece":6,"REME_OnlineShoppingPlatform":25,"zeldaRelics:PowerPiece":29,"Replay:Bottled Steam":12,"Gremlin Food":14,"TheCursedMod:BlackMagic101":0,"zeldaRelics:WisdomPiece":23,"conspire:TreasureMap":36,"Happy Flower":25,"zeldaRelics:PowerTriforce":31,"infinitespire:Lucky Rock":37,"Frozen Egg 2":35,"MawBank":3,"zeldaRelics:CourageTriforce":9,"Akabeko":25,"infinitespire:EvilPickle":33,"Busted Crown":0,"infinitespire:Broken Mirror":7,"MutagenicStrength":24,"infinitespire:Satchel":28,"Onion Ring":10,"REME_PuzzleBoxRelic":27,"StrikeDummy":1,"Unceasing Top":18,"REME_ComplimentaryCards":0,"infinitespire:Cupcake":17},{"Golden Egg":7,"TheCursedMod:FourLeafCloverCharm":15,"conspire:SpecialSausage":13,"Juzu Bracelet":13,"Ginger":0,"Sling":7,"Boot":12,"zeldaRelics:WisdomTriforce":13,"conspire:TopHat":15,"Frozen Eye":0,"conspire:GlowingRock":14,"Shovel":7,"Matryoshka":11,"zeldaRelics:CouragePiece":3,"REME_OnlineShoppingPlatform":13,"zeldaRelics:PowerPiece":13,"Replay:Bottled Steam":7,"Gremlin Food":8,"TheCursedMod:BlackMagic101":0,"zeldaRelics:WisdomPiece":13,"conspire:TreasureMap":15,"Happy Flower":13,"zeldaRelics:PowerTriforce":14,"infinitespire:Lucky Rock":16,"Frozen Egg 2":15,"MawBank":2,"zeldaRelics:CourageTriforce":5,"Akabeko":13,"infinitespire:EvilPickle":15,"Busted Crown":0,"infinitespire:Broken Mirror":4,"MutagenicStrength":13,"infinitespire:Satchel":13,"Onion Ring":6,"REME_PuzzleBoxRelic":13,"StrikeDummy":1,"Unceasing Top":10,"REME_ComplimentaryCards":0,"infinitespire:Cupcake":9},{"Golden Egg":18,"TheCursedMod:FourLeafCloverCharm":36,"conspire:SpecialSausage":31,"Juzu Bracelet":31,"Ginger":0,"Sling":18,"Boot":29,"zeldaRelics:WisdomTriforce":31,"conspire:TopHat":36,"Frozen Eye":0,"conspire:GlowingRock":32,"Shovel":18,"Matryoshka":28,"zeldaRelics:CouragePiece":6,"REME_OnlineShoppingPlatform":31,"zeldaRelics:PowerPiece":31,"Replay:Bottled Steam":18,"Gremlin Food":19,"TheCursedMod:BlackMagic101":0,"zeldaRelics:WisdomPiece":31,"conspire:TreasureMap":36,"Happy Flower":31,"zeldaRelics:PowerTriforce":32,"infinitespire:Lucky Rock":37,"Frozen Egg 2":36,"MawBank":4,"zeldaRelics:CourageTriforce":16,"Akabeko":31,"infinitespire:EvilPickle":36,"Busted Crown":0,"infinitespire:Broken Mirror":11,"MutagenicStrength":31,"infinitespire:Satchel":31,"Onion Ring":17,"REME_PuzzleBoxRelic":31,"StrikeDummy":1,"Unceasing Top":27,"REME_ComplimentaryCards":0,"infinitespire:Cupcake":25}],"Unceasing Top":[9]},"card_choices":[],"player_experience":1496741,"relics_obtained":[{"floor":1,"key":"StrikeDummy"},{"floor":3,"key":"MawBank"},{"floor":6,"key":"zeldaRelics:CouragePiece"},{"floor":7,"key":"infinitespire:Broken Mirror"},{"floor":8,"key":"zeldaRelics:CouragePiece"},{"floor":9,"key":"zeldaRelics:CouragePiece"},{"floor":10,"key":"Onion Ring"},{"floor":12,"key":"Replay:Bottled Steam"},{"floor":14,"key":"Gremlin Food"},{"floor":18,"key":"Unceasing Top"},{"floor":20,"key":"Matryoshka"},{"floor":22,"key":"Boot"},{"floor":23,"key":"zeldaRelics:WisdomPiece"},{"floor":26,"key":"zeldaRelics:WisdomPiece"},{"floor":26,"key":"zeldaRelics:WisdomPiece"},{"floor":27,"key":"REME_PuzzleBoxRelic"},{"floor":29,"key":"zeldaRelics:PowerPiece"},{"floor":29,"key":"zeldaRelics:PowerPiece"},{"floor":31,"key":"zeldaRelics:PowerPiece"},{"floor":32,"key":"conspire:GlowingRock"},{"floor":35,"key":"Frozen Egg 2"},{"floor":37,"key":"infinitespire:Lucky Rock"}],"event_choices":[{"cards_removed":["Eruption"],"damage_healed":0,"gold_gain":0,"player_choice":"Purged","damage_taken":0,"max_hp_gain":0,"max_hp_loss":0,"event_name":"Purifier","floor":2,"gold_loss":0},{"damage_healed":0,"gold_gain":75,"player_choice":"Gather Gold","damage_taken":11,"max_hp_gain":0,"max_hp_loss":0,"event_name":"World of Goop","floor":4,"gold_loss":0},{"damage_healed":0,"gold_gain":0,"player_choice":"Searched \u00271\u0027 times","damage_taken":0,"max_hp_gain":0,"max_hp_loss":0,"event_name":"Dead Adventurer","floor":7,"gold_loss":0},{"damage_healed":0,"gold_gain":0,"player_choice":"Bought 3 Potions","damage_taken":0,"max_hp_gain":0,"max_hp_loss":0,"event_name":"The Woman in Blue","floor":11,"gold_loss":0},{"damage_healed":0,"gold_gain":0,"cards_transformed":["Strike_R"],"player_choice":"Transformed","damage_taken":0,"max_hp_gain":0,"max_hp_loss":0,"event_name":"Transmorgrifier","floor":19,"gold_loss":0,"cards_obtained":["Apotheosis"]},{"damage_healed":0,"gold_gain":0,"player_choice":"Ignored","damage_taken":0,"max_hp_gain":0,"max_hp_loss":0,"event_name":"N\u0027loth","floor":21,"gold_loss":0},{"damage_healed":0,"gold_gain":0,"player_choice":"Inject Mutagens","damage_taken":0,"relics_obtained":["MutagenicStrength"],"max_hp_gain":0,"max_hp_loss":0,"event_name":"Drug Dealer","floor":24,"gold_loss":0},{"damage_healed":0,"gold_gain":0,"player_choice":"Stole Relic","damage_taken":0,"relics_obtained":["infinitespire:Satchel"],"max_hp_gain":0,"max_hp_loss":0,"event_name":"Addict","floor":28,"gold_loss":0,"cards_obtained":["Shame"]}],"is_beta":false,"boss_relics":[{"not_picked":["REME_DuelDisc","Astrolabe"],"picked":"infinitespire:Cupcake"},{"not_picked":["Empty Cage","ChewingGum"],"picked":"TheCursedMod:FourLeafCloverCharm"}],"items_purged_floors":[30],"is_endless":true,"potions_floor_spawned":[3,6,14,16,23,31,33,38],"ascension_level":20}}