{"host":"wg29woj1pduqw9vg","time":1609576220,"event":{"mods":["BaseMod","Colored Map","Minty Spire (QoL Compilation)","StSLib","The Necromancer"],"gold_per_floor":[116,116,116,116,116,116,133,133,160,212,192,222,222,234,234,329,329,339,373,373],"floor_reached":19,"playtime":1290,"items_purged":[],"score":188,"play_id":"7db81396-f783-40a8-a423-ff463dacb970","local_time":"20210102003020","is_ascension_mode":false,"campfire_choices":[{"data":"Summon_Undead","floor":6,"key":"SMITH"},{"data":"Bone_Spikes","floor":8,"key":"SMITH"},{"data":"Negative_Energy_Mist","floor":15,"key":"SMITH"}],"circlet_count":0,"master_deck":["Strike_W+1","Strike_W","Strike_W","Strike_W","Defend_W+1","Defend_W","Defend_W","Defend_W","Negative_Energy_Arrows","Bone_Wall","Summon_Undead+1","Bone_Spikes+1","Negative_Energy_Mist+1","Negative_Energy_Javelin"],"relics":["Vampire_Amulet","Bird Faced Urn","PreservedInsect","Regal Pillow","Strawberry","SacredBark","Red Mask"],"acts_visited":["Exordium","TheCity"],"potions_floor_usage":[18],"damage_taken":[{"damage":0,"enemies":"Jaw Worm","floor":1,"turns":5},{"damage":2,"enemies":"Small Slimes","floor":7,"turns":3},{"damage":2,"enemies":"Gremlin Nob","floor":12,"turns":3},{"damage":1,"enemies":"Cultist","floor":14,"turns":3},{"damage":8,"enemies":"The Guardian","floor":16,"turns":14},{"damage":12,"enemies":"Chosen","floor":18,"turns":7},{"damage":84,"enemies":"Masked Bandits","floor":19,"turns":9}],"seed_played":"-794216062989935990","potions_obtained":[{"floor":12,"key":"Swift Potion"},{"floor":14,"key":"Weak Potion"},{"floor":16,"key":"PowerPotion"},{"floor":19,"key":"SneckoOil"}],"is_trial":false,"path_per_floor":["M","?","?","$","?","R","M","R","T","?","?","E","T","M","R","B",null,"M","?"],"character_chosen":"NECROMANCER","items_purchased":[],"campfire_rested":0,"item_purchase_floors":[],"current_hp_per_floor":[82,87,70,70,52,52,54,54,54,54,54,54,61,62,62,56,94,84,24,24],"gold":373,"neow_bonus":"TEN_PERCENT_HP_BONUS","is_daily":false,"chose_seed":false,"campfire_upgraded":3,"win_rate":0.0,"timestamp":1609576220,"path_taken":["M","?","?","$","?","R","M","R","T","?","?","E","?","M","R","BOSS","M","?"],"items_purchased_type":[],"build_version":"2020-12-22","purchased_purges":0,"victory":false,"max_hp_per_floor":[82,87,87,87,87,87,87,87,87,87,87,87,94,94,94,94,94,94,94,94],"card_choices":[{"not_picked":["Blood_Curse","Spectral_Walk"],"picked":"Summon_Undead","floor":1},{"not_picked":["Plague_Bolt","Necrotic_Claws"],"picked":"Bone_Spikes","floor":7},{"not_picked":["Blood_Curse","Skeleton_Dragon"],"picked":"Negative_Energy_Mist","floor":12},{"not_picked":["Life_Tap","Blood_Curse"],"picked":"Negative_Energy_Javelin","floor":14},{"not_picked":["Bone_Spikes","Negative_Energy_Mist+1","Negative_Energy_Sphere"],"picked":"SKIP","floor":18}],"player_experience":0,"relics_obtained":[{"floor":9,"key":"PreservedInsect"},{"floor":12,"key":"Regal Pillow"},{"floor":13,"key":"Strawberry"},{"floor":19,"key":"Red Mask"}],"event_choices":[{"damage_healed":0,"gold_gain":0,"player_choice":"Donut","damage_taken":0,"max_hp_gain":5,"max_hp_loss":0,"event_name":"Big Fish","floor":2,"gold_loss":0},{"damage_healed":0,"gold_gain":0,"player_choice":"Entered Light","damage_taken":17,"max_hp_gain":0,"max_hp_loss":0,"event_name":"Shining Light","floor":3,"gold_loss":0,"cards_upgraded":["Defend_W","Strike_W"]},{"damage_healed":0,"gold_gain":0,"player_choice":"Success","damage_taken":18,"relics_obtained":["Bird Faced Urn"],"max_hp_gain":0,"max_hp_loss":0,"event_name":"Scrap Ooze","floor":5,"gold_loss":0},{"damage_healed":0,"gold_gain":52,"player_choice":"Gained Gold","damage_taken":0,"max_hp_gain":0,"max_hp_loss":0,"event_name":"Golden Wing","floor":10,"gold_loss":0},{"damage_healed":0,"gold_gain":0,"player_choice":"Left Gold","damage_taken":0,"max_hp_gain":0,"max_hp_loss":0,"event_name":"World of Goop","floor":11,"gold_loss":20},{"damage_healed":0,"gold_gain":0,"player_choice":"Fought Bandits","damage_taken":0,"max_hp_gain":0,"max_hp_loss":0,"event_name":"Masked Bandits","floor":19,"gold_loss":0}],"is_beta":false,"boss_relics":[{"not_picked":["Tiny House","Snecko Eye"],"picked":"SacredBark"}],"items_purged_floors":[],"is_endless":false,"potions_floor_spawned":[12,14,16,19],"killed_by":"Masked Bandits","ascension_level":0}}