{"host":"o7ymgqw1bx1zbjaa","time":1609593945,"event":{"mods":["2.2 Compatiblity","AchievementEnabler","Act Like it!","Aspiration","BaseMod","Better Altar","Better Match","Better Note","Better Sensory Stone","Better Skull","Better Third Choice","Colored Map","Conspire","Energized Spire","Highlight Path","Hubris","Infinite Spire","Jedi Mod","Marked Mod","Minty Spire (QoL Compilation)","Pale of the Ancients","Permanent Neow","Quick Restart","Random Character Button","Rare Cards Sparkle","Replay The Spire","Spicy Shops","Spikes Relics","StSLib","The Blue Laboratory","Wandering Minibosses"],"gold_per_floor":[110,110,130,130,146,175,193,221,273,273,305,305,305,10,10,114,114,125,125,125,125,136,136,136],"floor_reached":23,"playtime":3139,"items_purged":[],"score":217,"play_id":"caff4a00-a568-4497-bd49-b05b68adac90","local_time":"20210102072545","is_ascension_mode":true,"campfire_choices":[{"floor":10.0,"key":"REST"},{"floor":13.0,"key":"REST"},{"data":"conspire:Banana","floor":15.0,"key":"SMITH"}],"circlet_count":0,"master_deck":["Strike_P","Strike_P","Strike_P","Defend_P","Defend_P","Defend_P","Defend_P+1","Eruption","Vigilance+1","Escape Plan","conspire:Banana+1","Crescendo","Collect","Establishment","Setup","ReachHeaven","WreathOfFlame","Die Die Die","EmptyFist+1","ForeignInfluence","Shame","Replay:Battleflow+1"],"relics":["PureWater","aspiration:Nostalgia","Replay:M_StaffOfTheSnake","Counterbalance","hubris:OldNail","Gremlin Food","MealTicket","Matryoshka","infinitespire:Golems Mask","aspiration:PoetsPen_weak","hubris:BottledHeart"],"acts_visited":["Exordium","TheCity"],"potions_floor_usage":[],"damage_taken":[{"damage":0.0,"enemies":"Small Slimes","floor":1.0,"turns":3.0},{"damage":0.0,"enemies":"2 Louse","floor":3.0,"turns":3.0},{"damage":0.0,"enemies":"Cultist","floor":5.0,"turns":4.0},{"damage":28.0,"enemies":"3 Sentries","floor":6.0,"turns":11.0},{"damage":8.0,"enemies":"conspire:2 RoseBushes","floor":7.0,"turns":8.0},{"damage":4.0,"enemies":"Replay:BlueRogue","floor":8.0,"turns":7.0},{"damage":16.0,"enemies":"Gremlin Nob","floor":11.0,"turns":5.0},{"damage":38.0,"enemies":"The Guardian","floor":16.0,"turns":7.0},{"damage":12.0,"enemies":"2 Thieves","floor":18.0,"turns":4.0},{"damage":0,"enemies":"Spheric Guardian","floor":22,"turns":5},{"damage":5,"enemies":"Nightmare","floor":23,"turns":4}],"seed_played":"4912675499718257945","potions_obtained":[{"floor":1.0,"key":"Energy Potion"},{"floor":3.0,"key":"Weak Potion"},{"floor":8.0,"key":"Block Potion"},{"floor":16.0,"key":"PowerPotion"},{"floor":18.0,"key":"blueLaboratory:NullPotion"}],"is_trial":false,"path_per_floor":["M","?","M","?","M","E","M","E","T","R","E","T","R","$","R_BF","B",null,"M","?","?","?","M","NM"],"character_chosen":"WATCHER","items_purchased":["infinitespire:Golems Mask"],"campfire_rested":2,"item_purchase_floors":[14],"current_hp_per_floor":[72,72,73,73,74,47,40,37,37,60,45,45,68,78,78,42,80,70,70,1,1,1,0,0],"gold":136,"neow_bonus":"NOSTALGIA","is_daily":false,"chose_seed":false,"campfire_upgraded":1,"win_rate":0.0,"timestamp":1609593945,"path_taken":["M","?","M","?","?","E","M","E","T","R","E","?","R","$","R_BF","BOSS","M","?","?","?","M","NM"],"items_purchased_type":["Relic"],"build_version":"2020-12-22","purchased_purges":0,"victory":false,"max_hp_per_floor":[72,72,73,73,74,75,76,77,77,77,78,78,78,78,78,80,80,82,82,1,1,1,1,1],"card_choices":[{"not_picked":["Dagger Throw","SashWhip"],"picked":"Escape Plan","floor":1.0},{"not_picked":["Sharp Hide","Panacea"],"picked":"conspire:Banana","floor":2.0},{"not_picked":["Halt","SashWhip"],"picked":"Crescendo","floor":3.0},{"not_picked":["Replay:BluntJabs","Replay:Anticipation"],"picked":"Collect","floor":5.0},{"not_picked":["PathToVictory","FlyingSleeves"],"picked":"Establishment","floor":6.0},{"not_picked":["CrushJoints","Replay:AtTheReady"],"picked":"Setup","floor":7.0},{"not_picked":["Consecrate","Crescendo"],"picked":"ReachHeaven","floor":8.0},{"not_picked":["Vengeance","MarkedMod:Acupuncture"],"picked":"WreathOfFlame","floor":11.0},{"not_picked":["Ragnarok","Grand Finale"],"picked":"Die Die Die","floor":16.0},{"not_picked":["Crescendo","FlurryOfBlows"],"picked":"EmptyFist+1","floor":18.0},{"not_picked":["FollowUp+1","MarkedMod:Acupuncture+1"],"picked":"Replay:Battleflow+1","floor":22}],"player_experience":249388,"relics_obtained":[{"floor":6.0,"key":"Counterbalance"},{"floor":8.0,"key":"hubris:OldNail"},{"floor":9.0,"key":"Gremlin Food"},{"floor":11.0,"key":"MealTicket"},{"floor":12.0,"key":"Matryoshka"}],"event_choices":[{"damage_healed":0.0,"max_hp_gain":0.0,"max_hp_loss":0.0,"gold_gain":1.0,"event_name":"betterStone:BetterStone","player_choice":"1","floor":2.0,"gold_loss":0.0,"damage_taken":0.0},{"cards_removed":["Strike_P"],"damage_healed":0.0,"max_hp_gain":0.0,"max_hp_loss":0.0,"gold_gain":0.0,"event_name":"Bonfire Elementals","player_choice":"Offered Basic","floor":4.0,"gold_loss":0.0,"damage_taken":0.0},{"damage_healed":0.0,"max_hp_gain":0.0,"max_hp_loss":0.0,"gold_gain":0.0,"event_name":"The Library","player_choice":"Read","floor":19.0,"gold_loss":0.0,"damage_taken":0.0,"cards_obtained":["ForeignInfluence"]}],"is_beta":false,"boss_relics":[{"not_picked":["CosmicIsotope","Coffee Dripper"],"picked":"aspiration:PoetsPen_weak"}],"items_purged_floors":[],"is_endless":false,"potions_floor_spawned":[1,3,8,16,18],"killed_by":"Nightmare","ascension_level":1}}