{"host":"os7ajuuouznx3pj7","time":1609606340,"event":{"mods":["AchievementEnabler","BaseMod","Bestiary","Block Reminder","Colored Map","Colored Powertips","Keyboard Shortcuts","Minty Spire (QoL Compilation)","Quick Restart","Relic Stats","SuperFastMode"],"gold_per_floor":[109,109,109,129,141,172,172,192,238,238,250,250,266,55,55,131,131,142,162,162,162],"floor_reached":20,"playtime":3528,"items_purged":[],"score":352,"play_id":"2e71f962-2024-4a34-9384-8078bf99d48b","local_time":"20210102145220","is_ascension_mode":true,"campfire_choices":[{"data":"Hemokinesis","floor":7.0,"key":"SMITH"},{"floor":12.0,"key":"REST"},{"floor":15.0,"key":"REST"}],"circlet_count":0,"master_deck":["AscendersBane","Strike_R","Strike_R","Strike_R","Strike_R","Strike_R","Defend_R","Defend_R","Defend_R","Defend_R","Bash","Twin Strike+1","Hemokinesis+1","Disarm","True Grit","Twin Strike","Dark Shackles","Juggernaut","Shrug It Off+1"],"relics":["Burning Blood","Art of War","Paper Frog","Oddly Smooth Stone","Membership Card","Coffee Dripper"],"acts_visited":["Exordium","TheCity"],"potions_floor_usage":[16,16],"damage_taken":[{"damage":24.0,"enemies":"Jaw Worm","floor":1.0,"turns":5.0},{"damage":2.0,"enemies":"2 Louse","floor":4.0,"turns":2.0},{"damage":3.0,"enemies":"Cultist","floor":5.0,"turns":3.0},{"damage":40.0,"enemies":"Lagavulin","floor":6.0,"turns":5.0},{"damage":7.0,"enemies":"Gremlin Gang","floor":8.0,"turns":4.0},{"damage":20.0,"enemies":"Exordium Wildlife","floor":11.0,"turns":5.0},{"damage":12.0,"enemies":"Lots of Slimes","floor":13.0,"turns":4.0},{"damage":54,"enemies":"Slime Boss","floor":16,"turns":11},{"damage":25,"enemies":"Shell Parasite","floor":18,"turns":4},{"damage":19,"enemies":"Chosen","floor":19,"turns":4},{"damage":30,"enemies":"3 Cultists","floor":20,"turns":4}],"seed_played":"7537510479460097208","potions_obtained":[{"floor":4.0,"key":"Fruit Juice"},{"floor":8.0,"key":"ElixirPotion"},{"floor":11.0,"key":"LiquidMemories"},{"floor":13.0,"key":"SkillPotion"}],"is_trial":false,"path_per_floor":["M","?","?","M","M","E","R","M","T","?","M","R","M","$","R","B",null,"M","M","M"],"character_chosen":"IRONCLAD","items_purchased":["Membership Card","Dark Shackles"],"campfire_rested":2,"item_purchase_floors":[14,14],"current_hp_per_floor":[50,50,50,54,57,23,23,22,22,22,13,37,31,31,55,7,62,43,30,0,0],"gold":162,"neow_bonus":"RANDOM_COMMON_RELIC","is_daily":false,"chose_seed":false,"campfire_upgraded":1,"win_rate":0.0,"timestamp":1609606340,"path_taken":["M","?","?","?","M","E","R","M","T","?","?","R","M","$","R","BOSS","M","M","?"],"items_purchased_type":["Relic","Card"],"build_version":"2020-12-22","purchased_purges":0,"victory":false,"max_hp_per_floor":[75,75,75,75,75,75,75,75,75,75,80,80,80,80,80,80,80,80,80,80,80],"relic_stats":{"counters":[11,51],"Art of War":[2],"obtain_stats":[{"Oddly Smooth Stone":9,"Art of War":0,"Coffee Dripper":17,"Membership Card":14,"Burning Blood":0,"Paper Frog":6},{"Oddly Smooth Stone":5,"Art of War":0,"Coffee Dripper":8,"Membership Card":7,"Burning Blood":0,"Paper Frog":4},{"Oddly Smooth Stone":19,"Art of War":0,"Coffee Dripper":39,"Membership Card":28,"Burning Blood":0,"Paper Frog":15}],"Burning Blood":60},"card_choices":[{"not_picked":["Flex","Wild Strike"],"picked":"Twin Strike","floor":1.0},{"not_picked":["Thunderclap","Warcry"],"picked":"Hemokinesis","floor":4.0},{"not_picked":["Havoc","Whirlwind"],"picked":"Disarm","floor":5.0},{"not_picked":["Heavy Blade","Anger","Combust"],"picked":"SKIP","floor":6.0},{"not_picked":["Headbutt","Sever Soul","Body Slam"],"picked":"SKIP","floor":8.0},{"not_picked":["Searing Blow","Reckless Charge"],"picked":"True Grit","floor":11.0},{"not_picked":["Rupture","Pommel Strike"],"picked":"Twin Strike","floor":13.0},{"not_picked":["Berserk","Corruption"],"picked":"Juggernaut","floor":16},{"not_picked":["Pommel Strike","Rage+1"],"picked":"Shrug It Off+1","floor":18},{"not_picked":["Sword Boomerang","Twin Strike","Havoc"],"picked":"SKIP","floor":19}],"player_experience":746908,"relics_obtained":[{"floor":6.0,"key":"Paper Frog"},{"floor":9.0,"key":"Oddly Smooth Stone"}],"event_choices":[{"damage_healed":0.0,"max_hp_gain":0.0,"max_hp_loss":0.0,"gold_gain":0.0,"event_name":"Liars Game","player_choice":"Ignored","floor":2.0,"gold_loss":0.0,"damage_taken":0.0},{"damage_healed":0.0,"max_hp_gain":0.0,"max_hp_loss":0.0,"gold_gain":0.0,"event_name":"Shining Light","player_choice":"Ignored","floor":3.0,"gold_loss":0.0,"damage_taken":0.0},{"damage_healed":0.0,"max_hp_gain":0.0,"max_hp_loss":0.0,"gold_gain":0.0,"event_name":"Upgrade Shrine","player_choice":"Upgraded","floor":10.0,"gold_loss":0.0,"damage_taken":0.0,"cards_upgraded":["Twin Strike"]}],"is_beta":false,"boss_relics":[{"not_picked":["Velvet Choker","SlaversCollar"],"picked":"Coffee Dripper"}],"items_purged_floors":[],"is_endless":false,"potions_floor_spawned":[4,8,11,13],"killed_by":"3 Cultists","ascension_level":20}}