{"host":"sfkslwp4t49i7lrt","time":1609578762,"event":{"mods":["BaseMod","Bestiary","Block Reminder","Downfall","Highlight Path","Minty Spire (QoL Compilation)","Relic Stats","StSLib","everything is the same but u backflip on backflip","slay the spire mod where everything is the same but ironclad has a cowboy hat"],"gold_per_floor":[199,219,231,381,77,94,94,112,131,131,142,159,179,191,211,211,211,211],"floor_reached":16,"playtime":1174,"items_purged":["downfall:Icky"],"score":120,"play_id":"c9e01f3d-fbf6-4970-8007-0e02849b6581","local_time":"20210102161242","is_ascension_mode":true,"campfire_choices":[{"data":"champ:Taunt","floor":1,"key":"SMITH"}],"circlet_count":0,"master_deck":["champ:Strike","champ:Strike","champ:Strike+1","champ:Strike+1","champ:Defend","champ:Defend+1","champ:Defend","champ:Defend","champ:Execute","champ:Taunt+1","champ:FaceSlap","champ:Circumvent","champ:Backstep","champ:CrownThrow","champ:TornadoPunch","champ:BerserkersShout","champ:SkillfulDodge","downfall:Malfunctioning","champ:GutPunch","champ:EnragedBash","champ:AdrenalArmor","champ:PreemptiveStrike"],"relics":["champ:ChampionCrown","champ:Barbells","Calipers"],"acts_visited":["Exordium"],"potions_floor_usage":[13,16,16],"damage_taken":[{"damage":5,"enemies":"2 Louse","floor":2,"turns":3},{"damage":10,"enemies":"Small Slimes","floor":3,"turns":4},{"damage":10,"enemies":"downfall:FleeingMerchant","floor":5,"turns":4},{"damage":7,"enemies":"Jaw Worm","floor":6,"turns":2},{"damage":15,"enemies":"Lots of Slimes","floor":8,"turns":3},{"damage":10,"enemies":"Exordium Thugs","floor":9,"turns":6},{"damage":6,"enemies":"3 Louse","floor":11,"turns":2},{"damage":6,"enemies":"Blue Slaver","floor":12,"turns":3},{"damage":3,"enemies":"Gremlin Gang","floor":13,"turns":4},{"damage":14,"enemies":"Exordium Thugs","floor":14,"turns":4},{"damage":11,"enemies":"Blue Slaver","floor":15,"turns":4},{"damage":49,"enemies":"downfall:Watcher","floor":16,"turns":7}],"seed_played":"2975821596124881146","potions_obtained":[{"floor":3,"key":"AttackPotion"},{"floor":8,"key":"EssenceOfSteel"},{"floor":12,"key":"champ:TechniquePotion"},{"floor":14,"key":"Slimebound:ThreeZeroPotion"}],"is_trial":false,"path_per_floor":["R","M","M","?","$","M","T","M","M","?","M","M","M","M","M","B"],"character_chosen":"THE_CHAMP","items_purchased":["champ:CrownThrow","champ:Barbells"],"campfire_rested":0,"item_purchase_floors":[5,5],"current_hp_per_floor":[90,90,85,85,85,78,78,68,63,63,57,51,51,44,44,0,0,0],"gold":211,"neow_bonus":"HUNDRED_GOLD","is_daily":false,"chose_seed":false,"campfire_upgraded":1,"win_rate":0.0,"timestamp":1609578762,"path_taken":["R","M","M","?","$","M","T","M","M","?","M","M","M","M","M","BOSS"],"items_purchased_type":["Card","Relic"],"build_version":"2020-12-22","purchased_purges":1,"victory":false,"max_hp_per_floor":[90,90,90,90,90,90,90,90,90,90,90,90,90,90,90,90,90,90],"relic_stats":{"counters":[12,46],"obtain_stats":[{"champ:Barbells":5,"Calipers":7,"champ:ChampionCrown":0},{"champ:Barbells":3,"Calipers":4,"champ:ChampionCrown":0},{"champ:Barbells":11,"Calipers":13,"champ:ChampionCrown":0}]},"card_choices":[{"not_picked":["champ:BringItOn","champ:CrookedStrike"],"picked":"champ:FaceSlap","floor":2},{"not_picked":["champ:StanceDance","champ:CrownThrow"],"picked":"champ:Circumvent","floor":3},{"not_picked":["champ:AdrenalArmor","champ:EnGarde"],"picked":"champ:Backstep","floor":5},{"not_picked":["champ:Backstep","champ:BladeFlurry"],"picked":"champ:TornadoPunch","floor":6},{"not_picked":["champ:ShieldSigil","champ:MurderStrike"],"picked":"champ:BerserkersShout","floor":8},{"not_picked":["champ:DefensiveShout","champ:BerserkerStyle"],"picked":"champ:SkillfulDodge","floor":9},{"not_picked":["champ:DefensiveShout","champ:RageSigil"],"picked":"champ:GutPunch","floor":11},{"not_picked":["champ:StanceDance","champ:Backstep","champ:BerserkerStyle"],"picked":"SKIP","floor":12},{"not_picked":["champ:BladeFlurry","champ:DefensiveStyle"],"picked":"champ:EnragedBash","floor":13},{"not_picked":["champ:ShieldThrow","champ:Haymaker"],"picked":"champ:AdrenalArmor","floor":14},{"not_picked":["champ:BladeFlurry","champ:Haymaker"],"picked":"champ:PreemptiveStrike","floor":15}],"player_experience":418851,"relics_obtained":[{"floor":7,"key":"Calipers"}],"event_choices":[],"is_beta":false,"boss_relics":[],"items_purged_floors":[5],"is_endless":false,"potions_floor_spawned":[3,8,12,14],"killed_by":"downfall:Watcher","ascension_level":4}}