{"host":"3bmixpcp66vorgem","time":1609585577,"event":{"mods":["AchievementEnabler","BaseMod","JesterMod","Minty Spire (QoL Compilation)","Slay the Relics Exporter","StSLib"],"gold_per_floor":[116,116,191,46,62,90,90,11,38,38,55,55,55,73,73,178,178,194,109,33,53,53,53],"floor_reached":22,"playtime":1132,"items_purged":[],"score":248,"play_id":"c40c4c14-edb8-4f1d-8f04-f214b3bf1273","local_time":"20210102120617","is_ascension_mode":true,"campfire_choices":[{"data":"jesterMod:Tinker","floor":7,"key":"SMITH"},{"data":"jesterMod:Sickle","floor":10,"key":"SMITH"},{"data":"jesterMod:Precipitation","floor":13,"key":"SMITH"},{"floor":15,"key":"REST"}],"circlet_count":0,"master_deck":["jesterMod:Strike","jesterMod:Strike","jesterMod:Strike","jesterMod:Strike","jesterMod:Sickle+1","jesterMod:Defend","jesterMod:Defend","jesterMod:Defend","jesterMod:Dodge","jesterMod:LaughingGas","jesterMod:PerfectDodge","jesterMod:PerfectDodge+1","jesterMod:LaughingGas+1","CurseOfTheBell","jesterMod:Tinker+1","jesterMod:PerfectDodge","jesterMod:JugglerBlade","jesterMod:Precipitation+1","jesterMod:JugglerBlade","jesterMod:Trance","jesterMod:Prankster","jesterMod:SelfMockery","jesterMod:Juggle","jesterMod:SelfMockery","jesterMod:Precipitation","jesterMod:Flee","jesterMod:JugglerBlade"],"relics":["Calling Bell","Juzu Bracelet","Ornamental Fan","Prayer Wheel","Anchor","StrikeDummy","Akabeko","jesterMod:HauntedLute","Art of War"],"acts_visited":["Exordium","TheCity"],"potions_floor_usage":[14,18,22,22],"damage_taken":[{"damage":17,"enemies":"Cultist","floor":1,"turns":6},{"damage":0,"enemies":"Small Slimes","floor":5,"turns":6},{"damage":0,"enemies":"Gremlin Nob","floor":6,"turns":6},{"damage":0,"enemies":"2 Louse","floor":11,"turns":4},{"damage":14,"enemies":"Lots of Slimes","floor":14,"turns":4},{"damage":14,"enemies":"Slime Boss","floor":16,"turns":8},{"damage":65,"enemies":"3 Byrds","floor":18,"turns":6},{"damage":0,"enemies":"Spheric Guardian","floor":21,"turns":4},{"damage":11,"enemies":"Chosen and Byrds","floor":22,"turns":4}],"seed_played":"8501276942890651750","potions_obtained":[{"floor":5,"key":"Block Potion"},{"floor":16,"key":"AttackPotion"},{"floor":18,"key":"Fire Potion"},{"floor":21,"key":"SkillPotion"}],"is_trial":false,"path_per_floor":["M","?","?","?","M","E","R","$","T","R","M","$","R","M","R","B",null,"M","?","$","M","M"],"character_chosen":"THE_JESTER","items_purchased":["jesterMod:JugglerBlade","jesterMod:Flee"],"campfire_rested":1,"item_purchase_floors":[8,20],"current_hp_per_floor":[53,46,35,35,35,35,35,35,35,35,35,35,35,21,42,28,70,5,5,5,5,0,0],"gold":53,"neow_bonus":"BOSS_RELIC","is_daily":false,"chose_seed":false,"campfire_upgraded":3,"win_rate":0.0,"timestamp":1609585577,"path_taken":["M","?","?","?","M","E","R","$","T","R","M","$","R","M","R","BOSS","M","?","$","M","M"],"items_purchased_type":["Card","Card"],"build_version":"2020-12-22","purchased_purges":0,"victory":false,"max_hp_per_floor":[70,70,70,70,70,70,70,70,70,70,70,70,70,70,70,70,70,70,70,70,70,70,70],"card_choices":[{"not_picked":["jesterMod:DaggerRain","jesterMod:Dilapidation"],"picked":"jesterMod:Tinker","floor":1},{"not_picked":["jesterMod:Swiftness","jesterMod:OblivionStrike"],"picked":"jesterMod:PerfectDodge","floor":1},{"not_picked":["jesterMod:SelfMockery","jesterMod:LightTheWick"],"picked":"jesterMod:JugglerBlade","floor":5},{"not_picked":["jesterMod:Hide","jesterMod:RecklessStrike","jesterMod:Taunt"],"picked":"SKIP","floor":5},{"not_picked":["jesterMod:Haste","jesterMod:QuickStrike"],"picked":"jesterMod:Precipitation","floor":6},{"not_picked":["jesterMod:Rebuff","jesterMod:QuickStrike"],"picked":"jesterMod:Trance","floor":11},{"not_picked":["jesterMod:Procrastination","jesterMod:Feint","jesterMod:Precipitation"],"picked":"SKIP","floor":11},{"not_picked":["jesterMod:Exasperation","jesterMod:Pause"],"picked":"jesterMod:Prankster","floor":14},{"not_picked":["jesterMod:Anticipation","jesterMod:Contradiction"],"picked":"jesterMod:SelfMockery","floor":14},{"not_picked":["jesterMod:Trance","jesterMod:Leeches"],"picked":"jesterMod:Juggle","floor":16},{"not_picked":["jesterMod:DaggerRain","jesterMod:TrickyDodge"],"picked":"jesterMod:SelfMockery","floor":18},{"not_picked":["jesterMod:Patience+1","jesterMod:LightTheWick"],"picked":"jesterMod:Precipitation","floor":18},{"not_picked":["jesterMod:Schizophrenia","jesterMod:QuickStrike+1"],"picked":"jesterMod:JugglerBlade","floor":21},{"not_picked":["jesterMod:SmokeScreen","jesterMod:Pause","jesterMod:Exasperation"],"picked":"SKIP","floor":21}],"player_experience":2218088,"relics_obtained":[{"floor":0.0,"key":"Juzu Bracelet"},{"floor":0.0,"key":"Ornamental Fan"},{"floor":0.0,"key":"Prayer Wheel"},{"floor":6,"key":"StrikeDummy"},{"floor":9,"key":"Akabeko"}],"event_choices":[{"cards_removed":["jesterMod:Defend"],"damage_healed":0,"gold_gain":0,"player_choice":"Card Removal","damage_taken":7,"max_hp_gain":0,"max_hp_loss":0,"event_name":"Golden Wing","floor":2,"gold_loss":0},{"damage_healed":0,"gold_gain":75,"player_choice":"Gather Gold","damage_taken":11,"max_hp_gain":0,"max_hp_loss":0,"event_name":"World of Goop","floor":3,"gold_loss":0},{"damage_healed":0,"gold_gain":0,"player_choice":"Paid Gold","damage_taken":0,"relics_obtained":["Anchor"],"max_hp_gain":0,"max_hp_loss":0,"event_name":"WeMeetAgain","floor":4,"gold_loss":145},{"damage_healed":0,"gold_gain":0,"player_choice":"Obtained Relic","damage_taken":0,"relics_obtained":["Art of War"],"max_hp_gain":0,"max_hp_loss":0,"event_name":"Addict","floor":19,"gold_loss":85}],"is_beta":false,"boss_relics":[{"not_picked":["Ectoplasm","Velvet Choker"],"picked":"jesterMod:HauntedLute"}],"items_purged_floors":[],"is_endless":false,"potions_floor_spawned":[5,16,18,21],"killed_by":"Chosen and Byrds","ascension_level":4}}