{"host":"tchp4ssh6eu1bj0c","time":1609592124,"event":{"mods":["AchievementEnabler","BaseMod","KOR Keyword Fix","Minty Spire (QoL Compilation)","SuperFastMode"],"gold_per_floor":[114,14,14,14,30,63,76,76,103,113,188,188,214,214,214,309,309,309],"floor_reached":17,"playtime":486,"items_purged":["Strike_R"],"score":303,"play_id":"2cba9180-0120-4545-aa8b-8324e91e3217","local_time":"20210102215524","is_ascension_mode":true,"campfire_choices":[{"data":"Shrug It Off","floor":8,"key":"SMITH"},{"floor":12,"key":"REST"},{"data":"Body Slam","floor":15,"key":"SMITH"}],"circlet_count":0,"master_deck":["AscendersBane","Strike_R","Strike_R","Strike_R+1","Defend_R+1","Defend_R","Defend_R","Defend_R+1","Bash","Shrug It Off+1","Pommel Strike+1","Shrug It Off","Iron Wave","Body Slam+1","Feed","CurseOfTheBell"],"relics":["Burning Blood","NeowsBlessing","Whetstone","Dream Catcher","Ancient Tea Set","Golden Idol","Calling Bell","Omamori","Darkstone Periapt","Peace Pipe"],"acts_visited":["Exordium","TheCity"],"potions_floor_usage":[],"damage_taken":[{"damage":0,"enemies":"2 Louse","floor":1,"turns":1},{"damage":0,"enemies":"Small Slimes","floor":5,"turns":1},{"damage":0,"enemies":"Gremlin Nob","floor":6,"turns":1},{"damage":2,"enemies":"Cultist","floor":7,"turns":4},{"damage":8,"enemies":"Exordium Wildlife","floor":10,"turns":6},{"damage":51,"enemies":"The Guardian","floor":16,"turns":17}],"seed_played":"-7042775827601588637","potions_obtained":[{"floor":10,"key":"Ancient Potion"},{"floor":16,"key":"AttackPotion"}],"is_trial":false,"path_per_floor":["M","$","?","?","M","E","M","R","T","M","?","R","T","?","R","B",null],"character_chosen":"IRONCLAD","items_purchased":["Pommel Strike"],"campfire_rested":1,"item_purchase_floors":[2],"current_hp_per_floor":[74,74,59,59,65,71,75,75,75,73,62,75,75,57,57,12,59,59],"gold":309,"neow_bonus":"THREE_ENEMY_KILL","is_daily":false,"chose_seed":false,"campfire_upgraded":2,"win_rate":0.0,"timestamp":1609592124,"path_taken":["M","$","?","?","M","E","?","R","T","M","?","R","?","?","R","BOSS"],"items_purchased_type":["Card"],"build_version":"2020-12-22","purchased_purges":1,"victory":false,"max_hp_per_floor":[75,75,75,75,75,75,75,75,75,75,75,75,75,75,75,75,75,75],"card_choices":[{"not_picked":["Clothesline","Headbutt"],"picked":"Shrug It Off","floor":1},{"not_picked":["Sword Boomerang","Heavy Blade"],"picked":"Shrug It Off","floor":5},{"not_picked":["Reaper","Heavy Blade"],"picked":"Iron Wave","floor":6},{"not_picked":["Hemokinesis","Perfected Strike","Sever Soul"],"picked":"SKIP","floor":7},{"not_picked":["Intimidate","Searing Blow","Anger"],"picked":"SKIP","floor":10},{"not_picked":["Disarm","Heavy Blade"],"picked":"Body Slam","floor":12},{"not_picked":["Bludgeon","Brutality"],"picked":"Feed","floor":16}],"player_experience":437944,"relics_obtained":[{"floor":6,"key":"Whetstone"},{"floor":9,"key":"Dream Catcher"},{"floor":13,"key":"Ancient Tea Set"},{"floor":17,"key":"Omamori"},{"floor":17,"key":"Darkstone Periapt"},{"floor":17,"key":"Peace Pipe"}],"event_choices":[{"damage_healed":0,"gold_gain":0,"player_choice":"Entered Light","damage_taken":15,"max_hp_gain":0,"max_hp_loss":0,"event_name":"Shining Light","floor":3,"gold_loss":0,"cards_upgraded":["Defend_R","Defend_R"]},{"cards_removed":["Strike_R"],"damage_healed":0,"gold_gain":0,"player_choice":"Purged","damage_taken":0,"max_hp_gain":0,"max_hp_loss":0,"event_name":"Purifier","floor":4,"gold_loss":0},{"damage_healed":0,"gold_gain":75,"player_choice":"Gather Gold","damage_taken":11,"max_hp_gain":0,"max_hp_loss":0,"event_name":"World of Goop","floor":11,"gold_loss":0},{"damage_healed":0,"gold_gain":0,"player_choice":"Take Damage","damage_taken":18,"relics_obtained":["Golden Idol"],"max_hp_gain":0,"max_hp_loss":0,"event_name":"Golden Idol","floor":14,"gold_loss":0}],"is_beta":false,"boss_relics":[{"not_picked":["Cursed Key","Snecko Eye"],"picked":"Calling Bell"}],"items_purged_floors":[2],"is_endless":false,"potions_floor_spawned":[10,16],"ascension_level":14}}