{"host":"Ian","time":1609603037,"event":{"mods":["BaseMod","Bestiary","Block Reminder","Colored Map","Highlight Path","Key Reminder","Minty Spire (QoL Compilation)","Relic Stats"],"gold_per_floor":[119,135,60,78,24,24,51,51,103,103,103,28,63,79,79,154,154,154,54,54,54,54,54,54,54,54,54,54,54,54,54,54,54,54],"floor_reached":33,"playtime":1667,"items_purged":["Strike_R","Strike_R"],"score":730,"play_id":"230b9734-87c5-468a-aa7c-3254fa32fa20","local_time":"20210102155717","is_ascension_mode":true,"campfire_choices":[{"data":"Carnage","floor":6,"key":"SMITH"},{"data":"Bash","floor":8,"key":"SMITH"},{"data":"Disarm","floor":10,"key":"SMITH"},{"data":"Rampage","floor":15,"key":"SMITH"},{"floor":27,"key":"REST"},{"data":"Immolate","floor":30,"key":"SMITH"},{"data":"Power Through","floor":32,"key":"SMITH"}],"circlet_count":0,"master_deck":["AscendersBane","Strike_R","Defend_R+1","Defend_R+1","Defend_R","Defend_R","Bash+1","Carnage+1","Rampage+1","Disarm+1","Power Through+1","Shrug It Off","Burning Pact","Evolve","Immolate+1","Reaper"],"relics":["SacredBark","Bag of Preparation","Vajra","Gambling Chip","Ectoplasm","War Paint","Bag of Marbles","MealTicket","Red Skull"],"acts_visited":["Exordium","TheCity"],"potions_floor_usage":[7,13,22,25,29,33],"damage_taken":[{"damage":1,"enemies":"Small Slimes","floor":1,"turns":3},{"damage":1,"enemies":"2 Louse","floor":2,"turns":2},{"damage":2,"enemies":"Jaw Worm","floor":4,"turns":3},{"damage":10,"enemies":"3 Sentries","floor":7,"turns":5},{"damage":19,"enemies":"Lagavulin","floor":13,"turns":4},{"damage":0,"enemies":"Exordium Wildlife","floor":14,"turns":2},{"damage":13,"enemies":"The Guardian","floor":16,"turns":11},{"damage":2,"enemies":"Chosen","floor":18,"turns":5},{"damage":5,"enemies":"Spheric Guardian","floor":20,"turns":4},{"damage":24,"enemies":"Snecko","floor":21,"turns":5},{"damage":6,"enemies":"Snake Plant","floor":22,"turns":9},{"damage":40,"enemies":"Slavers","floor":23,"turns":10},{"damage":5,"enemies":"Cultist and Chosen","floor":24,"turns":5},{"damage":0,"enemies":"Gremlin Leader","floor":25,"turns":5},{"damage":0,"enemies":"Book of Stabbing","floor":29,"turns":6},{"damage":0,"enemies":"3 Cultists","floor":31,"turns":2},{"damage":82,"enemies":"Collector","floor":33,"turns":8}],"seed_played":"6073828995630776459","potions_obtained":[{"floor":1,"key":"Strength Potion"},{"floor":7,"key":"FearPotion"},{"floor":13,"key":"Energy Potion"},{"floor":14,"key":"Regen Potion"},{"floor":23,"key":"DuplicationPotion"},{"floor":25,"key":"Dexterity Potion"},{"floor":31,"key":"SkillPotion"}],"is_trial":false,"path_per_floor":["M","M","?","M","$","R","E","R","T","R","?","$","E","M","R","B",null,"M","$","M","M","M","E","M","E","T","R","?","E","R","M","R","B"],"character_chosen":"IRONCLAD","items_purchased":["Explosive Potion"],"campfire_rested":1,"item_purchase_floors":[5],"current_hp_per_floor":[67,66,66,64,64,64,54,54,54,54,54,54,35,35,35,22,62,60,60,55,31,75,35,30,30,30,52,52,52,52,52,52,0,0],"gold":54,"neow_bonus":"BOSS_RELIC","is_daily":false,"chose_seed":false,"campfire_upgraded":6,"win_rate":0.0,"timestamp":1609603037,"path_taken":["M","M","?","M","$","R","E","R","T","R","?","?","E","?","R","BOSS","M","$","?","M","M","E","M","E","T","R","?","E","R","M","R","BOSS"],"items_purchased_type":["Potion"],"build_version":"2020-12-18","purchased_purges":2,"victory":false,"max_hp_per_floor":[75,75,75,75,75,75,75,75,75,75,75,75,75,75,75,75,75,75,75,75,75,75,75,75,75,75,75,75,75,75,75,75,75,75],"relic_stats":{"counters":[17,89],"Gambling Chip":[33],"MealTicket":0,"Ectoplasm":218,"Bag of Preparation":[26],"War Paint":["Defend_R","Defend_R"],"obtain_stats":[{"SacredBark":0,"Gambling Chip":13,"Vajra":9,"MealTicket":26,"Ectoplasm":17,"Bag of Preparation":7,"Bag of Marbles":25,"War Paint":23,"Burning Blood":0,"Red Skull":29},{"SacredBark":0,"Gambling Chip":5,"Vajra":4,"MealTicket":14,"Ectoplasm":7,"Bag of Preparation":4,"Bag of Marbles":14,"War Paint":12,"Burning Blood":0,"Red Skull":15},{"SacredBark":0,"Gambling Chip":17,"Vajra":13,"MealTicket":73,"Ectoplasm":30,"Bag of Preparation":13,"Bag of Marbles":73,"War Paint":63,"Burning Blood":0,"Red Skull":79}]},"card_choices":[{"not_picked":["Clash","Pommel Strike"],"picked":"Carnage","floor":1},{"not_picked":["Wild Strike","Intimidate"],"picked":"Rampage","floor":2},{"not_picked":["Body Slam","Perfected Strike"],"picked":"Disarm","floor":4},{"not_picked":["Havoc","Twin Strike","Blood for Blood"],"picked":"SKIP","floor":7},{"not_picked":["Brutality","Anger"],"picked":"Power Through","floor":13},{"not_picked":["Flex","Seeing Red"],"picked":"Shrug It Off","floor":14},{"not_picked":["Uppercut","Twin Strike"],"picked":"Burning Pact","floor":18},{"not_picked":["Rampage","Rupture","Clash"],"picked":"SKIP","floor":20},{"not_picked":["Headbutt","Dropkick"],"picked":"Evolve","floor":21},{"not_picked":["Body Slam","Evolve","Armaments"],"picked":"SKIP","floor":22},{"not_picked":["Limit Break","Flex"],"picked":"Immolate","floor":23},{"not_picked":["Reckless Charge","Rampage","Armaments"],"picked":"SKIP","floor":24},{"not_picked":["Rampage","Searing Blow","Clash"],"picked":"SKIP","floor":25},{"not_picked":["Wild Strike","Clash","Twin Strike"],"picked":"SKIP","floor":29},{"not_picked":["Wild Strike","Havoc"],"picked":"Reaper","floor":31}],"player_experience":2608173,"relics_obtained":[{"floor":7,"key":"Bag of Preparation"},{"floor":9,"key":"Vajra"},{"floor":13,"key":"Gambling Chip"},{"floor":23,"key":"War Paint"},{"floor":25,"key":"Bag of Marbles"},{"floor":26,"key":"MealTicket"},{"floor":29,"key":"Red Skull"}],"event_choices":[{"cards_removed":["Strike_R"],"damage_healed":0,"gold_gain":0,"player_choice":"Card Removal","damage_taken":0,"max_hp_gain":0,"max_hp_loss":0,"event_name":"The Cleric","floor":3,"gold_loss":75},{"cards_removed":["Strike_R"],"damage_healed":0,"gold_gain":0,"player_choice":"Forget","damage_taken":0,"max_hp_gain":0,"max_hp_loss":0,"event_name":"Living Wall","floor":11,"gold_loss":0},{"damage_healed":0,"gold_gain":0,"player_choice":"Ignored","damage_taken":0,"max_hp_gain":0,"max_hp_loss":0,"event_name":"The Mausoleum","floor":28,"gold_loss":0}],"is_beta":true,"boss_relics":[{"not_picked":["Cursed Key","Calling Bell"],"picked":"Ectoplasm"}],"items_purged_floors":[12,19],"is_endless":false,"potions_floor_spawned":[1,7,13,14,20,23,25,31],"killed_by":"Collector","ascension_level":20}}