{"host":"qrec1pgksm53712r","time":1609564483,"event":{"mods":["Act Like it!","Arknights The Spire","Aspiration","BaseMod","CapriCore","Clawfect","Conjunction","Eldritch Tears","Energized Spire","Hubris","Hyrulean Relics","Minty Spire (QoL Compilation)","StSLib","The Marked"],"gold_per_floor":[117,1,16,29,29,29,62,62,88,100,128,160,190,202,214,323,335,361,373,385,410,422,460,472,31,31,58,70,70,70],"floor_reached":29,"playtime":1276,"items_purged":[],"score":243,"play_id":"176c4e1b-676f-444c-b56a-4c66cbbec170","local_time":"20210101231443","is_ascension_mode":false,"campfire_choices":[{"data":"ats:Poison Spread","floor":6,"key":"SMITH"},{"data":"ats:Ignite","floor":8,"key":"SMITH"},{"floor":15,"key":"REST"},{"data":"ats:Collapsing Strike","floor":24,"key":"SMITH"}],"circlet_count":0,"master_deck":["ats:Strike C","ats:Strike G","ats:Strike S","ats:Armor Crushing Shot","ats:Defend","ats:Defend","ats:Defend","ats:Defend","ats:Emotion Absorption+1","ats:Collapsing Strike+1","ats:Chain Hook","ats:Explosion Area Strengthen","ats:Shell Defense","ats:Poison Spread+1","ats:Ignite+1","ats:Hook Shot","ats:Hammer On","ats:Leaping Hammer","ats:Calcification+1","ats:Collapsing Strike+1","ats:Burning Ground","ats:Mental Burst","ats:Ignite","ats:Guardian Obelisk"],"relics":["ats:Sanity","ats:Originium","Omamori","MawBank","energizedSpire:CursedPentagram","ats:Hidden Killer","Bottled Flame","White Beast Statue","Tiny Chest"],"acts_visited":["Exordium","TheCity"],"potions_floor_usage":[16,23],"damage_taken":[{"damage":13,"enemies":"Cultist","floor":1,"turns":5},{"damage":6,"enemies":"Jaw Worm","floor":3,"turns":3},{"damage":0,"enemies":"Small Slimes","floor":4,"turns":2},{"damage":21,"enemies":"3 Sentries","floor":7,"turns":7},{"damage":5,"enemies":"Looter","floor":11,"turns":2},{"damage":0,"enemies":"Gremlin Gang","floor":12,"turns":3},{"damage":1,"enemies":"3 Louse","floor":13,"turns":2},{"damage":42,"enemies":"The Guardian","floor":16,"turns":13},{"damage":20,"enemies":"2 Thieves","floor":18,"turns":4},{"damage":10,"enemies":"Shell Parasite","floor":21,"turns":6},{"damage":36,"enemies":"Slavers","floor":23,"turns":9},{"damage":20,"enemies":"Chosen and Byrds","floor":28,"turns":5},{"damage":6,"enemies":"Snake Plant","floor":29,"turns":2}],"seed_played":"-5370219056014155058","potions_obtained":[{"floor":1,"key":"SpeedPotion"},{"floor":3,"key":"SpeedPotion"},{"floor":12,"key":"SkillPotion"},{"floor":28,"key":"ats:Emergency Sanity Potion"}],"is_trial":false,"path_per_floor":["M","$","M","M","?","R","E","R","T","?","M","M","M","?","R","B",null,"M","?","?","M","?","E","R","$","T","T","M","M"],"character_chosen":"DOCTOR_CLASS","items_purchased":["ats:Chain Hook","ats:Explosion Area Strengthen","ats:Burning Ground","ats:Mental Burst","ats:Ignite","Bottled Flame"],"campfire_rested":1,"item_purchase_floors":[2,2,25,25,25,25],"current_hp_per_floor":[66,66,60,60,60,60,41,41,41,41,36,36,35,28,51,17,79,60,60,60,58,43,21,21,21,21,21,2,0,0],"gold":70,"neow_bonus":"TEN_PERCENT_HP_BONUS","is_daily":false,"chose_seed":false,"campfire_upgraded":3,"win_rate":0.0,"timestamp":1609564483,"path_taken":["M","?","M","M","?","R","E","R","T","?","M","M","?","?","R","BOSS","M","?","?","M","?","E","R","$","T","?","M","?"],"items_purchased_type":["Card","Card","Card","Card","Card","Relic"],"build_version":"2020-12-22","purchased_purges":0,"victory":false,"max_hp_per_floor":[79,79,79,79,79,79,79,79,79,79,79,79,79,79,79,79,79,79,79,79,79,84,84,84,84,84,84,84,84,84],"card_choices":[{"not_picked":["ats:Part Time Job","ats:Thorns"],"picked":"ats:Collapsing Strike","floor":1},{"not_picked":["ats:Steam Pump","ats:Collapsing Strike"],"picked":"ats:Shell Defense","floor":3},{"not_picked":["ats:Revitalization","ats:Chain Hook"],"picked":"ats:Poison Spread","floor":4},{"not_picked":["ats:Cat Scratch","ats:Fractured Body"],"picked":"ats:Ignite","floor":7},{"not_picked":["ats:Sword Rain","ats:Encircling Forest"],"picked":"ats:Hook Shot","floor":11},{"not_picked":["ats:Revitalization","ats:Explosion Area Strengthen","ats:Hammer On"],"picked":"SKIP","floor":12},{"not_picked":["ats:Revitalization","ats:Explosion Area Strengthen"],"picked":"ats:Hammer On","floor":12},{"not_picked":["ats:LN2 Cannon","ats:Curse Doll"],"picked":"ats:Leaping Hammer","floor":13},{"not_picked":["ats:Wolf Pack","ats:Dogmatic Field"],"picked":"ats:Calcification","floor":16},{"not_picked":["ats:Blood Oath+1","ats:Demon Strength","ats:Mental Burst"],"picked":"SKIP","floor":18},{"not_picked":["ats:Charging Defense","ats:Assault Order"],"picked":"ats:Collapsing Strike+1","floor":21},{"not_picked":["ats:Leaping Hammer","ats:Powerful Strike","ats:Curse Doll+1"],"picked":"SKIP","floor":23},{"not_picked":["ats:Overload","ats:Cat Scratch"],"picked":"ats:Guardian Obelisk","floor":28}],"player_experience":188020,"relics_obtained":[{"floor":7,"key":"ats:Originium"},{"floor":7,"key":"Omamori"},{"floor":9,"key":"MawBank"},{"floor":23,"key":"ats:Originium"},{"floor":23,"key":"ats:Hidden Killer"},{"floor":26,"key":"White Beast Statue"},{"floor":27,"key":"Tiny Chest"}],"event_choices":[{"damage_healed":0,"gold_gain":0,"player_choice":"Upgraded","damage_taken":0,"max_hp_gain":0,"max_hp_loss":0,"event_name":"Upgrade Shrine","floor":10,"gold_loss":0,"cards_upgraded":["ats:Emotion Absorption"]},{"cards_removed":["ats:Strike V"],"damage_healed":0,"gold_gain":0,"player_choice":"Card Removal","damage_taken":7,"max_hp_gain":0,"max_hp_loss":0,"event_name":"Golden Wing","floor":14,"gold_loss":0},{"damage_healed":0,"gold_gain":0,"player_choice":"Ignored","damage_taken":0,"max_hp_gain":0,"max_hp_loss":0,"event_name":"Ghosts","floor":20,"gold_loss":0},{"damage_healed":0,"gold_gain":0,"player_choice":"Shed Blood","damage_taken":20,"max_hp_gain":5,"max_hp_loss":0,"event_name":"Forgotten Altar","floor":22,"gold_loss":0}],"is_beta":false,"boss_relics":[{"not_picked":["hubris:CrackedHourglass","Snecko Eye"],"picked":"energizedSpire:CursedPentagram"}],"items_purged_floors":[],"is_endless":false,"potions_floor_spawned":[1,3,12,28],"killed_by":"Snake Plant","ascension_level":0}}