{"host":"y732uvgoauah2mmi","time":1609574662,"event":{"mods":["BaseMod","Minty Spire (QoL Compilation)"],"gold_per_floor":[109,129,129,146,96,127,127,127,127,127,146,146,162,205,205,329,329,352,371,395,32,32,32,72,72,72,20,20,35,70,89,89,218,218,243,576,576,576,595,923,265,265,265,265,278,278,122,133,133,133],"floor_reached":51,"playtime":2588,"items_purged":["Strike_R","Writhe"],"score":823,"play_id":"d66e4199-45e5-4aac-b635-dea440a03ca7","local_time":"20210102000422","is_ascension_mode":false,"campfire_choices":[{"data":"Combust","floor":8,"key":"SMITH"},{"data":"Anger","floor":10,"key":"SMITH"},{"data":"Armaments","floor":15,"key":"SMITH"},{"data":"Demon Form","floor":23,"key":"SMITH"},{"data":"Ghostly","floor":32,"key":"SMITH"},{"data":"Ghostly","floor":42,"key":"SMITH"},{"data":"Ghostly","floor":49,"key":"SMITH"}],"circlet_count":0,"master_deck":["Strike_R","Strike_R+1","Defend_R","Defend_R","Defend_R","Defend_R","Bash+1","Combust+1","Anger+1","Shrug It Off","Reaper","Armaments+1","Reaper","Corruption","Clothesline","Burning Pact+1","Shockwave+1","Demon Form+1","Cleave+1","Shame","Ghostly+1","Ghostly+1","Ghostly+1","Ghostly","Ghostly","Thunderclap+1","Feel No Pain+1","Fiend Fire","CurseOfTheBell","Whirlwind+1","Reckless Charge","Burning Pact+1","Barricade","Shrug It Off","Feel No Pain","Finesse","Secret Technique","Enlightenment","True Grit+1"],"relics":["Burning Blood","Pear","Incense Burner","Dream Catcher","Ice Cream","Mark of Pain","Juzu Bracelet","Thread and Needle","Sundial","Orichalcum","Boot","Shuriken","Calling Bell","Toy Ornithopter","Mercury Hourglass","Champion Belt","Old Coin","Lee\u0027s Waffle","Centennial Puzzle","Nunchaku","Letter Opener","ClockworkSouvenir"],"acts_visited":["Exordium","TheCity","TheBeyond"],"potions_floor_usage":[6,24,29,50,50],"damage_taken":[{"damage":0,"enemies":"Small Slimes","floor":1,"turns":3},{"damage":7,"enemies":"2 Louse","floor":2,"turns":3},{"damage":1,"enemies":"Jaw Worm","floor":4,"turns":3},{"damage":13,"enemies":"3 Sentries","floor":6,"turns":4},{"damage":6,"enemies":"Blue Slaver","floor":11,"turns":4},{"damage":5,"enemies":"Exordium Wildlife","floor":13,"turns":4},{"damage":18,"enemies":"Lagavulin","floor":14,"turns":5},{"damage":31,"enemies":"The Guardian","floor":16,"turns":15},{"damage":18,"enemies":"2 Thieves","floor":18,"turns":4},{"damage":18,"enemies":"Shell Parasite","floor":19,"turns":5},{"damage":44,"enemies":"3 Cultists","floor":20,"turns":6},{"damage":22,"enemies":"Book of Stabbing","floor":24,"turns":5},{"damage":4,"enemies":"Snake Plant","floor":29,"turns":5},{"damage":2,"enemies":"Slavers","floor":30,"turns":6},{"damage":16,"enemies":"Snecko","floor":31,"turns":6},{"damage":6,"enemies":"Champ","floor":33,"turns":11},{"damage":0,"enemies":"Orb Walker","floor":35,"turns":5},{"damage":2,"enemies":"3 Darklings","floor":39,"turns":3},{"damage":18,"enemies":"Reptomancer","floor":40,"turns":6},{"damage":0,"enemies":"Transient","floor":45,"turns":5},{"damage":0,"enemies":"Sphere and 2 Shapes","floor":48,"turns":6},{"damage":15,"enemies":"Awakened One","floor":50,"turns":13}],"seed_played":"-5468722022437643084","potions_obtained":[{"floor":1,"key":"Explosive Potion"},{"floor":2,"key":"Swift Potion"},{"floor":13,"key":"DuplicationPotion"},{"floor":19,"key":"Regen Potion"},{"floor":29,"key":"Swift Potion"},{"floor":31,"key":"BlessingOfTheForge"},{"floor":39,"key":"SpeedPotion"},{"floor":45,"key":"LiquidBronze"}],"is_trial":false,"path_per_floor":["M","M","?","M","?","E","?","R","T","R","M","?","M","E","R","B",null,"M","M","M","$","?","R","E","?","T","$","?","M","E","M","R","B",null,"M","?","?","?","M","E","$","R","T","?","M","?","$","M","R","B",null],"character_chosen":"IRONCLAD","items_purchased":["Demon Form","Juzu Bracelet","SkillPotion","Shrug It Off","Lee\u0027s Waffle","Feel No Pain","Centennial Puzzle","Nunchaku","ClockworkSouvenir"],"campfire_rested":0,"item_purchase_floors":[21,21,27,41,41,41,41,41,47],"current_hp_per_floor":[80,79,63,68,68,71,53,53,53,53,57,57,62,50,50,35,83,83,77,49,49,49,49,81,81,81,81,41,41,41,39,39,41,41,41,41,41,41,41,41,48,48,48,38,48,48,48,48,48,48],"gold":133,"neow_bonus":"","is_daily":false,"chose_seed":false,"campfire_upgraded":7,"win_rate":0.0,"timestamp":1609574662,"path_taken":["M","M","?","M","?","E","?","R","T","R","M","?","M","E","R","BOSS","M","M","M","$","?","R","E","?","T","?","?","M","E","M","R","BOSS","M","?","?","?","M","E","?","R","T","?","M","?","$","M","R","BOSS"],"items_purchased_type":["Card","Relic","Potion","Card","Relic","Card","Relic","Relic","Relic"],"build_version":"2020-12-22","purchased_purges":2,"victory":true,"max_hp_per_floor":[80,80,80,80,80,90,90,90,90,90,90,83,83,83,83,83,83,83,83,83,83,83,83,83,83,83,83,41,41,41,41,41,41,41,41,41,41,41,41,41,48,48,48,48,48,48,48,48,48,48],"card_choices":[{"not_picked":["Clothesline","Perfected Strike"],"picked":"Combust","floor":1},{"not_picked":["Thunderclap","Fire Breathing"],"picked":"Anger","floor":2},{"not_picked":["Sword Boomerang","Armaments"],"picked":"Shrug It Off","floor":4},{"not_picked":["Fire Breathing","Flex"],"picked":"Reaper","floor":6},{"not_picked":["Dark Embrace","Body Slam","Burning Pact"],"picked":"SKIP","floor":11},{"not_picked":["Anger","Sword Boomerang"],"picked":"Armaments","floor":13},{"not_picked":["Headbutt","Warcry"],"picked":"Reaper","floor":14},{"not_picked":["Reaper","Impervious"],"picked":"Corruption","floor":16},{"not_picked":["Combust","Perfected Strike+1"],"picked":"Clothesline","floor":18},{"not_picked":["Searing Blow+1","Clothesline"],"picked":"Burning Pact+1","floor":19},{"not_picked":["Bloodletting","Sword Boomerang"],"picked":"Shockwave","floor":20},{"not_picked":["Flex","Twin Strike"],"picked":"Cleave+1","floor":24},{"not_picked":["Anger+1","Combust","Dual Wield"],"picked":"SKIP","floor":29},{"not_picked":["Reckless Charge","Intimidate"],"picked":"Thunderclap+1","floor":30},{"not_picked":["Burning Pact","Uppercut+1"],"picked":"Feel No Pain+1","floor":31},{"not_picked":["Berserk","Corruption"],"picked":"Fiend Fire","floor":33},{"not_picked":["Pummel+1","Armaments"],"picked":"Whirlwind+1","floor":35},{"not_picked":["Headbutt+1","Armaments+1"],"picked":"Burning Pact+1","floor":39},{"not_picked":["Infernal Blade","Thunderclap+1"],"picked":"Barricade","floor":40},{"not_picked":["Forethought","PanicButton"],"picked":"Finesse","floor":44},{"not_picked":["Swift Strike","Good Instincts"],"picked":"Secret Technique","floor":44},{"not_picked":["HandOfGreed","Blind"],"picked":"Enlightenment","floor":44},{"not_picked":["Pommel Strike","Anger+1"],"picked":"True Grit+1","floor":45},{"not_picked":["Searing Blow","Ghostly Armor+1","Dropkick"],"picked":"SKIP","floor":48}],"player_experience":0,"relics_obtained":[{"floor":6,"key":"Pear"},{"floor":9,"key":"Dream Catcher"},{"floor":14,"key":"Ice Cream"},{"floor":24,"key":"Sundial"},{"floor":26,"key":"Boot"},{"floor":30,"key":"Shuriken"},{"floor":34,"key":"Toy Ornithopter"},{"floor":34,"key":"Mercury Hourglass"},{"floor":34,"key":"Champion Belt"},{"floor":40,"key":"Old Coin"},{"floor":43,"key":"Letter Opener"}],"event_choices":[{"damage_healed":0,"gold_gain":0,"player_choice":"Entered Light","damage_taken":16,"max_hp_gain":0,"max_hp_loss":0,"event_name":"Shining Light","floor":3,"gold_loss":0,"cards_upgraded":["Strike_R","Bash"]},{"cards_removed":["Strike_R"],"damage_healed":0,"gold_gain":0,"player_choice":"Card Removal","damage_taken":0,"max_hp_gain":0,"max_hp_loss":0,"event_name":"The Cleric","floor":5,"gold_loss":50},{"damage_healed":0,"gold_gain":0,"player_choice":"Success","damage_taken":18,"relics_obtained":["Incense Burner"],"max_hp_gain":0,"max_hp_loss":0,"event_name":"Scrap Ooze","floor":7,"gold_loss":0},{"damage_healed":0,"gold_gain":0,"player_choice":"Lose Max HP","damage_taken":0,"relics_obtained":["Golden Idol"],"max_hp_gain":0,"max_hp_loss":7,"event_name":"Golden Idol","floor":12,"gold_loss":0},{"damage_healed":0,"gold_gain":0,"player_choice":"Opened","damage_taken":0,"relics_obtained":["Thread and Needle"],"max_hp_gain":0,"max_hp_loss":0,"event_name":"The Mausoleum","floor":22,"gold_loss":0,"cards_obtained":["Writhe"]},{"damage_healed":0,"gold_gain":0,"player_choice":"Stole Relic","damage_taken":0,"relics_obtained":["Orichalcum"],"max_hp_gain":0,"max_hp_loss":0,"event_name":"Addict","floor":25,"gold_loss":0,"cards_obtained":["Shame"]},{"damage_healed":0,"gold_gain":0,"player_choice":"Became a Ghost","damage_taken":0,"max_hp_gain":0,"max_hp_loss":42,"event_name":"Ghosts","floor":28,"gold_loss":0,"cards_obtained":["Ghostly","Ghostly","Ghostly","Ghostly","Ghostly"]},{"damage_healed":0,"gold_gain":333,"player_choice":"Gave Idol","damage_taken":0,"max_hp_gain":0,"max_hp_loss":0,"event_name":"The Moai Head","floor":36,"relics_lost":["Golden Idol"],"gold_loss":0},{"damage_healed":0,"gold_gain":0,"cards_transformed":["Strike_R"],"player_choice":"Transformed","damage_taken":0,"max_hp_gain":0,"max_hp_loss":0,"event_name":"Transmorgrifier","floor":37,"gold_loss":0,"cards_obtained":["Reckless Charge"]},{"damage_healed":0,"gold_gain":0,"player_choice":"Forge","damage_taken":0,"max_hp_gain":0,"max_hp_loss":0,"event_name":"Accursed Blacksmith","floor":38,"gold_loss":0,"cards_upgraded":["Shockwave"]},{"damage_healed":0,"gold_gain":0,"player_choice":"Memory 3","damage_taken":10,"max_hp_gain":0,"max_hp_loss":0,"event_name":"SensoryStone","floor":44,"gold_loss":0},{"damage_healed":0,"gold_gain":0,"player_choice":"Ignored","damage_taken":0,"max_hp_gain":0,"max_hp_loss":0,"event_name":"Tomb of Lord Red Mask","floor":46,"gold_loss":0}],"is_beta":false,"boss_relics":[{"not_picked":["Astrolabe","SacredBark"],"picked":"Mark of Pain"},{"not_picked":["Sozu","Black Blood"],"picked":"Calling Bell"}],"items_purged_floors":[21,41],"is_endless":false,"potions_floor_spawned":[1,2,13,19,29,31,39,45,48],"ascension_level":0}}