{"host":"8juwo4eokezucgda","time":1614413105,"event":{"mods":["AchievementEnabler","Aspiration","BaseMod","BetterRewards","Colored Map","Colored Powertips","Conspire","Downfall","Hermit","Hubris","Marisa????????","Minty Spire (QoL Compilation)","Rare Cards Sparkle","Relic Stats","Replay The Spire","StSLib","SuperFastMode","The Construct","The Cursed","The Disciple","The Hierophant","The Mystic","The Necromancer","The Runesmith","The Servant 0.9.4"],"gold_per_floor":[114,132,132,132,4287,4322,3265,3265,3265,3282,3305,3305,2535,2535,2535,2566,2566,2666,2666,2679,2699,2717,2717,1777,1807,1807,1841,1841,1869,1869,1968,1998,2013,2013,2111,2111,2129,2146,2146,1591,1591,1591],"floor_reached":41,"language":"ENG","playtime":6588,"items_purged":["Defend_P","Strike_P","Defend_P","Strike_P","WaveOfTheHand"],"score":834,"play_id":"6b1dc0a1-0c10-41a7-a27e-6c3f82d6fc5c","local_time":"20210227160505","is_ascension_mode":true,"campfire_choices":[{"floor":12,"key":"RECALL"},{"data":"LessonLearned","floor":15,"key":"SMITH"},{"data":"BattleHymn","floor":17,"key":"SMITH"},{"data":"Metamorphosis","floor":26,"key":"SMITH"},{"data":"Establishment","floor":30,"key":"SMITH"},{"data":"SpiritShield","floor":34,"key":"SMITH"}],"circlet_count":0,"master_deck":["Strike_P+1","Defend_P+1","Defend_P","Eruption","Vigilance","Vengeance+1","Replay:Hum","BattleHymn+1","PathToVictory+1","BowlingBash+1","Weave","MentalFortress","The Bomb","WindmillStrike","Master of Strategy","LessonLearned+1","Trip","Nirvana","SpiritShield+1","Establishment+1","PathToVictory","Replay:DivineShield","Replay:AtTheReady","SwitchThreat","Metamorphosis+1","Prostrate","Adaptation","PathToVictory","Brilliance","PathToVictory","Indignation","ReachHeaven","Prostrate","Sanctity+1","Worship+1","Replay:LoomingThreat","MasterReality","Perseverance","Halt","TalkToTheHand"],"relics":["HolyWater","aspiration:Nostalgia","champ:ChampionCrown","Calipers","White Beast Statue","Mummified Hand","Sundial","Nunchaku","Strange Spoon","Oddly Smooth Stone","Replay:Accelerometer","BargainBundle","Happy Flower","Sozu","Replay:Bottled Snecko","ReplayFunnel","Replay:Baseball","BranchBurnRelic","conspire:Dentures","Ancient Tea Set","Pen Nib","Turnip","hubris:Towel","Damaru","HandDrill"],"acts_visited":["Exordium","TheCity","TheBeyond"],"potions_floor_usage":[16],"damage_taken":[{"damage":0,"enemies":"Cultist","floor":1,"turns":3},{"damage":6,"enemies":"conspire:RoseBush","floor":2,"turns":3},{"damage":27,"enemies":"Lagavulin","floor":6,"turns":5},{"damage":2,"enemies":"2 Louse","floor":10,"turns":2},{"damage":30,"enemies":"3 Sentries","floor":16,"turns":4},{"damage":0,"enemies":"Slime Boss","floor":18,"turns":3},{"damage":63,"enemies":"conspire:FuzzyDice","floor":20,"turns":4},{"damage":35,"enemies":"2 Thieves","floor":21,"turns":3},{"damage":0,"enemies":"conspire:HollyBat","floor":22,"turns":5},{"damage":0,"enemies":"conspire:SneckoGhost","floor":25,"turns":4},{"damage":13,"enemies":"conspire:Head Lice","floor":27,"turns":4},{"damage":30,"enemies":"conspire:SneckoGhost","floor":29,"turns":6},{"damage":12,"enemies":"Gremlin Leader","floor":32,"turns":7},{"damage":9,"enemies":"3 Cultists","floor":33,"turns":4},{"damage":50,"enemies":"Champ","floor":35,"turns":8},{"damage":37,"enemies":"3 Shapes","floor":37,"turns":3},{"damage":14,"enemies":"Orb Walker","floor":38,"turns":5},{"damage":26,"enemies":"Jaw Worm Horde","floor":41,"turns":1}],"seed_played":"1999268712600093072","potions_obtained":[{"floor":14,"key":"Regen Potion"},{"floor":16,"key":"SkillPotion"},{"floor":18,"key":"DuplicationPotion"}],"is_trial":false,"path_per_floor":["M","M","?","?","$","E","$","PTL","PTL","M","T","R","$","?","R","E","R","B",null,"M","M","M","?","$","E","R","E","T","E","R","?","E","M","R","B",null,"M","M","?","$","M"],"character_chosen":"WATCHER","items_purchased":["Calipers","White Beast Statue","Flashbang","BattleHymn","PathToVictory","Sundial","Nunchaku","Strange Spoon","Energy Potion","Weave","WaveOfTheHand","MentalFortress","The Bomb","Oddly Smooth Stone","Replay:Accelerometer","BargainBundle","Master of Strategy","LessonLearned","Trip","Nirvana","BlessingOfTheForge","Dead Branch","ReplayFunnel","Metamorphosis","Prostrate","Adaptation","PathToVictory","Damaru","HandDrill","TalkToTheHand"],"campfire_rested":0,"item_purchase_floors":[5,5,5,5,5,7,7,7,7,7,7,7,7,13,13,13,13,13,13,13,13,24,24,24,24,24,24,40,40,40],"current_hp_per_floor":[72,66,59,45,45,18,18,18,18,16,16,16,16,16,16,36,36,36,72,72,37,37,37,37,37,37,36,36,55,55,27,65,56,56,21,72,35,21,21,21,0,0],"gold":1591,"neow_bonus":"NOSTALGIA","is_daily":false,"chose_seed":false,"campfire_upgraded":5,"win_rate":0.0,"timestamp":1614413105,"path_taken":["M","?","?","?","?","E","$","PTL","PTL","M","T","R","$","?","R","E","R","BOSS","M","?","M","?","$","E","R","E","T","E","R","?","E","?","R","BOSS","M","M","?","$","M"],"items_purchased_type":["Relic","Relic","Potion","Card","Card","Relic","Relic","Relic","Potion","Card","Card","Card","Card","Relic","Relic","Relic","Card","Card","Card","Card","Potion","Relic","Relic","Card","Card","Card","Card","Relic","Relic","Card"],"build_version":"2020-12-22","purchased_purges":5,"victory":false,"max_hp_per_floor":[72,72,72,72,72,72,72,72,72,72,72,72,72,72,72,72,72,72,72,72,72,72,72,72,72,72,72,72,72,72,72,72,72,72,72,72,72,72,72,72,72,72],"relic_stats":{"Sozu":7,"Strange Spoon":[34],"Nunchaku":[9],"Happy Flower":[19],"counters":[18,74],"Mummified Hand":[55],"Sundial":[0],"Pen Nib":[3],"Turnip":[2],"HandDrill":[0],"obtain_stats":[{"ReplayFunnel":24,"Replay:Accelerometer":13,"Calipers":5,"champ:ChampionCrown":0,"Ancient Tea Set":28,"Sozu":19,"BranchBurnRelic":26,"Nunchaku":7,"Mummified Hand":6,"Sundial":7,"HandDrill":40,"Replay:Bottled Snecko":23,"conspire:Dentures":27,"BargainBundle":13,"Happy Flower":16,"aspiration:Nostalgia":0,"Dead Branch":24,"Oddly Smooth Stone":13,"Damaru":40,"Pen Nib":29,"hubris:Towel":39,"White Beast Statue":5,"Strange Spoon":7,"Replay:Baseball":25,"HolyWater":36,"Turnip":32,"PureWater":0},{"ReplayFunnel":9,"Replay:Accelerometer":4,"Calipers":2,"champ:ChampionCrown":0,"Ancient Tea Set":11,"Sozu":6,"BranchBurnRelic":10,"Nunchaku":3,"Mummified Hand":3,"Sundial":3,"HandDrill":17,"Replay:Bottled Snecko":9,"conspire:Dentures":11,"BargainBundle":4,"Happy Flower":5,"aspiration:Nostalgia":0,"Dead Branch":9,"Oddly Smooth Stone":4,"Damaru":17,"Pen Nib":12,"hubris:Towel":17,"White Beast Statue":2,"Strange Spoon":3,"Replay:Baseball":10,"HolyWater":15,"Turnip":13,"PureWater":0},{"ReplayFunnel":32,"Replay:Accelerometer":13,"Calipers":6,"champ:ChampionCrown":0,"Ancient Tea Set":40,"Sozu":20,"BranchBurnRelic":36,"Nunchaku":11,"Mummified Hand":11,"Sundial":11,"HandDrill":73,"Replay:Bottled Snecko":32,"conspire:Dentures":40,"BargainBundle":13,"Happy Flower":17,"aspiration:Nostalgia":0,"Dead Branch":32,"Oddly Smooth Stone":13,"Damaru":73,"Pen Nib":46,"hubris:Towel":73,"White Beast Statue":6,"Strange Spoon":11,"Replay:Baseball":36,"HolyWater":65,"Turnip":53,"PureWater":0}]},"card_choices":[{"not_picked":["FollowUp","EmptyBody"],"picked":"Vengeance","floor":1},{"not_picked":["FollowUp","SashWhip"],"picked":"Replay:Hum","floor":2},{"not_picked":["ClearTheMind","EmptyMind"],"picked":"BowlingBash","floor":6},{"not_picked":["Evaluate","ClearTheMind"],"picked":"WindmillStrike","floor":10},{"not_picked":["Replay:AtTheReady","Nirvana"],"picked":"SpiritShield","floor":16},{"not_picked":["LessonLearned","SpiritShield"],"picked":"Establishment","floor":18},{"not_picked":["FollowUp","Protect"],"picked":"PathToVictory","floor":20},{"not_picked":["CutThroughFate+1","FollowUp"],"picked":"Replay:DivineShield","floor":21},{"not_picked":["ClearTheMind","PathToVictory"],"picked":"Replay:AtTheReady","floor":22},{"not_picked":["CutThroughFate","Replay:ManipulateFuture"],"picked":"Brilliance","floor":25},{"not_picked":["EmptyMind","Replay:ManipulateFuture+1"],"picked":"PathToVictory","floor":27},{"not_picked":["Collect","FollowUp"],"picked":"Indignation","floor":29},{"not_picked":["InnerPeace","CutThroughFate"],"picked":"ReachHeaven","floor":31},{"not_picked":["Swivel","WheelKick"],"picked":"Prostrate","floor":31},{"not_picked":["CarveReality","Replay:ManipulateFuture"],"picked":"Sanctity+1","floor":31},{"not_picked":["ClearTheMind+1","Evaluate"],"picked":"Worship+1","floor":32},{"not_picked":["EmptyFist","JustLucky+1"],"picked":"Replay:LoomingThreat","floor":33},{"not_picked":["Scrawl","Omniscience"],"picked":"MasterReality","floor":35},{"not_picked":["CutThroughFate+1","Vengeance+1"],"picked":"Perseverance","floor":37},{"not_picked":["SashWhip","Vengeance"],"picked":"Halt","floor":38}],"player_experience":179680,"relics_obtained":[{"floor":6,"key":"Mummified Hand"},{"floor":16,"key":"Happy Flower"},{"floor":25,"key":"Replay:Baseball"},{"floor":27,"key":"conspire:Dentures"},{"floor":28,"key":"Ancient Tea Set"},{"floor":29,"key":"Pen Nib"},{"floor":32,"key":"Turnip"}],"event_choices":[{"cards_removed":["Strike_P"],"damage_healed":0,"gold_gain":0,"player_choice":"Card Removal","damage_taken":7,"max_hp_gain":0,"max_hp_loss":0,"event_name":"Golden Wing","floor":3,"gold_loss":0},{"damage_healed":0,"gold_gain":0,"player_choice":"Entered Light","damage_taken":14,"max_hp_gain":0,"max_hp_loss":0,"event_name":"Shining Light","floor":4,"gold_loss":0,"cards_upgraded":["Strike_P","Defend_P"]},{"damage_healed":0,"gold_gain":0,"player_choice":"Got Potions","damage_taken":0,"max_hp_gain":0,"max_hp_loss":0,"event_name":"Lab","floor":14,"gold_loss":0}],"is_beta":false,"boss_relics":[{"not_picked":["Replay:Bronze Core","aspiration:SecretTechniqueScroll"],"picked":"Sozu"},{"not_picked":["hubris:VirtuousBlindfold","Kintsugi"],"picked":"HolyWater"}],"items_purged_floors":[5,7,13,24,40],"is_endless":false,"potions_floor_spawned":[6,10,16,18,20,21,22,25,27,29,32,33,35,37,38],"killed_by":"Jaw Worm Horde","ascension_level":3}}