{"host":"9oysz4knkucnjyyz","time":1614424410,"event":{"mods":["100% Spire Juice","2.2 Compatiblity","A Penny For Your Troubles","Act Like it!","BaseMod","Better Altar","Better Match","Better Note","Better Sensory Stone","Better Skull","Better Third Choice","BetterRewards","Displayed Cursed Tome","Downfall","Friendly Minions","Googly Eyes","GungeonMod","Hallownest","Hermit","Library of Ruina","Library of Ruina Extra","Lobotomy","LobotomyExtend","Minty Spire (QoL Compilation)","Reliquary","Spicy Shops","Spire Arcade","Spire Birthday Party","StSLib","The Bug Knight","Wide Potions","everything is the same but u backflip on backflip","slay the spire mod where everything is the same but ironclad has a cowboy hat"],"gold_per_floor":[112,25,37,56,107,135,153,153,199,219,219,219,232,248,248,327,327,344,362,380,126,142,175,192,219,265,297,309,324,324,342,342,440,440,460,460,474,487,234,234,263,263,263,280,330,330,69,80,80,71,71],"floor_reached":52,"language":"ENG","playtime":2697,"items_purged":[],"score":1038,"play_id":"cea762ab-5755-4446-b455-4648b04d9d69","local_time":"20210227061330","is_ascension_mode":true,"campfire_choices":[{"data":"TieShanKao","floor":8,"key":"SMITH"},{"floor":11,"key":"REST"},{"data":"FrontalAssault","floor":15,"key":"SMITH"},{"data":"FormingStorm","floor":30,"key":"SMITH"},{"data":"BiXi","floor":32,"key":"SMITH"},{"data":"CleanUp","floor":40,"key":"SMITH"},{"data":"FrontalAssault","floor":49,"key":"SMITH"}],"circlet_count":0,"master_deck":["ApocalypseBird","PunishingBird","LongBird","BigBird","Dodge","LightDefense","LightAttack","LightAttack","LightAttack","LightDefense","LightDefense","LightDefense","ChargeAndCover","FocusedStrikes","Bloodbath","SharpenedBlade","Faith","LaLuna","TieShanKao+1","QueenOfHatred","Wellcheers","PreemptiveStrike","FrontalAssault+1","NothingThere","BiXi","FormingStorm+1","IdentifyWeakpoint+1","RedShoes","ViolentFlame","Scorched","YoureAHindrance","Riposte","GreedKing","BiXi+1","BlueStar","WallGazer","InnerArdor+1","CENSORED","ScatteringSlash+1","SteelKnuckles+1","FierceCharge","CleanUp+1","SingingMachine","FrontalAssault+1","FrontalAssault+1","Parry2","BigBadWolf","GoinFirst","OSAHOGD"],"relics":["PageOfLibrarian","CogitoBucket","RabbitCall","LetterFromLob","DemoMod:PartiallyEatenCheese","Kunai","PageOfSpiderBud","TreeSap","reliquary:Craggleroot","LuminousBracelet","PageOfOzma","Sundial","PageOfBigBadWolf","reliquary:ExpiredCoupon","DemoMod:PinkGuonStone","BackwardClock","AtMidnight","reliquary:WritOfMandamus","Blue Candle","PageOfApocalypseBird","DemoMod:WhiteGuonStone","reliquary:QuartzCube","DemoMod:Orange","Twilight","PageOfGreed","AspirationHeart"],"acts_visited":["Exordium","TheCity","TheBeyond"],"potions_floor_usage":[7],"damage_taken":[{"damage":6,"enemies":"Cultist","floor":1,"turns":3},{"damage":0,"enemies":"2 Louse","floor":3,"turns":4},{"damage":0,"enemies":"Small Slimes","floor":4,"turns":2},{"damage":0,"enemies":"3 Sentries","floor":6,"turns":2},{"damage":9,"enemies":"Exordium Wildlife","floor":7,"turns":4},{"damage":32,"enemies":"Exordium Thugs","floor":10,"turns":5},{"damage":2,"enemies":"2 Fungi Beasts","floor":13,"turns":2},{"damage":8,"enemies":"Large Slime","floor":14,"turns":4},{"damage":99,"enemies":"The Guardian","floor":16,"turns":13},{"damage":34,"enemies":"3 Byrds","floor":18,"turns":2},{"damage":0,"enemies":"Spheric Guardian","floor":19,"turns":3},{"damage":24,"enemies":"Snecko","floor":20,"turns":5},{"damage":80,"enemies":"Shelled Parasite and Fungi","floor":22,"turns":6},{"damage":73,"enemies":"Gremlin Leader","floor":23,"turns":5},{"damage":45,"enemies":"Sentry and Sphere","floor":24,"turns":6},{"damage":59,"enemies":"Book of Stabbing","floor":25,"turns":5},{"damage":38,"enemies":"Slavers","floor":27,"turns":4},{"damage":0,"enemies":"Snake Plant","floor":28,"turns":1},{"damage":0,"enemies":"Shelled Parasite and Fungi","floor":29,"turns":2},{"damage":9,"enemies":"3 Cultists","floor":31,"turns":4},{"damage":26,"enemies":"Collector","floor":33,"turns":6},{"damage":18,"enemies":"Orb Walker","floor":35,"turns":2},{"damage":37,"enemies":"3 Shapes","floor":37,"turns":3},{"damage":32,"enemies":"Transient","floor":38,"turns":3},{"damage":137,"enemies":"Nemesis","floor":41,"turns":6},{"damage":41,"enemies":"Sphere and 2 Shapes","floor":44,"turns":4},{"damage":16,"enemies":"Mind Bloom Boss Battle","floor":45,"turns":7},{"damage":109,"enemies":"Maw","floor":46,"turns":9},{"damage":56,"enemies":"Maw","floor":48,"turns":5},{"damage":73,"enemies":"Time Eater","floor":50,"turns":10},{"damage":103,"enemies":"Malkuth","floor":52,"turns":6},{"damage":92,"enemies":"Netzach","floor":52,"turns":7},{"damage":164,"enemies":"Chesed","floor":52,"turns":7},{"damage":517,"enemies":"Hokma","floor":52,"turns":11}],"seed_played":"7346216472022990928","potions_obtained":[{"floor":1,"key":"Explosive Potion"},{"floor":3,"key":"Guardian:BlockOnCardUsePotion"},{"floor":4,"key":"FairyPotion"},{"floor":22,"key":"Guardian:BlockOnCardUsePotion"},{"floor":28,"key":"Regen Potion"},{"floor":31,"key":"SteroidPotion"}],"is_trial":false,"path_per_floor":["M","$","M","M","?","E","M","R","T","M","R","E","M","M","R","B",null,"M","M","M","$","M","E","M","E","T","E","M","M","R","M","R","B",null,"M","?","M","M","$","R","E","$","T","M","?","M","$","M","R","B",null,null],"character_chosen":"Librarian","items_purchased":["DemoMod:PartiallyEatenCheese","PageOfOzma","PageOfApocalypseBird","PageOfGreed"],"campfire_rested":1,"item_purchase_floors":[2,21,39,47],"current_hp_per_floor":[54,54,56,57,57,58,50,50,50,38,63,63,76,76,76,57,76,63,91,91,91,68,59,79,72,72,98,101,108,108,108,108,90,90,83,78,88,75,75,75,36,36,36,93,117,120,120,118,118,120,120],"gold":71,"neow_bonus":"","is_daily":false,"chose_seed":false,"campfire_upgraded":6,"win_rate":0.0,"timestamp":1614424410,"path_taken":["M","$","M","M","?","E","M","R","T","M","R","E","M","M","R","BOSS","M","M","M","$","M","E","M","E","T","E","M","M","R","M","R","BOSS","M","?","M","M","$","R","E","?","T","M","?","M","$","M","R","BOSS"],"items_purchased_type":["Relic","Relic","Relic","Relic"],"build_version":"2020-12-22","purchased_purges":0,"victory":true,"max_hp_per_floor":[70,70,84,84,84,84,84,84,84,84,84,84,84,76,76,76,76,76,91,91,91,91,91,91,91,91,108,108,108,108,108,108,90,90,90,90,90,90,90,108,108,108,108,108,120,120,120,120,120,120,120],"card_choices":[{"not_picked":["HappyTeddy","RedShoes","LittlePrince"],"picked":"Singing Bowl","floor":1},{"not_picked":["Yin","Murderer"],"picked":"Bloodbath","floor":1},{"not_picked":["Standoff","UpbeatPerformance","UndertakePrescript","GatherIntel","PreparedMind","Leap_lor","FleetEdge","Suppress"],"picked":"SharpenedBlade","floor":1},{"not_picked":["Murderer","ShyLook","CrumblingArmor"],"picked":"Singing Bowl","floor":3},{"not_picked":["PunishingBird","VoidDream"],"picked":"OSAHOGD","floor":3},{"not_picked":["Leap_lor","UnavoidableGaze","PinpointShot","AsThePrescriptOrders","GrazeTheGrass","TrimTheIngredients","DesperateStruggle","BackAttack"],"picked":"Faith","floor":3},{"not_picked":["LittleHelper","GalaxyChild"],"picked":"LaLuna","floor":4},{"not_picked":["HandleRequest","EnergyStrike","Faith","Wallop_lor","DesperateStruggle","ClassAndRespect","MultiBlock","BackstreetsDash"],"picked":"BlowItUp","floor":4},{"not_picked":["Scarecrow","CrumblingArmor"],"picked":"MHz","floor":6},{"not_picked":["Overpower","HardRehearsal","StrongStrike","DefenseOrder","FrontalAssault","EnergyStrike","TraceOfFumes","ScratchThat"],"picked":"TieShanKao","floor":6},{"not_picked":["Wellcheers","VoidDream"],"picked":"QueenOfHatred","floor":7},{"not_picked":["StrikeDown","Standoff","Quickness","Thrust","Parry","AutonomousRush","HandleRequest","MultiBlock","DaringDecision"],"picked":"SKIP","floor":7},{"not_picked":["BlackSwan","MeatLantern"],"picked":"Wellcheers","floor":10},{"not_picked":["UncannyStrike","Pound","UpbeatPerformance","SpearedSweep","HiddenBlade","ViolentFlame","Quickness","DarkCloud"],"picked":"PreemptiveStrike","floor":10},{"not_picked":["BeautyBeast","WhiteNight"],"picked":"Freischutz","floor":13},{"not_picked":["FleetFootsteps","Standoff","DimensionalRift","GrazeTheGrass","Parry2","FocusFire","MultiBlock","RepressedFlesh"],"picked":"FrontalAssault","floor":13},{"not_picked":["SpiderBud","HeroicMonk"],"picked":"NothingThere","floor":14},{"not_picked":["StrikeDown","PreparedMind","SinglePointStab","DesperateStruggle","Clone","Reload","Outburst","Eliminate"],"picked":"BiXi","floor":14},{"not_picked":["PunishingBird","Variant"],"picked":"BigBird","floor":16},{"not_picked":["Suppress","Cruelty"],"picked":"FormingStorm","floor":16},{"not_picked":["Alriune","Scarecrow","MeatLantern"],"picked":"Singing Bowl","floor":18},{"not_picked":["SerpentSwordTechnique","HandleRequest","KeepItFresh","GutHarvesting","Slice_lor","Collision","EndlessBattle","WillOfThePrescript+1"],"picked":"IdentifyWeakpoint+1","floor":18},{"not_picked":["HappyTeddy","WhitesApple","Yin"],"picked":"Singing Bowl","floor":19},{"not_picked":["UniverseFragment","BlackSwan"],"picked":"RedShoes","floor":19},{"not_picked":["SharpSwipe+1","FierceCharge","ChopItOff","BattleCommand","Rampage_lor+1","Gamble","NightInTheBackstreets","DarkCloud"],"picked":"ViolentFlame","floor":19},{"not_picked":["OldLady","QueenBee"],"picked":"Scorched","floor":20},{"not_picked":["HiddenBlade","InhaleSmoke","PreemptiveStrike","Thrust","ClassAndRespect","SummaryJudgment","Crush+1","FierceCharge+1"],"picked":"YoureAHindrance","floor":20},{"not_picked":["GalaxyChild","CherryBlossoms","FieryBird"],"picked":"Singing Bowl","floor":22},{"not_picked":["PinpointShot","RatsGuideToSurvival","ShrineToMusic","DesperateStruggle","SnakesPrey+1","SetFire+1","RulesOfTheBackstreets","Mutilate"],"picked":"Riposte","floor":22},{"not_picked":["ShyLook","DespairKnight","Woodsman"],"picked":"Singing Bowl","floor":23},{"not_picked":["SpiderBud","FieryBird"],"picked":"GreedKing","floor":23},{"not_picked":["Suppress","ClassAndRespect+1","GuardingStance","EnergyShield+1","Thrust+1","SnakesPrey","EndlessBattle+1","Leap_lor"],"picked":"BiXi","floor":23},{"not_picked":["MeatLantern","FairyFestival"],"picked":"BlueStar","floor":24},{"not_picked":["IllEndYou","WillBeTasty","HiddenBlade","GaleKick+1","Endure","InkOver","Rewind","Crush","MultiBlock"],"picked":"SKIP","floor":24},{"not_picked":["PunishingBird","OldLady"],"picked":"WallGazer","floor":25},{"not_picked":["SkyClearingCut+1","BiXi","FierceCharge","Parry","Pound","InhaleSmoke+1","Retaliate","SteelKnuckles+1"],"picked":"InnerArdor+1","floor":25},{"not_picked":["Porccubus","Alriune","ShyLook"],"picked":"Singing Bowl","floor":27},{"not_picked":["SpiderBud","Mercenary"],"picked":"CENSORED","floor":27},{"not_picked":["DesperateStruggle","MindCrush","AsThePrescriptOrders","SmokingPipe+1","RapidGashes","GrazeTheGrass","DefenseOrder","ShrineToMusic"],"picked":"ScatteringSlash+1","floor":27},{"not_picked":["WhitesApple","GalaxyChild","OldLady"],"picked":"Singing Bowl","floor":28},{"not_picked":["Pound+1","ExtremeEdge","EnergyCycle","Transpierce","GuardingStance+1","DefenseOrder+1","FierceCharge+1","ClassAndRespect","CircusKnives"],"picked":"SKIP","floor":28},{"not_picked":["Porccubus","Yin","FairyFestival"],"picked":"Singing Bowl","floor":29},{"not_picked":["Wallop_lor","HardRehearsal+1","FaintMemories","Diversion+1","DesperateStruggle","GuardingStance","PreemptiveStrike","EnergyStrike"],"picked":"SteelKnuckles+1","floor":29},{"not_picked":["DespairKnight","ShyLook"],"picked":"PunishingBird","floor":31},{"not_picked":["Quickness+1","InkOver","Gigigig+1","Thrust","SinglePointStab","SteelKnuckles+1","YoureTooSlow","SmokingPipe"],"picked":"FierceCharge","floor":31},{"not_picked":["CherryBlossoms","WhitesApple","CrumblingArmor"],"picked":"Singing Bowl","floor":33},{"not_picked":["SuanNi","TrashDisposal"],"picked":"CleanUp","floor":33},{"not_picked":["Murderer","MeatLantern"],"picked":"SingingMachine","floor":35},{"not_picked":["GuidanceOfTheGears+1","FervidEmotions","Standoff+1","HighKick","YoureAHindrance","BindingChains+1","Parry+1","GreatSerpentsImpact"],"picked":"FrontalAssault+1","floor":35},{"not_picked":["ShyLook","FieryBird","BeautyBeast"],"picked":"Singing Bowl","floor":37},{"not_picked":["Standoff+1","Brawl+1","PreemptiveStrike+1","IronWall","Laceration+1","Track","ExtremeEdge+1","Rewind+1"],"picked":"FrontalAssault","floor":37},{"not_picked":["Porccubus","BeautyBeast","FieryBird"],"picked":"Singing Bowl","floor":38},{"not_picked":["WillBeTasty","EnergyCycle+1","FervidEmotions+1","GuidanceOfTheGears","SuppressingShot+1","Parry+1","UnavoidableGaze+1","StructuralAnalysis"],"picked":"Parry2","floor":38},{"not_picked":["Woodsman","Rudolta","WhitesApple"],"picked":"Singing Bowl","floor":41},{"not_picked":["GalaxyChild","Scarecrow"],"picked":"BigBadWolf","floor":41},{"not_picked":["FlowOfTheSword","Outburst+1","Standoff+1","DestructiveImpact+1","VioletBlade","YouOnlyLiveOnce","FierceCharge+1","HighKick+1"],"picked":"GoinFirst","floor":41},{"not_picked":["DespairKnight","Woodsman","BeautyBeast"],"picked":"Singing Bowl","floor":44},{"not_picked":["FleetFootsteps+1","SpearedSweep","StructuralAnalysis","FeatherShield+1","Multislash+1","Faith","ScratchThat","HighSpeedStabbing+1","DefenseOrder+1"],"picked":"SKIP","floor":44},{"not_picked":["Murderer","BlackSwan"],"picked":"LongBird","floor":45},{"not_picked":["Yin","CrumblingArmor"],"picked":"OSAHOGD","floor":46},{"not_picked":["ProselytesBlade+1","NonstopAssault","EnergyCycle+1","SteelKnuckles+1","DarkCloud+1","UnavoidableGaze","TendonChords","Multislash+1"],"picked":"BindingArms+1","floor":46},{"not_picked":["LittleHelper","Yin","Woodsman"],"picked":"Singing Bowl","floor":48},{"not_picked":["Leap_lor+1","Parry2","DevastatingThrash","FleetFootsteps","QuickSuppression+1","Quickness+1","RulesOfTheBackstreets","SuppressingShot+1","DirtyBlow"],"picked":"SKIP","floor":48},{"not_picked":["Scarecrow","Murderer","Rudolta"],"picked":"Singing Bowl","floor":50}],"player_experience":409196,"relics_obtained":[{"floor":1,"key":"LetterFromLob"},{"floor":6,"key":"Kunai"},{"floor":9,"key":"PageOfSpiderBud"},{"floor":23,"key":"Sundial"},{"floor":25,"key":"PageOfBigBadWolf"},{"floor":26,"key":"reliquary:ExpiredCoupon"},{"floor":27,"key":"DemoMod:PinkGuonStone"},{"floor":28,"key":"AtMidnight"},{"floor":41,"key":"DemoMod:WhiteGuonStone"},{"floor":43,"key":"reliquary:QuartzCube"},{"floor":45,"key":"DemoMod:Orange"},{"floor":46,"key":"Twilight"}],"event_choices":[{"damage_healed":0,"gold_gain":51,"player_choice":"Gained Gold","damage_taken":0,"max_hp_gain":0,"max_hp_loss":0,"event_name":"Golden Wing","floor":5,"gold_loss":0},{"damage_healed":0,"gold_gain":0,"player_choice":"Fight","damage_taken":0,"max_hp_gain":0,"max_hp_loss":0,"event_name":"MindBloom","floor":45,"gold_loss":0}],"is_beta":false,"boss_relics":[{"not_picked":["SlaversCollar","Pandora\u0027s Box"],"picked":"reliquary:Craggleroot"},{"not_picked":["Coffee Dripper","Snecko Eye"],"picked":"reliquary:WritOfMandamus"}],"items_purged_floors":[],"is_endless":false,"potions_floor_spawned":[1,3,4,13,14,18,22,23,25,28,31,37,38,41,48],"ascension_level":3}}