{"host":"or8fr2mp0k3eluj8","time":1614436481,"event":{"mods":["AchievementEnabler","BaseMod","Colored Map","DeckTracker","Keyboard Shortcuts","Minty Spire (QoL Compilation)","StSLib","SuperFastMode","everything is the same but u backflip on backflip"],"gold_per_floor":[113,113,113,132,150,150,150,180,226,236,249,280,290,315,315,415,415,426,161,121,139,174,174,184,30,30,30,57,73,107,124,124,223,223,242,242,258,31,31,62,107,107,107,107,107],"floor_reached":44,"language":"KOR","playtime":4193,"items_purged":[],"score":695,"play_id":"8d4e1817-3650-4854-8de2-92a0c7218f3b","local_time":"20210227233441","is_ascension_mode":true,"campfire_choices":[{"data":"Perfected Strike","floor":6,"key":"SMITH"},{"data":"Clothesline","floor":15,"key":"SMITH"},{"data":"Corruption","floor":23,"key":"SMITH"},{"data":"Perfected Strike","floor":27,"key":"SMITH"},{"floor":32,"key":"REST"},{"data":"Enlightenment","floor":42,"key":"SMITH"}],"circlet_count":0,"master_deck":["Strike_R+1","Strike_R","Strike_R","Strike_R","Strike_R","Defend_R+1","Defend_R","Defend_R","Bash","Twin Strike","Dark Embrace","Perfected Strike+1","Perfected Strike+1","Wild Strike","Wild Strike","Battle Trance","Clothesline+1","Corruption+1","Seeing Red+1","Dual Wield","Wild Strike+1","Power Through+1","Wild Strike+1","Reckless Charge+1","True Grit","Spot Weakness+1","Twin Strike","Wild Strike+1","Offering","Burning Pact","Perfected Strike+1","Flame Barrier","Enlightenment+1","Intimidate+1","True Grit+1"],"relics":["Burning Blood","NeowsBlessing","Potion Belt","Blood Vial","Bottled Tornado","Tiny Chest","Mark of Pain","Art of War","Red Mask","Orrery","Pantograph","Red Skull","Anchor","Philosopher\u0027s Stone","DollysMirror","Bronze Scales","Mango","Bottled Flame"],"acts_visited":["Exordium","TheCity","TheBeyond"],"potions_floor_usage":[12,30,41,41,41],"damage_taken":[{"damage":0,"enemies":"Small Slimes","floor":1,"turns":1},{"damage":0,"enemies":"2 Louse","floor":4,"turns":1},{"damage":0,"enemies":"Cultist","floor":5,"turns":1},{"damage":27,"enemies":"3 Sentries","floor":8,"turns":6},{"damage":11,"enemies":"Exordium Wildlife","floor":10,"turns":3},{"damage":8,"enemies":"Blue Slaver","floor":11,"turns":3},{"damage":0,"enemies":"Lagavulin","floor":12,"turns":3},{"damage":6,"enemies":"Lots of Slimes","floor":13,"turns":4},{"damage":47,"enemies":"Hexaghost","floor":16,"turns":10},{"damage":12,"enemies":"3 Byrds","floor":18,"turns":5},{"damage":11,"enemies":"Spheric Guardian","floor":21,"turns":3},{"damage":10,"enemies":"Masked Bandits","floor":22,"turns":3},{"damage":24,"enemies":"Shelled Parasite and Fungi","floor":24,"turns":5},{"damage":27,"enemies":"Snecko","floor":29,"turns":4},{"damage":0,"enemies":"Gremlin Leader","floor":30,"turns":3},{"damage":8,"enemies":"Snake Plant","floor":31,"turns":3},{"damage":43,"enemies":"Collector","floor":33,"turns":6},{"damage":6,"enemies":"Orb Walker","floor":35,"turns":1},{"damage":0,"enemies":"3 Shapes","floor":37,"turns":2},{"damage":42,"enemies":"Reptomancer","floor":40,"turns":5},{"damage":0,"enemies":"2 Orb Walkers","floor":41,"turns":2},{"damage":96,"enemies":"Giant Head","floor":44,"turns":7}],"seed_played":"3207687006556112050","potions_obtained":[{"floor":4,"key":"Energy Potion"},{"floor":8,"key":"Explosive Potion"},{"floor":12,"key":"Ancient Potion"},{"floor":16,"key":"Explosive Potion"},{"floor":18,"key":"SpeedPotion"},{"floor":21,"key":"SkillPotion"},{"floor":30,"key":"FearPotion"},{"floor":31,"key":"BloodPotion"},{"floor":40,"key":"DistilledChaos"}],"is_trial":false,"path_per_floor":["M","?","?","M","M","R","?","E","T","M","M","E","M","T","R","B",null,"M","$","?","M","?","R","M","$","T","R","T","M","E","M","R","B",null,"M","?","M","$","?","E","?","R","T","E"],"character_chosen":"IRONCLAD","items_purchased":["Seeing Red","Dual Wield","Art of War","Orrery","DollysMirror","Flame Barrier"],"campfire_rested":1,"item_purchase_floors":[19,19,19,25,38,38],"current_hp_per_floor":[80,73,57,63,69,69,69,48,48,45,45,53,55,55,55,16,64,60,60,60,57,55,55,39,39,39,39,39,20,28,28,52,42,71,73,73,80,80,80,44,82,82,82,0,0],"gold":107,"neow_bonus":"THREE_ENEMY_KILL","is_daily":false,"chose_seed":false,"campfire_upgraded":5,"win_rate":0.0,"timestamp":1614436481,"path_taken":["M","?","?","M","M","R","?","E","T","?","M","E","M","?","R","BOSS","M","$","?","?","?","R","M","$","T","R","?","M","E","M","R","BOSS","M","?","M","$","?","E","?","R","T","E"],"items_purchased_type":["Card","Card","Relic","Relic","Relic","Card"],"build_version":"2020-12-22","purchased_purges":0,"victory":false,"max_hp_per_floor":[80,80,80,80,80,80,80,80,80,80,80,80,80,80,80,80,80,80,80,80,80,80,80,80,80,80,80,80,80,80,80,80,80,80,80,80,80,80,80,80,94,94,94,94,94],"card_choices":[{"not_picked":["Sword Boomerang","Iron Wave"],"picked":"Twin Strike","floor":1},{"not_picked":["True Grit","Anger"],"picked":"Dark Embrace","floor":4},{"not_picked":["Power Through","Reckless Charge"],"picked":"Perfected Strike","floor":5},{"not_picked":["Second Wind","Warcry"],"picked":"Perfected Strike","floor":8},{"not_picked":["True Grit","Heavy Blade"],"picked":"Wild Strike","floor":10},{"not_picked":["Feel No Pain","Metallicize"],"picked":"Wild Strike","floor":11},{"not_picked":["Sentinel","Reckless Charge"],"picked":"Battle Trance","floor":12},{"not_picked":["Cleave","Iron Wave"],"picked":"Clothesline","floor":13},{"not_picked":["Immolate","Brutality"],"picked":"Corruption","floor":16},{"not_picked":["Anger","Inflame","Headbutt"],"picked":"SKIP","floor":18},{"not_picked":["Seeing Red","Metallicize+1"],"picked":"Wild Strike+1","floor":21},{"not_picked":["Iron Wave+1","Clothesline"],"picked":"Power Through+1","floor":22},{"not_picked":["Headbutt","Bloodletting"],"picked":"Wild Strike+1","floor":24},{"not_picked":["Havoc","Sever Soul"],"picked":"Reckless Charge+1","floor":25},{"not_picked":["Ghostly Armor","Rage"],"picked":"Shockwave","floor":25},{"not_picked":["Heavy Blade+1","Searing Blow"],"picked":"True Grit","floor":25},{"not_picked":["Heavy Blade","Thunderclap"],"picked":"Spot Weakness+1","floor":25},{"not_picked":["Headbutt","Corruption","Clash"],"picked":"SKIP","floor":29},{"not_picked":["Reckless Charge","Clothesline+1"],"picked":"Twin Strike","floor":30},{"not_picked":["Body Slam","Clash"],"picked":"Wild Strike+1","floor":31},{"not_picked":["Barricade","Immolate"],"picked":"Offering","floor":33},{"not_picked":["Body Slam","Iron Wave"],"picked":"Burning Pact","floor":35},{"not_picked":["Headbutt","Heavy Blade+1","Clash"],"picked":"SKIP","floor":37},{"not_picked":["Master of Strategy","Secret Technique"],"picked":"Enlightenment","floor":39},{"not_picked":["Seeing Red","Metallicize+1"],"picked":"Intimidate+1","floor":40},{"not_picked":["Armaments+1","Clash"],"picked":"True Grit+1","floor":41}],"player_experience":493461,"relics_obtained":[{"floor":8,"key":"Potion Belt"},{"floor":9,"key":"Blood Vial"},{"floor":12,"key":"Bottled Tornado"},{"floor":14,"key":"Tiny Chest"},{"floor":22,"key":"Red Mask"},{"floor":26,"key":"Pantograph"},{"floor":28,"key":"Red Skull"},{"floor":30,"key":"Anchor"},{"floor":40,"key":"Bronze Scales"},{"floor":41,"key":"Mango"},{"floor":43,"key":"Bottled Flame"}],"event_choices":[{"cards_removed":["Defend_R"],"damage_healed":0,"gold_gain":0,"player_choice":"Card Removal","damage_taken":7,"max_hp_gain":0,"max_hp_loss":0,"event_name":"Golden Wing","floor":2,"gold_loss":0},{"damage_healed":0,"gold_gain":0,"player_choice":"Entered Light","damage_taken":16,"max_hp_gain":0,"max_hp_loss":0,"event_name":"Shining Light","floor":3,"gold_loss":0,"cards_upgraded":["Defend_R","Strike_R"]},{"damage_healed":0,"gold_gain":0,"player_choice":"Ignored","damage_taken":0,"max_hp_gain":0,"max_hp_loss":0,"event_name":"NoteForYourself","floor":7,"gold_loss":0},{"damage_healed":0,"gold_gain":0,"player_choice":"Upgrade","damage_taken":0,"max_hp_gain":0,"max_hp_loss":0,"event_name":"Designer","floor":20,"gold_loss":40,"cards_upgraded":["Seeing Red"]},{"damage_healed":0,"gold_gain":0,"player_choice":"Fought Bandits","damage_taken":0,"max_hp_gain":0,"max_hp_loss":0,"event_name":"Masked Bandits","floor":22,"gold_loss":0},{"cards_removed":["Shockwave"],"damage_healed":0,"gold_gain":0,"player_choice":"Removed Skill","damage_taken":0,"max_hp_gain":0,"max_hp_loss":0,"event_name":"Falling","floor":36,"gold_loss":0},{"damage_healed":0,"gold_gain":0,"player_choice":"Memory 1","damage_taken":0,"max_hp_gain":0,"max_hp_loss":0,"event_name":"SensoryStone","floor":39,"gold_loss":0},{"damage_healed":0,"gold_gain":0,"player_choice":"Fight","damage_taken":0,"max_hp_gain":0,"max_hp_loss":0,"event_name":"Mysterious Sphere","floor":41,"gold_loss":0}],"is_beta":false,"boss_relics":[{"not_picked":["Runic Cube","Calling Bell"],"picked":"Mark of Pain"},{"not_picked":["Velvet Choker","Fusion Hammer"],"picked":"Philosopher\u0027s Stone"}],"items_purged_floors":[],"is_endless":false,"potions_floor_spawned":[4,8,12,16,18,21,30,31,35,40],"killed_by":"Giant Head","ascension_level":5}}