{"host":"npubv26u89aif4fa","time":1614434353,"event":{"mods":["Astrologer","BaseMod","Better Vampires","Better-Laid Plans","CapriCore","Colored Powertips","GifTheSpireLib","GungeonMod","HornydragonMod","Hubris","Jedi Mod","Library of Ruina","Library of Ruina Extra","Minty Spire (QoL Compilation)","Potionbrewer","Quick Restart","Remilia（蕾米莉亚）","Replay The Spire","StSLib","The Administrix","The Alterego","The Blackbeard","The Bug Knight","The Cursed","The Immortal","The Marked","The Runesmith","Yuri Mod","残留之物"],"gold_per_floor":[114,114,151,226,254,312,55,111,111,124,163,163,180,201,201,330,330,372,7,27,69,69,69,99,99,144,157,193,237,267,367,367,493,493,533,553,598,598,633,666,666,666,666,719,851,908,659,710,710,735,760,760,760,170,201,226],"floor_reached":57,"language":"ZHS","playtime":5517,"items_purged":[],"score":1811,"play_id":"ac08985a-c8af-4463-84e2-31439cbb10cb","local_time":"20210227215913","is_ascension_mode":true,"campfire_choices":[{"floor":12.0,"key":"REST"},{"floor":15.0,"key":"DIG"},{"floor":23.0,"key":"RECALL"},{"data":"LevelSlash","floor":25.0,"key":"SMITH"},{"data":"blackbeard:Cutlass","floor":32.0,"key":"SMITH"},{"data":"blackbeard:CaptainsHat","floor":41.0,"key":"SMITH"},{"data":"blackbeard:Halberd","floor":49.0,"key":"SMITH"},{"data":"Chrysalis","floor":53,"key":"SMITH"}],"circlet_count":0,"master_deck":["blackbeard:BlackbeardStrike","blackbeard:BlackbeardStrike","blackbeard:BlackbeardStrike+1","blackbeard:BlackbeardStrike","blackbeard:IntimidatingStrike+1","blackbeard:BlackbeardDefend","blackbeard:BlackbeardDefend","blackbeard:BlackbeardDefend","blackbeard:BlackbeardDefend+1","blackbeard:Cutlass+1","LevelSlash+1","Chrysalis+1","blackbeard:Bandana","blackbeard:PirateEarring","blackbeard:Parrot","blackbeard:GoldenDefense","blackbeard:Halberd+1","blackbeard:GoldenCannonball","blackbeard:CaptainsHat+1","blackbeard:Rum+1","blackbeard:GoldenDefense+1","alterego_mod:Clap+1","blackbeard:Rum","blackbeard:GoldenStrike+1","blackbeard:Toast+1","blackbeard:Fencing+1","blackbeard:FishingNets+1","ReplayTheSpireMod:Private Reserves"],"relics":["blackbeard:LoadTheCannons","jedi:crownofsimplicity","Whetstone","DemoMod:MeltedRock","Runesmith:AutoHammer","DemoMod:WhiteGuonStone","Coffee Dripper","HollowMod:JonisBlessing","ReplayTheSpireMod:TigerMarble","Calipers","Happy Flower","DemoMod:GlassGuonStoneRelic","Boot","hubris:Backtick","hubris:TinFlute","hubris:Icosahedron","War Paint","MoneyPower","blackbeard:HipFlask","potionbrewer:WarMedal","PageOfApocalypseBird","DemoMod:Bottle","Replay:Bottled Snecko","Sling","Golden Egg"],"acts_visited":["Exordium","TheCity","TheBeyond","TheEnding"],"potions_floor_usage":[51,56,56],"damage_taken":[{"damage":7.0,"enemies":"Jaw Worm","floor":1.0,"turns":2.0},{"damage":2.0,"enemies":"Small Slimes","floor":3.0,"turns":4.0},{"damage":0.0,"enemies":"Cultist","floor":5.0,"turns":2.0},{"damage":19.0,"enemies":"Lagavulin","floor":6.0,"turns":5.0},{"damage":22.0,"enemies":"3 Sentries","floor":8.0,"turns":5.0},{"damage":0.0,"enemies":"Blue Slaver","floor":10.0,"turns":1.0},{"damage":4.0,"enemies":"Large Slime","floor":11.0,"turns":5.0},{"damage":0.0,"enemies":"Lots of Slimes","floor":13.0,"turns":2.0},{"damage":0.0,"enemies":"3 Louse","floor":14.0,"turns":4.0},{"damage":0.0,"enemies":"Slime Boss","floor":16.0,"turns":6.0},{"damage":7.0,"enemies":"3 Byrds","floor":18.0,"turns":4.0},{"damage":0.0,"enemies":"Spheric Guardian","floor":20.0,"turns":1.0},{"damage":0.0,"enemies":"Centurion and Healer","floor":21.0,"turns":4.0},{"damage":4.0,"enemies":"Book of Stabbing","floor":24.0,"turns":3.0},{"damage":0.0,"enemies":"Chosen and Byrds","floor":27.0,"turns":2.0},{"damage":1.0,"enemies":"Snake Plant","floor":28.0,"turns":3.0},{"damage":0.0,"enemies":"Slavers","floor":29.0,"turns":4.0},{"damage":0.0,"enemies":"Sentry and Sphere","floor":30.0,"turns":3.0},{"damage":0.0,"enemies":"hubris:MusketHawk","floor":33.0,"turns":4.0},{"damage":0.0,"enemies":"3 Shapes","floor":35.0,"turns":5.0},{"damage":0.0,"enemies":"3 Darklings","floor":36.0,"turns":3.0},{"damage":0.0,"enemies":"Spire Growth","floor":37.0,"turns":3.0},{"damage":0.0,"enemies":"Transient","floor":39.0,"turns":5.0},{"damage":0.0,"enemies":"Nemesis","floor":40.0,"turns":3.0},{"damage":0.0,"enemies":"Giant Head","floor":44.0,"turns":5.0},{"damage":0.0,"enemies":"Sphere and 2 Shapes","floor":45.0,"turns":5.0},{"damage":0.0,"enemies":"Reptomancer","floor":46.0,"turns":5.0},{"damage":0.0,"enemies":"Nemesis","floor":48.0,"turns":1.0},{"damage":0,"enemies":"hubris:GrandSnecko","floor":50,"turns":5},{"damage":0,"enemies":"hubris:GrandSnecko","floor":51,"turns":8},{"damage":0,"enemies":"Shield and Spear","floor":55,"turns":2},{"damage":0,"enemies":"The Heart","floor":56,"turns":8}],"seed_played":"-1708972235324818125","potions_obtained":[{"floor":5.0,"key":"potionbrewer:InfectionPotion"},{"floor":6.0,"key":"Swift Potion"},{"floor":8.0,"key":"potionbrewer:DiscountPotion"},{"floor":13.0,"key":"jedi:hoardpotion"},{"floor":20.0,"key":"SkillPotion"},{"floor":24.0,"key":"Fire Potion"},{"floor":28.0,"key":"jedi:StrikingPotion"},{"floor":30.0,"key":"Explosive Potion"},{"floor":37.0,"key":"potionbrewer:NoxiousPotion"},{"floor":46.0,"key":"potionbrewer:AcidPotion"}],"is_trial":false,"path_per_floor":["M","?","M","?","M","E","$","E","T","M","M","R","M","M","R","B",null,"M","$","M","M","?","R","E","R","T","M","M","E","M","?","R","B",null,"M","M","M","?","M","E","R","?","T","E","M","E","$","E","R","B",null,null,"R","$","E","B",null],"character_chosen":"BLACKBEARD_CLASS","items_purchased":["DemoMod:MeltedRock","HollowMod:JonisBlessing","blackbeard:Rum+1","ReplayTheSpireMod:TigerMarble","PageOfApocalypseBird","Replay:Bottled Snecko","Sling","Adrenaline Potion","blackbeard:OrangeJuicePotion","ReplayTheSpireMod:Private Reserves"],"campfire_rested":1,"item_purchase_floors":[7,19,19,19,47,54,54,54,54,54],"current_hp_per_floor":[68,65,63,52,52,33,33,11,11,11,7,29,29,29,29,29,75,68,68,68,68,68,68,64,64,64,64,63,63,63,63,63,63,75,75,75,75,75,75,75,75,75,75,75,75,75,75,75,75,75,75,75,75,75,75,75],"gold":226,"neow_bonus":"RANDOM_COLORLESS_2","is_daily":false,"chose_seed":false,"campfire_upgraded":5,"win_rate":0.0,"timestamp":1614434353,"path_taken":["M","?","M","?","M","E","$","E","T","M","?","R","M","M","R","BOSS","M","$","M","M","?","R","E","R","T","M","M","E","M","?","R","BOSS","M","M","?","?","M","E","R","?","T","E","?","E","$","E","R","BOSS","R","$","E","BOSS"],"items_purchased_type":["Relic","Relic","Card","Relic","Relic","Relic","Relic","Potion","Potion","Card"],"build_version":"2020-12-22","purchased_purges":0,"victory":true,"max_hp_per_floor":[75,75,75,75,75,75,75,75,75,75,75,75,75,75,75,75,75,75,75,75,75,75,75,75,75,75,75,75,75,75,75,75,75,75,75,75,75,75,75,75,75,75,75,75,75,75,75,75,75,75,75,75,75,75,75,75],"card_choices":[{"not_picked":["Violence","ReplayUltimateDefense"],"picked":"Chrysalis","floor":0.0},{"not_picked":["blackbeard:RearmingStrike","blackbeard:DangerousBlow"],"picked":"blackbeard:Bandana","floor":1.0},{"not_picked":["blackbeard:GoldenDefense","blackbeard:CaptainsCabin"],"picked":"blackbeard:PirateEarring","floor":3.0},{"not_picked":["blackbeard:BlindAttacks","blackbeard:Sword"],"picked":"blackbeard:Parrot","floor":5.0},{"not_picked":["blackbeard:RearmingStrike","blackbeard:CannonballSupply","blackbeard:CloakAndCannonball"],"picked":"SKIP","floor":6.0},{"not_picked":["blackbeard:Dagger","blackbeard:BeatUp"],"picked":"blackbeard:GoldenDefense","floor":8.0},{"not_picked":["blackbeard:CannonballSupply","blackbeard:Toast","blackbeard:GoldenDefense"],"picked":"SKIP","floor":10.0},{"not_picked":["blackbeard:DangerousBlow","blackbeard:CloakAndCannonball"],"picked":"blackbeard:Halberd","floor":11.0},{"not_picked":["blackbeard:DoubleBottom","blackbeard:GoldenDefense","blackbeard:Shrapnel"],"picked":"SKIP","floor":13.0},{"not_picked":["blackbeard:Fencing","blackbeard:FieryDefense"],"picked":"blackbeard:GoldenCannonball","floor":14.0},{"not_picked":["blackbeard:Parrot","blackbeard:PowerHungry"],"picked":"blackbeard:CaptainsHat","floor":16.0},{"not_picked":["blackbeard:FishingNets","blackbeard:DoubleCannonball","blackbeard:PirateHook"],"picked":"SKIP","floor":18.0},{"not_picked":["blackbeard:Dagger","blackbeard:RemoveScurvy+1","blackbeard:CloakAndCannonball"],"picked":"SKIP","floor":20.0},{"not_picked":["blackbeard:DoubleCannonball","blackbeard:Revenge"],"picked":"blackbeard:GoldenDefense+1","floor":21.0},{"not_picked":["blackbeard:PowderKeg","blackbeard:DoubleBottom+1"],"picked":"blackbeard:Rum","floor":24.0},{"not_picked":["blackbeard:BlindAttacks","blackbeard:Shrapnel","blackbeard:WiseDefense"],"picked":"SKIP","floor":27.0},{"not_picked":["blackbeard:GoldenDefense","blackbeard:BrownPants"],"picked":"blackbeard:GoldenStrike+1","floor":28.0},{"not_picked":["blackbeard:Eyepatch","blackbeard:HumongousCannonball","blackbeard:BrownPants"],"picked":"SKIP","floor":29.0},{"not_picked":["blackbeard:CloakAndCannonball","blackbeard:Dagger","blackbeard:RemoveScurvy"],"picked":"SKIP","floor":30.0},{"not_picked":["blackbeard:WiseDefense","blackbeard:SwordDance","blackbeard:CloakAndCannonball"],"picked":"SKIP","floor":35.0},{"not_picked":["blackbeard:WiseDefense+1","blackbeard:Sword+1"],"picked":"blackbeard:Toast+1","floor":36.0},{"not_picked":["blackbeard:Boarding","blackbeard:RearmingStrike"],"picked":"blackbeard:Fencing+1","floor":37.0},{"not_picked":["blackbeard:Bandana","blackbeard:DelayedPain","blackbeard:WiseDefense"],"picked":"SKIP","floor":39.0},{"not_picked":["blackbeard:GhostInTheRum","blackbeard:PowderKeg","blackbeard:PirateHook+1"],"picked":"SKIP","floor":40.0},{"not_picked":["blackbeard:DelayedPain","blackbeard:WiseDefense+1"],"picked":"blackbeard:FishingNets+1","floor":44.0},{"not_picked":["blackbeard:CannonBarrage","blackbeard:WiseDefense","blackbeard:DelayedPain"],"picked":"SKIP","floor":45.0},{"not_picked":["blackbeard:SmithingHammer","blackbeard:Toast+1","blackbeard:DeadlyArsenal+1"],"picked":"SKIP","floor":46.0},{"not_picked":["blackbeard:SmithingHammer+1","blackbeard:Toast","blackbeard:PirateEarring+1"],"picked":"SKIP","floor":48.0},{"not_picked":["blackbeard:Boarding+1","blackbeard:Sword","blackbeard:Eyepatch+1"],"picked":"SKIP","floor":55}],"player_experience":432811,"relics_obtained":[{"floor":6.0,"key":"Whetstone"},{"floor":8.0,"key":"Runesmith:AutoHammer"},{"floor":15.0,"key":"DemoMod:WhiteGuonStone"},{"floor":24.0,"key":"Calipers"},{"floor":26.0,"key":"Happy Flower"},{"floor":29.0,"key":"Boot"},{"floor":40.0,"key":"War Paint"},{"floor":43.0,"key":"MoneyPower"},{"floor":44.0,"key":"blackbeard:HipFlask"},{"floor":46.0,"key":"potionbrewer:WarMedal"},{"floor":48.0,"key":"DemoMod:Bottle"},{"floor":55,"key":"Golden Egg"}],"event_choices":[{"damage_healed":0.0,"max_hp_gain":0.0,"max_hp_loss":0.0,"gold_gain":0.0,"event_name":"Scrap Ooze","player_choice":"Success","floor":2.0,"gold_loss":0.0,"damage_taken":3.0,"relics_obtained":["jedi:crownofsimplicity"]},{"damage_healed":0.0,"max_hp_gain":0.0,"max_hp_loss":0.0,"gold_gain":75.0,"event_name":"World of Goop","player_choice":"Gather Gold","floor":4.0,"gold_loss":0.0,"damage_taken":11.0},{"damage_healed":0.0,"max_hp_gain":0.0,"max_hp_loss":0.0,"gold_gain":0.0,"event_name":"The Library","player_choice":"Read","floor":22.0,"gold_loss":0.0,"damage_taken":0.0,"cards_obtained":["alterego_mod:Clap"]},{"damage_healed":0.0,"max_hp_gain":0.0,"max_hp_loss":0.0,"gold_gain":100.0,"event_name":"Golden Shrine","player_choice":"Pray","floor":31.0,"gold_loss":0.0,"damage_taken":0.0},{"cards_removed":["PlaceholderMod:BaseStrike"],"damage_healed":0.0,"max_hp_gain":0.0,"max_hp_loss":0.0,"gold_gain":0.0,"event_name":"Bonfire Elementals","player_choice":"Offered Basic","floor":42.0,"gold_loss":0.0,"damage_taken":0.0}],"is_beta":false,"boss_relics":[{"not_picked":["DemoMod:RiddleOfLead","SlaversCollar"],"picked":"Coffee Dripper"},{"not_picked":["hubris:RunicObelisk","Replay:Ancient Bell"],"picked":"hubris:Backtick"}],"items_purged_floors":[],"is_endless":false,"potions_floor_spawned":[5,6,8,13,14,16,20,24,28,30,35,37,39,46,55],"ascension_level":2}}