{"host":"dq2d9inx7yjdstkp","time":1614447214,"event":{"mods":["AchievementEnabler","BaseMod","Colored Map","DeckTracker","Minty Spire (QoL Compilation)","Permanent Neow","Quick Restart","StSLib"],"gold_per_floor":[9999,8700,8713,8713,8724,8758,8758,7823,7849,7878,7902,7902,7951,7951,7951,8046,8046,8062,8062,6986,7003,7003,7003,7003,7003,7003,6918,6918,6945,6414,6414,6414,6512,6512,6526,6436,6451,6501,6513,6513,6523,6523,6523,6546,6546,6027,6039,5487,5487,5487],"floor_reached":51,"language":"KOR","playtime":2386,"items_purged":["Defend_G","Strike_G","Defend_G","Well Laid Plans+1","Strike_G+1","Corpse Explosion"],"score":872,"play_id":"0f3d2278-4f53-45dd-882f-bbaf9ac2ebe3","local_time":"20210228023334","is_ascension_mode":true,"campfire_choices":[{"data":"Acrobatics","floor":7,"key":"SMITH"},{"floor":15,"key":"REST"},{"floor":23,"key":"REST"},{"data":"Catalyst","floor":25,"key":"SMITH"},{"data":"Tactician","floor":28,"key":"SMITH"},{"floor":32,"key":"REST"},{"floor":40,"key":"REST"},{"data":"Catalyst","floor":42,"key":"SMITH"},{"data":"Adrenaline","floor":45,"key":"SMITH"},{"data":"Adrenaline","floor":49,"key":"SMITH"}],"circlet_count":0,"master_deck":["Defend_G+1","Defend_G+1","Survivor","Neutralize","Footwork","Calculated Gamble","Violence+1","Heel Hook+1","Flying Knee+1","Blade Dance","Acrobatics+1","Escape Plan","Tactician","Catalyst+1","Poisoned Stab+1","Adrenaline+1","Outmaneuver","Poisoned Stab+1","Envenom+1","Infinite Blades+1","Infinite Blades+1","Terror","Poisoned Stab+1","Tactician+1","Finisher+1","Backflip","Catalyst+1","Magnetism+1","Burst","Outmaneuver+1","Endless Agony+1","Deflect+1","Adrenaline+1","Poisoned Stab+1","Deadly Poison+1","Noxious Fumes+1","Night Terror","Calculated Gamble"],"relics":["Ring of the Snake","Lee\u0027s Waffle","Frozen Egg 2","Molten Egg 2","Nunchaku","TwistedFunnel","Gremlin Horn","Bottled Lightning","Whetstone","War Paint","Odd Mushroom","Anchor","Snake Skull","SlaversCollar","Orrery","Sundial","CaptainsWheel","Nilry\u0027s Codex","Question Card","Pantograph","Boot","Membership Card","Juzu Bracelet","PreservedInsect","Busted Crown","Mango","Bag of Preparation","Dream Catcher","Tingsha","MealTicket","HandDrill","FossilizedHelix","Pen Nib","Cauldron"],"acts_visited":["Exordium","TheCity","TheBeyond"],"potions_floor_usage":[6,6,16,29,33,33,50],"damage_taken":[{"damage":7,"enemies":"Jaw Worm","floor":1,"turns":7},{"damage":0,"enemies":"Cultist","floor":3,"turns":4},{"damage":1,"enemies":"Small Slimes","floor":5,"turns":4},{"damage":30,"enemies":"Gremlin Nob","floor":6,"turns":5},{"damage":10,"enemies":"3 Sentries","floor":10,"turns":7},{"damage":0,"enemies":"The Mushroom Lair","floor":11,"turns":2},{"damage":6,"enemies":"Hexaghost","floor":16,"turns":6},{"damage":5,"enemies":"Spheric Guardian","floor":18,"turns":5},{"damage":8,"enemies":"Shell Parasite","floor":21,"turns":4},{"damage":26,"enemies":"Slavers","floor":29,"turns":3},{"damage":19,"enemies":"Collector","floor":33,"turns":4},{"damage":11,"enemies":"3 Shapes","floor":35,"turns":3},{"damage":1,"enemies":"Orb Walker","floor":37,"turns":2},{"damage":20,"enemies":"2 Orb Walkers","floor":38,"turns":4},{"damage":10,"enemies":"Maw","floor":39,"turns":4},{"damage":0,"enemies":"Writhing Mass","floor":41,"turns":2},{"damage":0,"enemies":"3 Darklings","floor":47,"turns":2},{"damage":15,"enemies":"Time Eater","floor":50,"turns":4}],"seed_played":"-6298907424232449455","potions_obtained":[{"floor":1,"key":"AttackPotion"},{"floor":6,"key":"FairyPotion"},{"floor":18,"key":"AttackPotion"},{"floor":21,"key":"LiquidMemories"},{"floor":39,"key":"SneckoOil"},{"floor":48,"key":"CunningPotion"},{"floor":48,"key":"LiquidMemories"}],"is_trial":false,"path_per_floor":["M","$","M","?","M","E","R","$","T","E","?","?","T","?","R","B",null,"M","?","$","M","?","R","?","R","T","?","R","E","$","?","R","B",null,"M","?","M","?","M","R","M","R","T","T","R","$","M","$","R","B",null],"character_chosen":"THE_SILENT","items_purchased":["Calculated Gamble","Violence","Heel Hook","Lee\u0027s Waffle","Frozen Egg 2","Molten Egg 2","Swift Potion","Dexterity Potion","Well Laid Plans+1","DistilledChaos","TwistedFunnel","Escape Plan","Tactician","Gremlin Horn","Bottled Lightning","Dexterity Potion","Orrery","Sundial","CaptainsWheel","Infinite Blades+1","Terror","Poisoned Stab+1","Tactician","Membership Card","Juzu Bracelet","PreservedInsect","Catalyst","Magnetism+1","Weak Potion","Adrenaline","Tingsha","MealTicket","HandDrill","Swift Potion","Poisoned Stab+1","Noxious Fumes+1","Night Terror","Calculated Gamble","FossilizedHelix","Pen Nib","Cauldron"],"campfire_rested":4,"item_purchase_floors":[2,2,2,2,2,2,2,2,2,2,8,8,8,8,8,8,20,20,20,20,20,20,20,30,30,30,30,30,30,46,46,46,46,46,46,48,48,48,48,48,48],"current_hp_per_floor":[42,77,77,77,76,46,46,46,46,36,36,41,41,34,58,52,82,77,61,61,53,37,63,63,63,63,63,63,37,37,37,63,68,87,76,76,75,69,59,89,89,89,89,89,89,89,89,101,101,86],"gold":5487,"neow_bonus":"REMOVE_TWO","is_daily":false,"chose_seed":false,"campfire_upgraded":6,"win_rate":0.0,"timestamp":1614447214,"path_taken":["M","$","M","?","?","E","R","$","T","E","?","?","?","?","R","BOSS","M","?","$","M","?","R","?","R","T","?","R","E","$","?","R","BOSS","M","?","M","?","M","R","M","R","T","?","R","$","M","$","R","BOSS"],"items_purchased_type":["Card","Card","Card","Relic","Relic","Relic","Potion","Potion","Card","Potion","Relic","Card","Card","Relic","Relic","Potion","Relic","Relic","Relic","Card","Card","Card","Card","Relic","Relic","Relic","Card","Card","Potion","Card","Relic","Relic","Relic","Potion","Card","Card","Card","Card","Relic","Relic","Relic"],"build_version":"2020-12-22","purchased_purges":6,"victory":true,"max_hp_per_floor":[70,77,77,77,77,77,77,77,77,77,77,82,82,82,82,82,82,82,87,87,87,87,87,87,87,87,87,87,87,87,87,87,87,87,87,87,87,101,101,101,101,101,101,101,101,101,101,101,101,101],"card_choices":[{"not_picked":["Noxious Fumes","Crippling Poison"],"picked":"Footwork","floor":1},{"not_picked":["Predator+1","Choke+1"],"picked":"Flying Knee+1","floor":3},{"not_picked":["Dash+1","Deflect"],"picked":"Blade Dance","floor":5},{"not_picked":["Riddle With Holes+1","Blur"],"picked":"Acrobatics","floor":6},{"not_picked":["Well Laid Plans+1","Blur"],"picked":"Catalyst","floor":10},{"not_picked":["All Out Attack+1","Reflex"],"picked":"Poisoned Stab+1","floor":11},{"not_picked":["Malaise","Die Die Die+1"],"picked":"Adrenaline","floor":16},{"not_picked":["Skewer+1","Caltrops+1"],"picked":"Outmaneuver","floor":18},{"not_picked":["Slice+1","Well Laid Plans+1"],"picked":"Poisoned Stab+1","floor":20},{"not_picked":["Blade Dance","Leg Sweep"],"picked":"Envenom+1","floor":20},{"not_picked":["Acrobatics","Prepared"],"picked":"Corpse Explosion","floor":20},{"not_picked":["Backflip+1","Blade Dance"],"picked":"Infinite Blades+1","floor":20},{"not_picked":["Distraction+1","Prepared"],"picked":"Finisher+1","floor":21},{"not_picked":["Riddle With Holes+1","Poisoned Stab+1","Masterful Stab+1"],"picked":"Backflip","floor":29},{"not_picked":["Doppelganger","Wraith Form v2+1","Night Terror"],"picked":"Burst","floor":33},{"not_picked":["Sucker Punch+1","Underhanded Strike+1"],"picked":"SKIP","floor":35},{"not_picked":["PiercingWail"],"picked":"Outmaneuver+1","floor":37},{"not_picked":["Escape Plan+1"],"picked":"Endless Agony+1","floor":38},{"not_picked":["Sucker Punch+1","Flying Knee+1"],"picked":"SKIP","floor":39},{"not_picked":["Slice+1"],"picked":"Deflect+1","floor":41},{"not_picked":["Bane+1"],"picked":"Deadly Poison+1","floor":47}],"player_experience":21420,"relics_obtained":[{"floor":6,"key":"Nunchaku"},{"floor":9,"key":"Whetstone"},{"floor":10,"key":"War Paint"},{"floor":11,"key":"Odd Mushroom"},{"floor":13,"key":"Anchor"},{"floor":22,"key":"Nilry\u0027s Codex"},{"floor":26,"key":"Question Card"},{"floor":29,"key":"Boot"},{"floor":38,"key":"Mango"},{"floor":43,"key":"Bag of Preparation"},{"floor":44,"key":"Dream Catcher"}],"event_choices":[{"cards_removed":["Defend_G"],"damage_healed":0,"gold_gain":0,"player_choice":"Purged","damage_taken":0,"max_hp_gain":0,"max_hp_loss":0,"event_name":"Purifier","floor":4,"gold_loss":0},{"damage_healed":0,"gold_gain":0,"player_choice":"Fought Mushrooms","damage_taken":0,"max_hp_gain":0,"max_hp_loss":0,"event_name":"Mushrooms","floor":11,"gold_loss":0},{"damage_healed":0,"gold_gain":0,"player_choice":"Donut","damage_taken":0,"max_hp_gain":5,"max_hp_loss":0,"event_name":"Big Fish","floor":12,"gold_loss":0},{"damage_healed":0,"gold_gain":0,"player_choice":"Success","damage_taken":7,"relics_obtained":["Snake Skull"],"max_hp_gain":0,"max_hp_loss":0,"event_name":"Scrap Ooze","floor":14,"gold_loss":0},{"damage_healed":0,"gold_gain":0,"player_choice":"Shed Blood","damage_taken":21,"max_hp_gain":5,"max_hp_loss":0,"event_name":"Forgotten Altar","floor":19,"gold_loss":0},{"damage_healed":0,"gold_gain":0,"player_choice":"Obtained Book","damage_taken":16,"max_hp_gain":0,"max_hp_loss":0,"event_name":"Cursed Tome","floor":22,"gold_loss":0},{"damage_healed":0,"gold_gain":0,"player_choice":"Ignored","damage_taken":0,"max_hp_gain":0,"max_hp_loss":0,"event_name":"Ghosts","floor":24,"gold_loss":0},{"damage_healed":0,"gold_gain":0,"player_choice":"Obtained Relic","damage_taken":0,"relics_obtained":["Pantograph"],"max_hp_gain":0,"max_hp_loss":0,"event_name":"Addict","floor":27,"gold_loss":85},{"damage_healed":0,"gold_gain":0,"player_choice":"Ignored","damage_taken":0,"max_hp_gain":0,"max_hp_loss":0,"event_name":"Golden Shrine","floor":31,"gold_loss":0},{"cards_removed":["Strike_G"],"damage_healed":0,"gold_gain":0,"player_choice":"Upgrade and Remove","damage_taken":0,"max_hp_gain":0,"max_hp_loss":0,"event_name":"Designer","floor":36,"gold_loss":90,"cards_upgraded":["Defend_G"]},{"damage_healed":0,"gold_gain":0,"player_choice":"Fight","damage_taken":0,"max_hp_gain":0,"max_hp_loss":0,"event_name":"Mysterious Sphere","floor":38,"gold_loss":0}],"is_beta":false,"boss_relics":[{"not_picked":["HoveringKite","Sozu"],"picked":"SlaversCollar"},{"not_picked":["WristBlade","Astrolabe"],"picked":"Busted Crown"}],"items_purged_floors":[2,8,20,30,46,48],"is_endless":false,"potions_floor_spawned":[1,6,10,18,21,39],"ascension_level":1}}