{"host":"q1cl5mae7jbr0qcs","time":1614411411,"event":{"mods":["Act Like it!","Aspiration","BaseMod","Dota2Spire","Minty Spire (QoL Compilation)","MostiFishMod","StSLib","TestMod","The Gatherer","The Runesmith","【功能Mod】聪明的最终Boss"],"gold_per_floor":[-1288,-1269,-1253,-1253,15,40,63,63,63,81,97,97,123,142,142,242,242,259,278,293,833,844,844,861,878,878,894,924,943,975,987,987,1088,1088,1099,1115,1125,1135,1135,1168,946,978,978,997,672,722,741,761,761,761,761,761,40,70,70],"floor_reached":56,"language":"ZHS","playtime":3118,"items_purged":["Runesmith:Strike_RS","Runesmith:PerfectChisel+1","Runesmith:Strike_RS"],"score":1671,"play_id":"89259367-2ed5-493b-a75a-5e5e669e41de","local_time":"20210227153651","is_ascension_mode":false,"campfire_choices":[{"data":"Runesmith:Grindstone","floor":8,"key":"SMITH"},{"data":"Runesmith:Reinforce","floor":12,"key":"SMITH"},{"data":"Runesmith:Accelerate","floor":15,"key":"SMITH"},{"data":"Runesmith:Reinforce","floor":23,"key":"SMITH"},{"floor":32,"key":"RECALL"},{"data":"Deep Breath","floor":49,"key":"SMITH"},{"data":"Runesmith:BackupBattery","floor":52,"key":"SMITH"}],"circlet_count":0,"master_deck":["Runesmith:Strike_RS","Runesmith:Defend_RS","Runesmith:Defend_RS","Runesmith:Defend_RS","Runesmith:Defend_RS+1","Runesmith:CraftFirestone","Runesmith:Fortify+1","Runesmith:UnstableHammer","Runesmith:PoweredAnvil","Runesmith:Grindstone+1","Runesmith:FissionHammer","Runesmith:BackupBattery+1","Runesmith:Repurpose","Runesmith:Reinforce+1","Runesmith:Accelerate+1","Runesmith:LightningRod","Runesmith:Reinforce+1","Runesmith:GoWithTheFlow","Runesmith:LithiumIon+1","Runesmith:CraftMagma","Runesmith:Accelerate+1","Runesmith:UnlimitedPower+1","Runesmith:CraftPrismatica","Runesmith:Permafrost","Runesmith:Accelerate","Deep Breath+1","Runesmith:Attraction+1","Runesmith:BackupBattery+1","Deep Breath+1","Runesmith:CreatorForm"],"relics":["Runesmith:CoreCrystal","DaveBox","testmod-TestBox","testmod-NegativeEmotionEnhancer","SynthV:MejaisSoulstealer","SynthV:TestCard","Dota2Spire:PowerTreads","Odd Mushroom","PreservedInsect","War Paint","RhineCircuit","Dota2Spire:AssaultCuirass","Mango","StrikeDummy","Mercury Hourglass","Dota2Spire:UrnOfShadows","Bag of Marbles","Oddly Smooth Stone","Runesmith:MiniCore","DollysMirror","Pantograph","testmod-AssaultLearning"],"acts_visited":["Exordium","TheCity","TheBeyond","TheEnding"],"potions_floor_usage":[16,16,22,25,37,40,55,55],"damage_taken":[{"damage":0.0,"enemies":"2 Louse","floor":1.0,"turns":3.0},{"damage":0,"enemies":"Cultist","floor":2,"turns":3},{"damage":5,"enemies":"Small Slimes","floor":3,"turns":3},{"damage":0,"enemies":"Looter","floor":5,"turns":3},{"damage":0,"enemies":"Lagavulin","floor":6,"turns":5},{"damage":0,"enemies":"The Mushroom Lair","floor":7,"turns":2},{"damage":0,"enemies":"Exordium Wildlife","floor":10,"turns":3},{"damage":0,"enemies":"2 Fungi Beasts","floor":11,"turns":3},{"damage":0,"enemies":"3 Sentries","floor":13,"turns":1},{"damage":0,"enemies":"3 Louse","floor":14,"turns":2},{"damage":0,"enemies":"Hexaghost","floor":16,"turns":6},{"damage":0,"enemies":"Chosen","floor":18,"turns":3},{"damage":0,"enemies":"Shell Parasite","floor":19,"turns":2},{"damage":0,"enemies":"Snecko","floor":20,"turns":4},{"damage":6,"enemies":"Shelled Parasite and Fungi","floor":22,"turns":6},{"damage":0,"enemies":"Chosen and Byrds","floor":24,"turns":4},{"damage":0,"enemies":"Centurion and Healer","floor":25,"turns":4},{"damage":1,"enemies":"Shelled Parasite and Fungi","floor":27,"turns":3},{"damage":0,"enemies":"Gremlin Leader","floor":28,"turns":3},{"damage":7,"enemies":"Snecko","floor":29,"turns":3},{"damage":0,"enemies":"Book of Stabbing","floor":30,"turns":3},{"damage":0,"enemies":"Chosen and Byrds","floor":31,"turns":5},{"damage":0,"enemies":"Collector","floor":33,"turns":6},{"damage":0,"enemies":"Orb Walker","floor":35,"turns":3},{"damage":0,"enemies":"3 Shapes","floor":36,"turns":2},{"damage":11,"enemies":"3 Darklings","floor":37,"turns":5},{"damage":0,"enemies":"Transient","floor":38,"turns":5},{"damage":0,"enemies":"Reptomancer","floor":40,"turns":5},{"damage":0,"enemies":"Nemesis","floor":42,"turns":5},{"damage":0,"enemies":"Jaw Worm Horde","floor":44,"turns":3},{"damage":0,"enemies":"Spire Growth","floor":47,"turns":5},{"damage":0,"enemies":"Transient","floor":48,"turns":5},{"damage":0,"enemies":"Awakened One","floor":50,"turns":6},{"damage":3,"enemies":"Shield and Spear","floor":54,"turns":4},{"damage":0,"enemies":"The Heart","floor":55,"turns":8}],"seed_played":"7885324239151507023","potions_obtained":[{"floor":5,"key":"SpeedPotion"},{"floor":7,"key":"Block Potion"},{"floor":13,"key":"Block Potion"},{"floor":16,"key":"Weak Potion"},{"floor":19,"key":"Strength Potion"},{"floor":22,"key":"FearPotion"},{"floor":24,"key":"Fruit Juice"},{"floor":29,"key":"PowerPotion"},{"floor":33,"key":"Swift Potion"},{"floor":37,"key":"Fire Potion"},{"floor":47,"key":"Dota2Spire:Clarity"}],"is_trial":false,"path_per_floor":["M","M","M","?","M","E","?","R","T","M","M","R","E","M","R","B",null,"M","M","M","?","M","R","M","M","T","M","E","M","E","M","R","B",null,"M","M","M","M","?","E","$","E","T","M","$","?","M","M","R","B",null,"R","$","E","B",null],"character_chosen":"RUNESMITH_CLASS","items_purchased":["Dota2Spire:UrnOfShadows","Oddly Smooth Stone","GamblersBrew","Runesmith:MiniCore","DollysMirror","Pantograph","Swift Potion"],"campfire_rested":0,"item_purchase_floors":[41,45,45,53,53,53,53],"current_hp_per_floor":[71,72,69,73,74,75,76,76,76,77,78,78,79,80,80,81,81,82,83,84,27,24,24,27,35,35,37,57,52,54,57,57,63,112,113,114,110,112,102,109,109,111,111,115,115,120,122,124,124,127,127,127,127,127,129],"gold":70,"neow_bonus":"REMOVE_CARD","is_daily":false,"chose_seed":false,"campfire_upgraded":6,"win_rate":0.0,"timestamp":1614411411,"path_taken":["M","M","M","?","?","E","?","R","T","M","M","R","E","M","R","BOSS","M","M","M","?","M","R","M","?","T","M","E","M","E","M","R","BOSS","M","M","?","M","?","E","$","E","T","M","$","?","M","M","R","BOSS","R","$","E","BOSS"],"items_purchased_type":["Relic","Relic","Potion","Relic","Relic","Relic","Potion"],"build_version":"2020-12-22","purchased_purges":3,"victory":true,"max_hp_per_floor":[71,72,73,73,74,75,76,76,76,77,78,78,79,80,80,81,81,82,83,84,84,85,85,86,92,92,93,108,109,110,111,111,112,112,113,114,115,116,116,117,117,118,118,119,119,124,125,126,126,127,127,127,127,128,129],"card_choices":[{"not_picked":["Runesmith:StaticCage","Runesmith:Terraform"],"picked":"Runesmith:UnstableHammer","floor":1.0},{"not_picked":["Runesmith:FieryHammer","Runesmith:HeatExchange","Runesmith:BackupBattery","Runesmith:Overpower"],"picked":"Runesmith:PoweredAnvil","floor":2},{"not_picked":["Runesmith:Firestorm","Runesmith:EnergizedChisel","Runesmith:ShiftingStrike","Runesmith:UnstableHammer"],"picked":"Runesmith:Grindstone","floor":3},{"not_picked":["Runesmith:Repurpose","Runesmith:EarthShield","Runesmith:HeatedChisel","Runesmith:BackupBattery"],"picked":"Runesmith:FissionHammer","floor":5},{"not_picked":["Runesmith:DoubleUp","Runesmith:NegativeSpace","Runesmith:PoweredAnvil","Runesmith:Overpower","Runesmith:ShiftingStrike"],"picked":"SKIP","floor":6},{"not_picked":["Runesmith:PoweredAnvil","Runesmith:Terraform","Runesmith:CraftMagma","Runesmith:ShiftingStrike"],"picked":"Runesmith:BackupBattery","floor":7},{"not_picked":["Runesmith:HammerThrow","Runesmith:CraftProtectio","Runesmith:ChiselStab","Runesmith:Overpower"],"picked":"Runesmith:Repurpose","floor":10},{"not_picked":["Runesmith:ChargedHammer","Runesmith:RuneHurl","Runesmith:Discharge","Runesmith:EarthShield"],"picked":"Runesmith:Reinforce","floor":11},{"not_picked":["Runesmith:Repurpose","Runesmith:Overpower","Runesmith:PerfectChisel","Runesmith:EnergizedChisel","Runesmith:WhiteBalance"],"picked":"SKIP","floor":13},{"not_picked":["Runesmith:Grindstone","Runesmith:FrozenChisel","Runesmith:ShiftingStrike","Runesmith:MakeshiftArmor"],"picked":"Runesmith:Accelerate","floor":14},{"not_picked":["Runesmith:ReplicatingBarrier","Runesmith:GenerateForcefield","Runesmith:CraftMedicinae","Runesmith:LastStand"],"picked":"Runesmith:LightningRod","floor":16},{"not_picked":["Runesmith:StaticCage+1","Runesmith:NegativeSpace","Runesmith:CraftSpiculum","Runesmith:UnstableHammer"],"picked":"Runesmith:PerfectChisel+1","floor":18},{"not_picked":["Runesmith:Repurpose","Runesmith:UnstableHammer","Runesmith:CraftMedicinae","Runesmith:CraftProtectio+1"],"picked":"Runesmith:Reinforce","floor":19},{"not_picked":["Runesmith:CraftProtectio","Runesmith:EarthShield","Runesmith:Augment+1","Runesmith:CraftSpiculum+1"],"picked":"Runesmith:GoWithTheFlow","floor":20},{"not_picked":["Runesmith:CraftMagma+1","Runesmith:Discharge+1","Runesmith:GenerateForcefield","Runesmith:HammerAndChisel+1"],"picked":"Runesmith:LithiumIon+1","floor":22},{"not_picked":["Runesmith:EarthShield","Runesmith:MakeshiftArmor+1","Runesmith:CraftProtectio","Runesmith:StaticCage","Runesmith:CraftVitae"],"picked":"SKIP","floor":24},{"not_picked":["Runesmith:Terraform+1","Runesmith:Malloc+1","Runesmith:OneForEveryone","Runesmith:RuneHurl"],"picked":"Runesmith:CraftMagma","floor":25},{"not_picked":["Runesmith:Repurpose","Runesmith:ReplicatingBarrier","Runesmith:Electrocute","Runesmith:Overpower"],"picked":"Runesmith:Accelerate+1","floor":27},{"not_picked":["Runesmith:UnstableHammer","Runesmith:Overpower","Runesmith:Repurpose","Runesmith:GoWithTheFlow+1"],"picked":"Runesmith:UnlimitedPower","floor":28},{"not_picked":["Runesmith:Grindstone+1","Runesmith:BackupBattery+1","Runesmith:StaticCage","Runesmith:Repurpose+1","Runesmith:RuneHurl"],"picked":"SKIP","floor":29},{"not_picked":["Runesmith:HeatExchange","Runesmith:HammerThrow","Runesmith:Repurpose","Runesmith:StaticCage","aspiration:UnbridledHammer+1"],"picked":"SKIP","floor":30},{"not_picked":["Runesmith:HeatedChisel","Runesmith:WhiteBalance+1","Runesmith:CraftMagma+1","Runesmith:ShiftingStrike","Runesmith:Superposition"],"picked":"SKIP","floor":31},{"not_picked":["Runesmith:CreatorForm","Runesmith:LastStand","Runesmith:Duplicate","Runesmith:DuctTape"],"picked":"Runesmith:CraftPrismatica","floor":33},{"not_picked":["Runesmith:CraftMagma+1","Runesmith:Grindstone","Runesmith:Overpower+1","Runesmith:LithiumIon","aspiration:UnbridledHammer+1"],"picked":"SKIP","floor":35},{"not_picked":["Runesmith:CraftIncendium+1","Runesmith:HammerThrow","Runesmith:WhiteBalance+1","Runesmith:Retool"],"picked":"Runesmith:Permafrost","floor":36},{"not_picked":["Runesmith:RuneHurl+1","Runesmith:CraftObretio","Runesmith:EnergizedChisel","Runesmith:HammerThrow+1"],"picked":"Runesmith:Accelerate","floor":37},{"not_picked":["Runesmith:ShiftingStrike","Runesmith:ChiselStab","Runesmith:Firestorm+1","Runesmith:EarthShield+1","Runesmith:BackupBattery"],"picked":"SKIP","floor":38},{"not_picked":["Blind","testmod-Automaton","testmod-WeaknessCounterattack","testmod-BackupPower"],"picked":"Deep Breath","floor":39},{"not_picked":["Runesmith:RuneHurl+1","Runesmith:MakeshiftArmor+1","Runesmith:Duplicate","Runesmith:UnstableHammer","Runesmith:ShiftingStrike+1"],"picked":"SKIP","floor":40},{"not_picked":["Runesmith:RunicBlueprint+1","Runesmith:HammerThrow","Runesmith:WhiteBalance","Runesmith:CraftMagma+1","Runesmith:Grindstone+1"],"picked":"SKIP","floor":42},{"not_picked":["Runesmith:HammerThrow","Runesmith:Discharge","Runesmith:CraftProtectio","Runesmith:RuneHurl+1"],"picked":"Runesmith:Attraction+1","floor":44},{"not_picked":["Runesmith:HeatedChisel+1","Runesmith:CraftProtectio","Runesmith:ChiselStab+1","Runesmith:UnstableHammer","Runesmith:RuneHurl"],"picked":"SKIP","floor":47},{"not_picked":["Runesmith:Overpower+1","Runesmith:Attraction","Runesmith:ShiftingStrike","Runesmith:Electrocute+1"],"picked":"Runesmith:BackupBattery+1","floor":48},{"not_picked":["Runesmith:NegativeSpace","Runesmith:Overpower","Runesmith:ChiselStab+1","Runesmith:HeatExchange"],"picked":"Runesmith:CreatorForm","floor":54}],"player_experience":585611,"relics_obtained":[{"floor":1.0,"key":"SynthV:TestCard"},{"floor":6,"key":"Dota2Spire:PowerTreads"},{"floor":7,"key":"Odd Mushroom"},{"floor":9,"key":"PreservedInsect"},{"floor":13,"key":"War Paint"},{"floor":26,"key":"Dota2Spire:AssaultCuirass"},{"floor":28,"key":"Mango"},{"floor":30,"key":"StrikeDummy"},{"floor":40,"key":"Mercury Hourglass"},{"floor":42,"key":"Bag of Marbles"},{"floor":54,"key":"testmod-AssaultLearning"}],"event_choices":[{"damage_healed":4,"gold_gain":0,"player_choice":"Full Heal","damage_taken":0,"max_hp_gain":0,"max_hp_loss":0,"event_name":"Wheel of Change","floor":4,"gold_loss":0},{"damage_healed":0,"gold_gain":0,"player_choice":"Fought Mushrooms","damage_taken":0,"max_hp_gain":0,"max_hp_loss":0,"event_name":"Mushrooms","floor":7,"gold_loss":0},{"damage_healed":0,"gold_gain":540,"player_choice":"GOLD GOLD GOLD GOLD GOLD GOLD ","damage_taken":57,"max_hp_gain":0,"max_hp_loss":0,"event_name":"Knowing Skull","floor":21,"potions_obtained":[],"gold_loss":0,"cards_obtained":[]},{"damage_healed":0,"gold_gain":0,"player_choice":"Memory 3","damage_taken":10,"max_hp_gain":0,"max_hp_loss":0,"event_name":"SensoryStone","floor":39,"gold_loss":0},{"damage_healed":0,"gold_gain":0,"player_choice":"Swap Relic","damage_taken":0,"relics_obtained":["Tiny House"],"max_hp_gain":0,"max_hp_loss":0,"event_name":"给自己的盒子","floor":46,"relics_lost":["Tiny House"],"gold_loss":0}],"is_beta":false,"boss_relics":[{"not_picked":["Snecko Eye","testmod-SaigiyounoYou"],"picked":"RhineCircuit"},{"not_picked":["Dota2Spire:Bloodstone","testmod-EnergyCheck"],"picked":"Runesmith:CoreCrystal"}],"items_purged_floors":[41,45,53],"is_endless":false,"potions_floor_spawned":[5,7,13,16,19,22,24,29,33,36,37,47,48,54],"ascension_level":0}}