{"host":"sr8h12zimc8zi8zs","time":1614439755,"event":{"mods":["2.2 Compatiblity","AchievementEnabler","BaseMod","CapriCore","Colored Map","GifTheSpireLib","GungeonMod","Minty Spire (QoL Compilation)","Permanent Neow","StSLib","The Jungle"],"gold_per_floor":[15,15,32,51,51,51,51,66,137,19,38,67,86,96,96,201,201,214,224,236,236,250,250,250,250,250,250,272,295,311,329,355,355,355,451,451,473,473,491,504,525,525,555,555,604,604,621,621,647,665,665,665,665,665,665,696,696],"floor_reached":58,"language":"KOR","playtime":5390,"items_purged":[],"score":1104,"play_id":"333588aa-587e-4788-aafe-ca447aa9e7c7","local_time":"20210228002915","is_ascension_mode":false,"campfire_choices":[{"floor":6,"key":"RECALL"},{"data":"DemoMod:HardPowerCard","floor":15,"key":"SMITH"},{"data":"DemoMod:Slinger","floor":23,"key":"SMITH"},{"data":"DemoMod:GunShield","floor":25,"key":"SMITH"},{"data":"DemoMod:FastSwitch","floor":27,"key":"SMITH"},{"data":"DemoMod:ShadowBullets","floor":33,"key":"SMITH"},{"data":"DemoMod:Elimentaler","floor":42,"key":"SMITH"},{"data":"DemoMod:GunslingerForm","floor":44,"key":"SMITH"},{"data":"DemoMod:FastSwitch","floor":46,"key":"SMITH"},{"floor":51,"key":"REST"},{"data":"DemoMod:SAA","floor":54,"key":"SMITH"}],"circlet_count":0,"master_deck":["DemoMod:Strike_Huntress","DemoMod:Defend_Huntress","DemoMod:Defend_Huntress","DemoMod:Defend_Huntress","DemoMod:Defend_Huntress","DemoMod:Roll","DemoMod:ManualReload+1","DemoMod:RustySidearm","DemoMod:CrossBow","DemoMod:AbyssalTentacle","DemoMod:SAA+1","DemoMod:Eureka","DemoMod:TeaPot","DemoMod:Polaris","DemoMod:FastSwitch+1","DemoMod:FastSwitch+1","DemoMod:GunShield+1","DemoMod:BalloonGun","DemoMod:HardPowerCard+1","DemoMod:Slinger+1","DemoMod:SkilledReload+1","DemoMod:HuntsMan","DemoMod:FortunesFavor+1","DemoMod:GunslingerForm+1","DemoMod:ShadowBullets+1","DemoMod:AWP+1","DemoMod:Elimentaler+1","DemoMod:Gungine","Pain","DemoMod:CursedBullets+1","DemoMod:HardPowerCard","DemoMod:PotionOfGunFriendShip","Clumsy","DemoMod:AC15+1"],"relics":["DemoMod:Dog","Meat on the Bone","Calipers","DemoMod:SerJunkan","Cursed Key","DemoMod:RatBoots","DemoMod:ResourcefulSack","DemoMod:PartiallyEatenCheese","Busted Crown","DemoMod:WhiteGuonStone","DemoMod:Junk","DemoMod:GlassGuonStoneRelic"],"acts_visited":["Exordium","TheCity","TheCity","TheBeyond","TheEnding"],"potions_floor_usage":[10,12,40,52,57],"damage_taken":[{"damage":0,"enemies":"Jaw Worm","floor":1,"turns":4},{"damage":0,"enemies":"Cultist","floor":3,"turns":3},{"damage":1,"enemies":"2 Louse","floor":4,"turns":4},{"damage":7,"enemies":"Exordium Wildlife","floor":8,"turns":4},{"damage":0,"enemies":"Large Slime","floor":11,"turns":5},{"damage":4,"enemies":"3 Sentries","floor":12,"turns":6},{"damage":15,"enemies":"2 Fungi Beasts","floor":13,"turns":4},{"damage":0,"enemies":"Blue Slaver","floor":14,"turns":3},{"damage":0,"enemies":"Slime Boss","floor":16,"turns":6},{"damage":0,"enemies":"3 Byrds","floor":18,"turns":4},{"damage":0,"enemies":"Shell Parasite","floor":19,"turns":3},{"damage":0,"enemies":"Snake Plant","floor":20,"turns":4},{"damage":0,"enemies":"3 Cultists","floor":22,"turns":4},{"damage":0,"enemies":"DemoMod:4_Bullet_Kins_with_one_veteran","floor":28,"turns":4},{"damage":0,"enemies":"DemoMod:4_Bullet_Kins","floor":29,"turns":5},{"damage":0,"enemies":"DemoMod:Red_and_blue_shotgun_kin_with_gunsinger","floor":30,"turns":3},{"damage":0,"enemies":"DemoMod:Veteran_shot_gun_kin_and_red_shotgun_kin_with_gunsinger","floor":31,"turns":3},{"damage":12,"enemies":"DemoMod:Veteran_shot_gun_kin_and_blue_shotgun_kin_with_gunsinger","floor":32,"turns":4},{"damage":9,"enemies":"DemoMod:ResourcefulRat","floor":34,"turns":12},{"damage":19,"enemies":"DemoMod:ResourcefulRat","floor":35,"turns":12},{"damage":0,"enemies":"3 Darklings","floor":37,"turns":3},{"damage":8,"enemies":"3 Shapes","floor":39,"turns":4},{"damage":0,"enemies":"Jaw Worm Horde","floor":40,"turns":4},{"damage":1,"enemies":"4 Shapes","floor":41,"turns":5},{"damage":16,"enemies":"Reptomancer","floor":43,"turns":6},{"damage":0,"enemies":"Transient","floor":47,"turns":1},{"damage":14,"enemies":"Nemesis","floor":49,"turns":5},{"damage":4,"enemies":"Maw","floor":50,"turns":6},{"damage":18,"enemies":"Awakened One","floor":52,"turns":12},{"damage":0,"enemies":"Shield and Spear","floor":56,"turns":6},{"damage":14,"enemies":"The Heart","floor":57,"turns":8}],"seed_played":"-2639121054974753930","potions_obtained":[{"floor":1,"key":"AttackPotion"},{"floor":2,"key":"FairyPotion"},{"floor":2,"key":"EntropicBrew"},{"floor":2,"key":"SmokeBomb"},{"floor":11,"key":"SkillPotion"},{"floor":14,"key":"SpeedPotion"},{"floor":37,"key":"FairyPotion"},{"floor":40,"key":"Fruit Juice"}],"is_trial":false,"path_per_floor":["M","?","M","M","?","R","T","M","T","$","M","E","M","M","R","B",null,"M","M","M","?","M","R","?","R","T","R","M","M","M","M","M","R","B","B",null,"M","$","M","M","M","R","E","R","T","R","M","$","E","M","R","B",null,"R","$","E","B",null],"character_chosen":"HUNTRESS","items_purchased":["DemoMod:GnawedKey","Calipers","DemoMod:Polaris","DemoMod:FastSwitch"],"campfire_rested":1,"item_purchase_floors":[10,10,10,10],"current_hp_per_floor":[70,70,70,69,69,69,69,62,62,62,62,58,43,43,43,43,70,70,70,70,70,70,70,70,70,70,70,70,70,70,70,58,58,49,42,70,70,70,62,67,66,66,50,50,50,50,50,50,48,44,66,48,75,75,75,75,61],"gold":696,"neow_bonus":"REMOVE_TWO","is_daily":false,"chose_seed":false,"campfire_upgraded":9,"win_rate":0.0,"timestamp":1614439755,"path_taken":["M","?","M","?","?","R","?","M","T","$","M","E","?","M","R","BOSS","M","M","M","?","M","R","?","R","T","R","M","M","M","M","M","R","BOSS","BOSS","M","$","M","M","M","R","E","R","T","R","M","$","E","M","R","BOSS","R","$","E","BOSS"],"items_purchased_type":["Relic","Relic","Card","Card"],"build_version":"2020-12-22","purchased_purges":0,"victory":true,"max_hp_per_floor":[70,70,70,70,70,70,70,70,70,70,70,70,70,70,70,70,70,70,70,70,70,70,70,70,70,70,70,70,70,70,70,70,70,70,70,70,70,70,70,75,75,75,75,75,75,75,75,75,75,75,75,75,75,75,75,75,75],"card_choices":[{"not_picked":["DemoMod:DoubleSwitch","DemoMod:Unmoved"],"picked":"DemoMod:AbyssalTentacle","floor":1},{"not_picked":["DemoMod:BoxingGlove","DemoMod:ProbeStrike"],"picked":"DemoMod:SAA","floor":1},{"not_picked":["DemoMod:MachoBrace","DemoMod:BattleInHaste"],"picked":"DemoMod:Eureka","floor":3},{"not_picked":["DemoMod:BattleInHaste","DemoMod:JK47"],"picked":"DemoMod:TeaPot","floor":4},{"not_picked":["DemoMod:SAA","DemoMod:AC15","DemoMod:ChanceBullets"],"picked":"SKIP","floor":8},{"not_picked":["DemoMod:MachoBrace","DemoMod:CursedBullets"],"picked":"DemoMod:FastSwitch","floor":11},{"not_picked":["DemoMod:ConditionalReflex","DemoMod:ProbeStrike"],"picked":"DemoMod:GunShield","floor":12},{"not_picked":["DemoMod:Unmoved","DemoMod:BoxingGlove"],"picked":"DemoMod:BalloonGun","floor":13},{"not_picked":["DemoMod:HighKaliber","DemoMod:DoubleSwitch"],"picked":"DemoMod:HardPowerCard","floor":14},{"not_picked":["DemoMod:BalloonGun","DemoMod:Eureka"],"picked":"DemoMod:Slinger","floor":16},{"not_picked":["DemoMod:AC15+1","DemoMod:Unmoved","DemoMod:JK47"],"picked":"SKIP","floor":18},{"not_picked":["DemoMod:ConditionalReflex","DemoMod:MachoBrace"],"picked":"DemoMod:SkilledReload+1","floor":19},{"not_picked":["DemoMod:TeaPot","DemoMod:GunstockTap"],"picked":"DemoMod:HuntsMan","floor":20},{"not_picked":["DemoMod:JK47","DemoMod:TripleGun+1"],"picked":"DemoMod:FortunesFavor+1","floor":22},{"not_picked":["DemoMod:ConditionalReflex","DemoMod:FeignSurrender"],"picked":"DemoMod:GunslingerForm","floor":28},{"not_picked":["DemoMod:StickyCrossBow","DemoMod:AC15+1","DemoMod:BoxingGlove+1"],"picked":"SKIP","floor":29},{"not_picked":["DemoMod:SAA","DemoMod:BattleInHaste"],"picked":"DemoMod:ShadowBullets","floor":30},{"not_picked":["DemoMod:TeaPot+1","DemoMod:Unmoved"],"picked":"DemoMod:AWP+1","floor":31},{"not_picked":["DemoMod:StickyCrossBow+1","DemoMod:TeaPot+1","DemoMod:AC15"],"picked":"SKIP","floor":32},{"not_picked":[],"picked":"DemoMod:Elimentaler","floor":35},{"not_picked":["DemoMod:ThirdPartyController","DemoMod:Desperate"],"picked":"DemoMod:Gungine","floor":35},{"not_picked":["DemoMod:ProbeStrike","DemoMod:Ejector+1"],"picked":"DemoMod:CursedBullets+1","floor":36},{"not_picked":[],"picked":"DemoMod:HardPowerCard","floor":37},{"not_picked":["DemoMod:DoubleSwitch"],"picked":"SKIP","floor":37},{"not_picked":["DemoMod:DirectionalPad"],"picked":"SKIP","floor":39},{"not_picked":["DemoMod:BoxingGlove"],"picked":"SKIP","floor":40},{"not_picked":["DemoMod:StickyCrossBow+1"],"picked":"SKIP","floor":41},{"not_picked":[],"picked":"DemoMod:PotionOfGunFriendShip","floor":43},{"not_picked":[],"picked":"DemoMod:AC15+1","floor":47},{"not_picked":["DemoMod:PotionOfGunFriendShip"],"picked":"SKIP","floor":49},{"not_picked":["DemoMod:MachoBrace"],"picked":"SKIP","floor":50},{"not_picked":["DemoMod:MachoBrace+1"],"picked":"SKIP","floor":56}],"player_experience":178515,"relics_obtained":[{"floor":7,"key":"Meat on the Bone"},{"floor":12,"key":"DemoMod:SerJunkan"},{"floor":36,"key":"DemoMod:RatBoots"},{"floor":36,"key":"DemoMod:ResourcefulSack"},{"floor":36,"key":"DemoMod:PartiallyEatenCheese"},{"floor":36,"key":"Busted Crown"},{"floor":43,"key":"DemoMod:WhiteGuonStone"},{"floor":45,"key":"DemoMod:Junk"},{"floor":49,"key":"DemoMod:Junk"},{"floor":56,"key":"DemoMod:Junk"}],"event_choices":[{"damage_healed":0,"gold_gain":0,"player_choice":"Got Potions","damage_taken":0,"max_hp_gain":0,"max_hp_loss":0,"event_name":"Lab","floor":2,"gold_loss":0},{"damage_healed":0,"gold_gain":0,"player_choice":"Grow","damage_taken":0,"max_hp_gain":0,"max_hp_loss":0,"event_name":"Living Wall","floor":5,"gold_loss":0,"cards_upgraded":["DemoMod:ManualReload"]},{"damage_healed":0,"gold_gain":0,"player_choice":"Ignored","damage_taken":0,"max_hp_gain":0,"max_hp_loss":0,"event_name":"Vampires","floor":21,"gold_loss":0}],"is_beta":false,"boss_relics":[{"not_picked":["SacredBark","Fusion Hammer"],"picked":"Cursed Key"},{"not_picked":[]}],"items_purged_floors":[],"is_endless":false,"potions_floor_spawned":[1,11,14,16,18,28,29,35,37,40,43,50,56],"ascension_level":0}}