{"host":"ypphcgdomtfqpc2w","time":1614430051,"event":{"mods":["BaseMod","DeckTracker","MarisaÅiñ∂âJÅ@ñÇóùçπÅj","Minty Spire (QoL Compilation)","Relic Stats","StSLib"],"gold_per_floor":[119,133,149,163,163,163,177,209,209,209,240,252,252,270,270,348,348,368,386,399,54,64,64,64,95,146,157,157,20,20,36,36,108,108,123,143,163,213,223,223,233,233,233,251,276,276,309,309,309,309,309,309,309,10,35,35,35],"floor_reached":56,"language":"ENG","playtime":6334,"items_purged":["Strike_G"],"score":1965,"play_id":"c2c6588d-f226-4611-853e-efb7aa1b826c","local_time":"20210227214731","is_ascension_mode":true,"campfire_choices":[{"data":"Skewer","floor":6.0,"key":"SMITH"},{"data":"Cloak And Dagger","floor":10.0,"key":"SMITH"},{"data":"Footwork","floor":13.0,"key":"SMITH"},{"data":"Well Laid Plans","floor":15.0,"key":"SMITH"},{"data":"Blade Dance","floor":23.0,"key":"SMITH"},{"floor":28.0,"key":"REST"},{"floor":32.0,"key":"REST"},{"data":"After Image","floor":40.0,"key":"SMITH"},{"data":"Calculated Gamble","floor":42.0,"key":"SMITH"},{"floor":46.0,"key":"RECALL"},{"data":"Neutralize","floor":49.0,"key":"SMITH"},{"data":"Prepared","floor":53.0,"key":"SMITH"}],"circlet_count":0,"master_deck":["AscendersBane","Strike_G","Strike_G","Strike_G","Defend_G","Defend_G","Defend_G","Defend_G","Survivor","Neutralize+1","Skewer+1","Blade Dance+1","Footwork+1","Calculated Gamble+1","Backflip","Cloak And Dagger+1","Endless Agony","Well Laid Plans+1","Dagger Spray","Doppelganger","Dash+1","Backflip","Finisher","Crippling Poison","RitualDagger","Accuracy","Dagger Throw+1","After Image+1","Venomology","Footwork+1","Dodge and Roll+1","Dagger Throw","Backflip","Prepared+1","After Image","Crippling Poison","After Image"],"relics":["Philosopher\u0027s Stone","The Courier","Bag of Marbles","Shuriken","Ice Cream","Empty Cage","White Beast Statue","Centennial Puzzle","Pen Nib","Happy Flower","Nloth\u0027s Gift","Runic Pyramid","Letter Opener","Lantern","Membership Card","Ornamental Fan"],"acts_visited":["Exordium","TheCity","TheBeyond","TheEnding"],"potions_floor_usage":[56,56],"damage_taken":[{"damage":2.0,"enemies":"Cultist","floor":1.0,"turns":6.0},{"damage":0.0,"enemies":"2 Louse","floor":2.0,"turns":4.0},{"damage":8.0,"enemies":"Jaw Worm","floor":3.0,"turns":4.0},{"damage":0.0,"enemies":"Lots of Slimes","floor":4.0,"turns":2.0},{"damage":22.0,"enemies":"Gremlin Gang","floor":7.0,"turns":6.0},{"damage":0.0,"enemies":"Lagavulin","floor":8.0,"turns":4.0},{"damage":2.0,"enemies":"3 Sentries","floor":11.0,"turns":5.0},{"damage":0.0,"enemies":"Exordium Thugs","floor":12.0,"turns":3.0},{"damage":0.0,"enemies":"Lots of Slimes","floor":14.0,"turns":3.0},{"damage":21.0,"enemies":"The Guardian","floor":16.0,"turns":8.0},{"damage":14.0,"enemies":"Shell Parasite","floor":18.0,"turns":4.0},{"damage":12.0,"enemies":"2 Thieves","floor":19.0,"turns":3.0},{"damage":3.0,"enemies":"Snake Plant","floor":20.0,"turns":6.0},{"damage":0.0,"enemies":"Cultist and Chosen","floor":22.0,"turns":4.0},{"damage":10.0,"enemies":"Gremlin Leader","floor":25.0,"turns":5.0},{"damage":0.0,"enemies":"Centurion and Healer","floor":27.0,"turns":5.0},{"damage":19.0,"enemies":"Snake Plant","floor":31.0,"turns":3.0},{"damage":19.0,"enemies":"Automaton","floor":33.0,"turns":7.0},{"damage":1.0,"enemies":"3 Shapes","floor":35.0,"turns":5.0},{"damage":0.0,"enemies":"3 Darklings","floor":36.0,"turns":8.0},{"damage":0.0,"enemies":"Maw","floor":37.0,"turns":9.0},{"damage":3.0,"enemies":"Jaw Worm Horde","floor":39.0,"turns":7.0},{"damage":0.0,"enemies":"Sphere and 2 Shapes","floor":41.0,"turns":4.0},{"damage":0.0,"enemies":"Maw","floor":44.0,"turns":7.0},{"damage":0.0,"enemies":"Giant Head","floor":45.0,"turns":10.0},{"damage":14.0,"enemies":"Reptomancer","floor":47.0,"turns":11.0},{"damage":0.0,"enemies":"4 Shapes","floor":48.0,"turns":1.0},{"damage":29.0,"enemies":"Awakened One","floor":50.0,"turns":17.0},{"damage":5.0,"enemies":"Time Eater","floor":51.0,"turns":12.0},{"damage":6.0,"enemies":"Shield and Spear","floor":55.0,"turns":12.0},{"damage":56,"enemies":"The Heart","floor":56,"turns":6}],"seed_played":"2883755019735561118","potions_obtained":[{"floor":1.0,"key":"Explosive Potion"},{"floor":2.0,"key":"DuplicationPotion"},{"floor":8.0,"key":"Fruit Juice"},{"floor":11.0,"key":"FearPotion"},{"floor":14.0,"key":"GamblersBrew"},{"floor":16.0,"key":"Fruit Juice"},{"floor":20.0,"key":"SneckoOil"},{"floor":22.0,"key":"Block Potion"},{"floor":25.0,"key":"Energy Potion"},{"floor":27.0,"key":"Block Potion"},{"floor":31.0,"key":"BlessingOfTheForge"},{"floor":35.0,"key":"Dexterity Potion"},{"floor":39.0,"key":"PowerPotion"},{"floor":45.0,"key":"SmokeBomb"},{"floor":47.0,"key":"Explosive Potion"},{"floor":55.0,"key":"CunningPotion"}],"is_trial":false,"path_per_floor":["M","M","M","M","?","R","M","E","T","R","E","M","R","M","R","B",null,"M","M","M","$","M","R","?","E","T","M","R","$","?","M","R","B",null,"M","M","M","?","M","R","M","R","T","M","E","R","E","M","R","B","B",null,"R","$","E","B"],"character_chosen":"THE_SILENT","items_purchased":["White Beast Statue","Centennial Puzzle","Happy Flower","Membership Card","Ornamental Fan","SkillPotion"],"campfire_rested":2,"item_purchase_floors":[21,21,29,54,54,54],"current_hp_per_floor":[57,57,49,49,49,49,27,27,27,27,25,25,25,30,30,9,56,42,30,32,32,32,32,26,16,16,16,38,38,38,19,41,22,63,62,62,62,62,59,59,59,59,59,59,59,59,45,45,45,16,11,60,60,60,54,0,0],"gold":35,"neow_bonus":"BOSS_RELIC","is_daily":false,"chose_seed":false,"campfire_upgraded":9,"win_rate":0.0,"timestamp":1614430051,"path_taken":["M","M","?","M","?","R","M","E","T","R","E","M","R","?","R","BOSS","M","M","M","$","M","R","?","E","T","M","R","$","?","?","R","BOSS","M","?","M","?","?","R","?","R","T","M","E","R","E","M","R","BOSS","BOSS","R","$","E","BOSS"],"items_purchased_type":["Relic","Relic","Relic","Relic","Relic","Potion"],"build_version":"2020-12-22","purchased_purges":1,"victory":false,"max_hp_per_floor":[66,66,66,66,66,66,66,66,66,66,66,66,66,71,71,71,71,71,71,76,76,76,76,76,76,76,76,76,76,76,76,76,76,76,76,76,76,76,76,76,76,76,76,76,76,76,76,76,76,76,76,76,76,76,76,76,76],"relic_stats":{"Centennial Puzzle":[31],"Happy Flower":[39],"counters":[31,191],"Shuriken":[118],"Ornamental Fan":[40],"Pen Nib":[34],"Nloth\u0027s Gift":2,"Letter Opener":[181],"obtain_stats":[{"Ice Cream":11,"Lantern":47,"Happy Flower":29,"The Courier":5,"Pen Nib":26,"Letter Opener":45,"Empty Cage":17,"White Beast Statue":21,"Centennial Puzzle":21,"Shuriken":9,"Mummified Hand":25,"Ornamental Fan":54,"Philosopher\u0027s Stone":0,"Bag of Marbles":8,"Nloth\u0027s Gift":30,"Membership Card":54,"Ring of the Snake":0,"Runic Pyramid":34},{"Ice Cream":7,"Lantern":26,"Happy Flower":16,"The Courier":4,"Pen Nib":15,"Letter Opener":25,"Empty Cage":10,"White Beast Statue":13,"Centennial Puzzle":13,"Shuriken":6,"Mummified Hand":15,"Ornamental Fan":29,"Philosopher\u0027s Stone":0,"Bag of Marbles":6,"Nloth\u0027s Gift":16,"Membership Card":29,"Ring of the Snake":0,"Runic Pyramid":18},{"Ice Cream":31,"Lantern":143,"Happy Flower":72,"The Courier":16,"Pen Nib":67,"Letter Opener":132,"Empty Cage":45,"White Beast Statue":58,"Centennial Puzzle":58,"Shuriken":26,"Mummified Hand":67,"Ornamental Fan":173,"Philosopher\u0027s Stone":0,"Bag of Marbles":26,"Nloth\u0027s Gift":72,"Membership Card":173,"Ring of the Snake":0,"Runic Pyramid":82}]},"card_choices":[{"not_picked":["Terror","Acrobatics"],"picked":"Skewer","floor":1.0},{"not_picked":["Masterful Stab","Outmaneuver"],"picked":"Blade Dance","floor":2.0},{"not_picked":["Quick Slash","Dodge and Roll"],"picked":"Footwork","floor":3.0},{"not_picked":["Dagger Spray","Setup"],"picked":"Calculated Gamble","floor":4.0},{"not_picked":["Deadly Poison","Caltrops"],"picked":"Backflip","floor":7.0},{"not_picked":["Underhanded Strike","Deflect"],"picked":"Cloak And Dagger","floor":8.0},{"not_picked":["Blade Dance","Bane"],"picked":"Endless Agony","floor":11.0},{"not_picked":["Unload","Distraction"],"picked":"Well Laid Plans","floor":12.0},{"not_picked":["Prepared","Bane"],"picked":"Dagger Spray","floor":14.0},{"not_picked":["Glass Knife","A Thousand Cuts"],"picked":"Doppelganger","floor":16.0},{"not_picked":["Sucker Punch","Expertise"],"picked":"Dash+1","floor":18.0},{"not_picked":["Dagger Throw","Distraction+1"],"picked":"Backflip","floor":19.0},{"not_picked":["Deadly Poison","Poisoned Stab+1"],"picked":"Finisher","floor":20.0},{"not_picked":["Deflect","Poisoned Stab"],"picked":"Crippling Poison","floor":22.0},{"not_picked":["Deadly Poison","Infinite Blades"],"picked":"Accuracy","floor":25.0},{"not_picked":["Dagger Spray","Bane"],"picked":"Dagger Throw+1","floor":27.0},{"not_picked":["Slice","All Out Attack"],"picked":"After Image","floor":31.0},{"not_picked":["Storm of Steel","Die Die Die"],"picked":"Venomology","floor":33.0},{"not_picked":["Calculated Gamble+1","Eviscerate"],"picked":"Footwork+1","floor":35.0},{"not_picked":["Quick Slash","Bullet Time"],"picked":"Dodge and Roll+1","floor":36.0},{"not_picked":["Quick Slash","Flying Knee+1"],"picked":"Dagger Throw","floor":37.0},{"not_picked":["Well Laid Plans","Eviscerate","Sucker Punch"],"picked":"SKIP","floor":39.0},{"not_picked":["Dagger Throw","Deadly Poison"],"picked":"Backflip","floor":41.0},{"not_picked":["Cloak And Dagger","Sucker Punch"],"picked":"Prepared","floor":44.0},{"not_picked":["Blade Dance","Distraction"],"picked":"After Image","floor":45.0},{"not_picked":["Die Die Die","Dagger Spray"],"picked":"Crippling Poison","floor":47.0},{"not_picked":["Adrenaline","Noxious Fumes"],"picked":"After Image","floor":55.0}],"player_experience":3381866,"relics_obtained":[{"floor":5.0,"key":"The Courier"},{"floor":8.0,"key":"Bag of Marbles"},{"floor":9.0,"key":"Shuriken"},{"floor":11.0,"key":"Ice Cream"},{"floor":25.0,"key":"Mummified Hand"},{"floor":26.0,"key":"Pen Nib"},{"floor":45.0,"key":"Letter Opener"},{"floor":47.0,"key":"Lantern"}],"event_choices":[{"damage_healed":0.0,"max_hp_gain":0.0,"max_hp_loss":0.0,"gold_gain":0.0,"event_name":"Wheel of Change","player_choice":"Relic","floor":5.0,"gold_loss":0.0,"damage_taken":0.0},{"damage_healed":0.0,"max_hp_gain":0.0,"max_hp_loss":0.0,"gold_gain":0.0,"event_name":"Nest","player_choice":"Joined the Cult","floor":24.0,"gold_loss":0.0,"damage_taken":6.0,"cards_obtained":["RitualDagger"]},{"damage_healed":0.0,"max_hp_gain":0.0,"max_hp_loss":0.0,"gold_gain":0.0,"event_name":"N\u0027loth","player_choice":"Traded Relic","floor":30.0,"relics_lost":["Mummified Hand"],"gold_loss":0.0,"damage_taken":0.0,"relics_obtained":["Nloth\u0027s Gift"]},{"damage_healed":0.0,"max_hp_gain":0.0,"max_hp_loss":0.0,"gold_gain":50.0,"event_name":"Golden Shrine","player_choice":"Pray","floor":38.0,"gold_loss":0.0,"damage_taken":0.0}],"is_beta":false,"boss_relics":[{"not_picked":["Runic Dome","Coffee Dripper"],"picked":"Empty Cage"},{"not_picked":["Tiny House","SacredBark"],"picked":"Runic Pyramid"}],"items_purged_floors":[54],"is_endless":false,"potions_floor_spawned":[1,2,8,11,14,16,20,22,25,27,31,33,35,36,37,39,41,44,45,47,48,55],"killed_by":"The Heart","ascension_level":20}}