{"host":"Doisman","time":1614401029,"event":{"mods":["AchievementEnabler","BaseMod","Better Note","Curses Come First","Minty Spire (QoL Compilation)","Permanent Neow","Quick Restart","Relic Stats","Replay The Spire","StSLib","slay the spire mod where everything is the same but ironclad has a cowboy hat"],"gold_per_floor":[116,49,49,124,142,142,170,170,222,222,222,251,292,312,312,416,416,432,88,88,88,9,43,43,47,47],"floor_reached":25,"language":"ENG","playtime":810,"items_purged":["Strike_B"],"score":263,"play_id":"f5e79ca8-b6b0-4955-b8ca-ee5aa5a4917b","local_time":"20210226224349","is_ascension_mode":true,"campfire_choices":[{"data":"Consume","floor":6,"key":"SMITH"},{"floor":8,"key":"REST"},{"data":"Crystallizer","floor":10,"key":"SMITH"},{"data":"ReplayTheSpireMod:Repulse","floor":15,"key":"SMITH"},{"floor":24,"key":"REST"}],"circlet_count":0,"master_deck":["Strike_B","Strike_B","Strike_B","Defend_B","Defend_B","Defend_B","Defend_B","Zap+1","Dualcast","Consume+1","Crystallizer+1","Cold Snap","Steam","ReplayTheSpireMod:Repulse+1","Conserve Battery","Coolheaded","FIFO Queue","ReplayUltimateDefense","Pain","Self Repair"],"relics":["Ring of Chaos","Replay:Bandana","DataDisk","Pocketwatch","Philosopher\u0027s Stone","Prayer Wheel","WarpedTongs","Shovel"],"acts_visited":["Exordium","TheCity"],"potions_floor_usage":[14,18,18],"damage_taken":[{"damage":1,"enemies":"2 Louse","floor":1,"turns":2},{"damage":0,"enemies":"Small Slimes","floor":5,"turns":3},{"damage":48,"enemies":"Gremlin Nob","floor":7,"turns":5},{"damage":0,"enemies":"Cultist","floor":12,"turns":4},{"damage":0,"enemies":"3 Sentries","floor":13,"turns":11},{"damage":4,"enemies":"Gremlin Gang","floor":14,"turns":6},{"damage":20,"enemies":"The Guardian","floor":16,"turns":11},{"damage":26,"enemies":"2 Thieves","floor":18,"turns":4},{"damage":33,"enemies":"Gremlin Leader","floor":23,"turns":10},{"damage":22,"enemies":"Slavers","floor":25,"turns":3}],"seed_played":"1588758282522477265","potions_obtained":[{"floor":1,"key":"Languid Potion"},{"floor":5,"key":"SpeedPotion"},{"floor":13,"key":"BlessingOfTheForge"}],"is_trial":false,"path_per_floor":["M","$","?","?","M","R","E","R","T","R","?","M","E","M","R","B",null,"M","$","?","?","$","E","R","E"],"character_chosen":"DEFECT","items_purchased":["Crystallizer","FIFO Queue","ReplayUltimateDefense","Self Repair"],"campfire_rested":2,"item_purchase_floors":[2,19,19,22],"current_hp_per_floor":[74,74,74,63,63,63,15,37,37,37,37,37,37,33,33,13,75,49,49,49,49,49,23,45,23,23],"gold":47,"neow_bonus":"BOSS_RELIC","is_daily":false,"chose_seed":false,"campfire_upgraded":3,"win_rate":0.0,"timestamp":1614401029,"path_taken":["M","$","?","?","M","R","E","R","T","R","?","M","E","M","R","BOSS","M","$","?","?","$","E","R","E"],"items_purchased_type":["Card","Card","Card","Card"],"build_version":"2020-12-18","purchased_purges":1,"victory":false,"max_hp_per_floor":[75,75,75,75,75,75,75,75,75,75,75,75,75,75,75,75,75,75,75,75,75,75,75,75,75,75],"relic_stats":{"Shovel":0,"counters":[10,59],"Prayer Wheel":1,"obtain_stats":[{"Replay:Bandana":7,"DataDisk":9,"Shovel":23,"Philosopher\u0027s Stone":17,"Prayer Wheel":18,"Ring of Chaos":0,"Cracked Core":0,"Pocketwatch":13,"WarpedTongs":21},{"Replay:Bandana":3,"DataDisk":3,"Shovel":9,"Philosopher\u0027s Stone":7,"Prayer Wheel":8,"Ring of Chaos":0,"Cracked Core":0,"Pocketwatch":5,"WarpedTongs":8},{"Replay:Bandana":10,"DataDisk":10,"Shovel":56,"Philosopher\u0027s Stone":42,"Prayer Wheel":44,"Ring of Chaos":0,"Cracked Core":0,"Pocketwatch":25,"WarpedTongs":46}],"Pocketwatch":[60],"WarpedTongs":[13]},"card_choices":[{"not_picked":["White Noise","Sunder"],"picked":"Consume","floor":1},{"not_picked":["Compile Driver","Redo","Blizzard"],"picked":"SKIP","floor":5},{"not_picked":["Doom and Gloom","Leap"],"picked":"Cold Snap","floor":7},{"not_picked":["Compile Driver","Storm"],"picked":"Steam","floor":12},{"not_picked":["Streamline","Leap"],"picked":"ReplayTheSpireMod:Repulse","floor":13},{"not_picked":["Redo","Reinforced Body"],"picked":"Conserve Battery","floor":14},{"not_picked":["Multi-Cast","Rainbow"],"picked":"ReplayTheSpireMod:Fabricate Wheel","floor":16},{"not_picked":["Barrage","Leap+1"],"picked":"Coolheaded","floor":18},{"not_picked":["Streamline","Leap","Redo"],"picked":"SKIP","floor":18},{"not_picked":["Panic Button","Leap","Stack+1"],"picked":"SKIP","floor":23}],"player_experience":804485,"relics_obtained":[{"floor":7,"key":"Replay:Bandana"},{"floor":9,"key":"DataDisk"},{"floor":13,"key":"Pocketwatch"},{"floor":23,"key":"Shovel"}],"event_choices":[{"damage_healed":0,"gold_gain":75,"player_choice":"Gather Gold","damage_taken":11,"max_hp_gain":0,"max_hp_loss":0,"event_name":"World of Goop","floor":4,"gold_loss":0},{"damage_healed":0,"gold_gain":0,"player_choice":"Upgraded","damage_taken":0,"max_hp_gain":0,"max_hp_loss":0,"event_name":"Upgrade Shrine","floor":11,"gold_loss":0,"cards_upgraded":["Zap"]},{"damage_healed":0,"gold_gain":0,"player_choice":"Ignored","damage_taken":0,"max_hp_gain":0,"max_hp_loss":0,"event_name":"betterNote:BetterNote","floor":20,"gold_loss":0,"cards_obtained":["Die Die Die"]},{"damage_healed":0,"gold_gain":0,"player_choice":"Rummage","damage_taken":0,"relics_obtained":["WarpedTongs"],"max_hp_gain":0,"max_hp_loss":0,"event_name":"Accursed Blacksmith","floor":21,"gold_loss":0,"cards_obtained":["Pain"]}],"is_beta":true,"boss_relics":[{"not_picked":["Tiny House","Pandora\u0027s Box"],"picked":"Philosopher\u0027s Stone"}],"items_purged_floors":[19],"is_endless":false,"potions_floor_spawned":[1,5,13],"killed_by":"Slavers","ascension_level":1}}