{"host":"2lvuisjyit3p3u01","time":1614435020,"event":{"mods":["Act Like it!","BaseMod","Bestiary","Better Synergies","Bossed Relics","CapriCore","Colored Map","Colored Powertips","Duelist Mod","GifTheSpireLib","Minty Spire (QoL Compilation)","Quick Restart","Replay The Spire","StSLib"],"gold_per_floor":[141,141,141,153,166,199,199,234,258,288,306,317,317,16,16,114,114,135,135,200,216,216,216,13,28,28,44,44,44,87,105,105,201,201,222,222,28,28,28,28,42,42,42,56,56,112,150,171,171,171],"floor_reached":51,"language":"ENG","playtime":2580,"items_purged":["theDuelist:CastleWalls","theDuelist:CastleWalls"],"score":1235,"play_id":"79cfc493-2e47-428a-ad00-60c84c55502d","local_time":"20210227161020","is_ascension_mode":true,"campfire_choices":[{"data":"theDuelist:LordD","floor":7,"key":"SMITH"},{"floor":15,"key":"REST"},{"data":"theDuelist:SliferSky","floor":23,"key":"SMITH"},{"data":"theDuelist:CyberDragonCore","floor":29,"key":"SMITH"},{"data":"theDuelist:Nameless:War:MaskedDragon","floor":32,"key":"SMITH"},{"data":"theDuelist:Metronome","floor":40,"key":"SMITH"},{"data":"theDuelist:BurstBreath","floor":42,"key":"SMITH"},{"data":"theDuelist:DragonCaptureJar","floor":45,"key":"SMITH"},{"data":"theDuelist:DragonCaptureJar","floor":49,"key":"SMITH"}],"circlet_count":0,"master_deck":["AscendersBane","theDuelist:BabyDragon","theDuelist:CaveDragon","theDuelist:CaveDragon+1","theDuelist:LesserDragon","theDuelist:LesserDragon","theDuelist:YamataDragon","theDuelist:LordD+1","theDuelist:Nameless:Power:MaskedDragon","theDuelist:Nameless:War:MaskedDragon+1","theDuelist:MirageDragon","theDuelist:DragonCaptureJar+1","theDuelist:ThunderDragon","theDuelist:BurstBreath+1","theDuelist:DragonCaptureJar+1","theDuelist:WaterDragon","theDuelist:SliferSky+1","theDuelist:CyberDragonCore+1","theDuelist:TwinHeadedFire+1","theDuelist:GravekeeperCurse","theDuelist:Metronome+1","theDuelist:Freezadon+1","theDuelist:ClawHermos+1","theDuelist:AncientDragon+1"],"relics":["theDuelist:MillenniumPuzzle","theDuelist:CardPoolRelic","theDuelist:CardPoolBasicRelic","theDuelist:BoosterPackPoolRelic","theDuelist:CardPoolAddRelic","theDuelist:CardPoolMinusRelic","theDuelist:CardPoolSaveRelic","theDuelist:CardPoolOptionsRelic","Anchor","Simple Rune","Smiling Mask","Bag of Preparation","Golden Idol","Boot","Byrd Skull","Mango","Calipers","theDuelist:Spellheart","theDuelist:BoosterPackSpellEgg","Singing Bowl","Replay:Bottled Steam","Velvet Choker","Replay:Baseball","theDuelist:DuelistOrichalcum","Bottled Tornado","Pocketwatch","Mummified Hand"],"acts_visited":["Exordium","TheCity","TheBeyond"],"potions_floor_usage":[8,8,16,16,25,33,33,50],"damage_taken":[{"damage":0,"enemies":"2 Louse","floor":1,"turns":1},{"damage":12,"enemies":"Small Slimes","floor":4,"turns":2},{"damage":12,"enemies":"Jaw Worm","floor":5,"turns":2},{"damage":1,"enemies":"Lagavulin","floor":6,"turns":4},{"damage":0,"enemies":"3 Sentries","floor":8,"turns":5},{"damage":12,"enemies":"Replay:BlueRogue","floor":10,"turns":3},{"damage":8,"enemies":"Gremlin Gang","floor":11,"turns":3},{"damage":0,"enemies":"Blue Slaver","floor":12,"turns":2},{"damage":0,"enemies":"The Guardian","floor":16,"turns":7},{"damage":0,"enemies":"Shell Parasite","floor":18,"turns":5},{"damage":0,"enemies":"Shell Parasite","floor":20,"turns":9},{"damage":1,"enemies":"Spheric Guardian","floor":21,"turns":3},{"damage":16,"enemies":"Snecko","floor":25,"turns":5},{"damage":0,"enemies":"Cultist and Chosen","floor":27,"turns":5},{"damage":3,"enemies":"theDuelist:KaibaA2","floor":30,"turns":4},{"damage":0,"enemies":"Snake Plant","floor":31,"turns":3},{"damage":16,"enemies":"Automaton","floor":33,"turns":9},{"damage":0,"enemies":"3 Shapes","floor":35,"turns":3},{"damage":0,"enemies":"Orb Walker","floor":41,"turns":2},{"damage":8,"enemies":"Transient","floor":44,"turns":5},{"damage":0,"enemies":"2 Orb Walkers","floor":46,"turns":3},{"damage":0,"enemies":"Giant Head","floor":47,"turns":5},{"damage":0,"enemies":"Maw","floor":48,"turns":3},{"damage":19,"enemies":"Replay:Hell Engine","floor":50,"turns":7}],"seed_played":"2926989752791726558","potions_obtained":[{"floor":4,"key":"Block Potion"},{"floor":5,"key":"theDuelist:WhiteBottle"},{"floor":10,"key":"BlessingOfTheForge"},{"floor":11,"key":"Block Potion"},{"floor":21,"key":"theDuelist:DestructPotionPotB"},{"floor":25,"key":"AttackPotion"},{"floor":31,"key":"theDuelist:OrbBottle"},{"floor":44,"key":"theDuelist:DragonOrbPlusBottle"}],"is_trial":false,"path_per_floor":["M","?","?","M","M","E","R","E","T","E","M","M","?","$","R","B",null,"M","?","?","M","?","R","$","M","T","M","$","R","E","M","R","B",null,"M","?","$","?","?","R","M","R","T","M","R","?","E","M","R","B",null],"character_chosen":"THE_DUELIST","items_purchased":["theDuelist:DragonSoulPotion","Boot","theDuelist:Spellheart","theDuelist:CyberDragonCore","Replay:Baseball"],"campfire_rested":1,"item_purchase_floors":[14,14,24,24,37],"current_hp_per_floor":[63,63,79,67,55,54,54,54,54,42,34,34,34,34,58,58,75,75,75,89,88,94,94,102,86,86,88,88,88,87,89,89,75,101,103,103,103,103,97,97,97,97,97,91,91,91,93,93,93,74],"gold":171,"neow_bonus":"THREE_CARDS","is_daily":false,"chose_seed":false,"campfire_upgraded":8,"win_rate":0.0,"timestamp":1614435020,"path_taken":["M","?","?","M","M","E","R","E","T","E","M","M","?","$","R","BOSS","M","?","?","M","?","R","$","?","T","M","$","R","E","M","R","BOSS","M","?","$","?","?","R","?","R","T","M","R","?","E","M","R","BOSS"],"items_purchased_type":["Potion","Relic","Relic","Card","Relic"],"build_version":"2020-12-22","purchased_purges":2,"victory":true,"max_hp_per_floor":[70,70,86,86,86,86,86,86,86,86,86,86,80,80,80,80,80,80,80,94,94,94,94,102,102,102,104,104,104,106,108,108,110,110,112,112,112,112,112,112,112,112,112,114,114,114,116,116,116,116],"card_choices":[{"not_picked":["theDuelist:BusterDrake","theDuelist:DefenseZone"],"picked":"theDuelist:LordD","floor":0},{"not_picked":["theDuelist:BigFire","theDuelist:Hinotama","theDuelist:LightningDarts","theDuelist:RainbowOverdragon","theDuelist:Raigeki"],"picked":"SKIP","floor":1},{"not_picked":["theDuelist:BlackBrutdrago","theDuelist:Freezadon","theDuelist:CyberDragonDrei","theDuelist:OneDayPeace"],"picked":"theDuelist:MirageDragon","floor":4},{"not_picked":["theDuelist:WhiteHowling","theDuelist:TyrantWing","theDuelist:StarlightRoad","theDuelist:FireDarts"],"picked":"theDuelist:DragonCaptureJar","floor":5},{"not_picked":["theDuelist:GaiaDragonChamp","theDuelist:DragonZombie"],"picked":"theDuelist:ThunderDragon","floor":6},{"not_picked":["theDuelist:ThunderDragon","theDuelist:DarkstormDragon","theDuelist:TwinHeadedBehemoth","theDuelist:RedDragonArchfiend"],"picked":"theDuelist:BurstBreath","floor":8},{"not_picked":["theDuelist:VeilDarkness+1","theDuelist:SafeZone","theDuelist:DragonShield+1","theDuelist:DefenseDraw"],"picked":"theDuelist:DragonCaptureJar","floor":10},{"not_picked":["theDuelist:DoomkaiserDragon","theDuelist:CyberDragonInfinity","theDuelist:ChimeratechOverdragon","theDuelist:ArmedProtectorDragon"],"picked":"theDuelist:WaterDragon","floor":11},{"not_picked":["theDuelist:StampingDestruction","theDuelist:FluteSummoning","theDuelist:DragonTreasure","theDuelist:DragonRavine"],"picked":"theDuelist:SilverWing","floor":12},{"not_picked":["theDuelist:WingedDragonRa","theDuelist:SeismicShockwave","theDuelist:DoomkaiserDragon","theDuelist:BSkullDragon"],"picked":"theDuelist:SliferSky","floor":16},{"not_picked":["theDuelist:BattleguardKing","theDuelist:Hinotama","theDuelist:LightningDarts","theDuelist:RainbowOverdragon","theDuelist:BigFire"],"picked":"SKIP","floor":18},{"not_picked":["theDuelist:SystemDown","theDuelist:DragonRavine","theDuelist:Berserking","theDuelist:AutorokketDragon"],"picked":"SKIP","floor":21},{"not_picked":["theDuelist:LesserDragon","theDuelist:CyberValley","theDuelist:BusterBlader","theDuelist:AtomicScrapDragon"],"picked":"theDuelist:TwinHeadedFire+1","floor":25},{"not_picked":["theDuelist:Hinotama+1","theDuelist:BigEye","theDuelist:Jinzo","theDuelist:Reload+1","theDuelist:DarkFactory+1"],"picked":"Singing Bowl","floor":27},{"not_picked":["theDuelist:StampingDestruction+1","theDuelist:SpiralSpearStrike+1","theDuelist:SoulCharge+1","theDuelist:CyberRevsystem+1","theDuelist:AxeDespair+1"],"picked":"Singing Bowl","floor":30},{"not_picked":["theDuelist:ViceDragon","theDuelist:Kabazauls+1","theDuelist:TornadoDragon","theDuelist:FrostflameDragon","theDuelist:RedRisingDragon"],"picked":"Singing Bowl","floor":31},{"not_picked":["theDuelist:TailSwipe+1","theDuelist:StardustDragon","theDuelist:SeismicShockwave","theDuelist:FiveHeaded","theDuelist:CyberDragonInfinity"],"picked":"Singing Bowl","floor":33},{"not_picked":["theDuelist:BattleguardKing+1","theDuelist:BigFire+1","theDuelist:LightningDarts","theDuelist:Raigeki+1","theDuelist:RainbowOverdragon"],"picked":"Singing Bowl","floor":35},{"not_picked":["theDuelist:Beatraptor+1","theDuelist:Anthrosaurus+1","theDuelist:Earthquake+1","theDuelist:SafeZone+1"],"picked":"theDuelist:Freezadon+1","floor":41},{"not_picked":["theDuelist:Pyrorex","theDuelist:Hydrogeddon+1","theDuelist:HazyFlameHydra","theDuelist:BlackVeloci+1","theDuelist:Beatraptor+1"],"picked":"Singing Bowl","floor":44},{"not_picked":["theDuelist:FrozenFitzgerald","theDuelist:ExploderDragon+1","theDuelist:CaveDragon+1","theDuelist:ArtifactIgnition+1"],"picked":"theDuelist:ClawHermos+1","floor":46},{"not_picked":["theDuelist:CurseDragon+1","theDuelist:AquaDolphin","theDuelist:RedRisingDragon","theDuelist:Anthrosaurus","theDuelist:RedDragonArchfiend"],"picked":"Singing Bowl","floor":47},{"not_picked":["theDuelist:CyberValley","theDuelist:BlueEyesUltimate","theDuelist:SuperancientDinobeast","theDuelist:BerserkerSoul+1"],"picked":"theDuelist:AncientDragon+1","floor":48}],"player_experience":347978,"relics_obtained":[{"floor":6,"key":"Anchor"},{"floor":8,"key":"Simple Rune"},{"floor":9,"key":"Smiling Mask"},{"floor":10,"key":"Bag of Preparation"},{"floor":20,"key":"Byrd Skull"},{"floor":20,"key":"Mango"},{"floor":20,"key":"Calipers"},{"floor":26,"key":"Singing Bowl"},{"floor":30,"key":"Replay:Bottled Steam"},{"floor":43,"key":"Bottled Tornado"},{"floor":46,"key":"Pocketwatch"},{"floor":47,"key":"Mummified Hand"}],"event_choices":[{"power_reward":4,"total_magic_score":24,"gold_gain":0,"duelist":true,"damage_taken":0,"relics_obtained":[],"points":16,"war_reward":4,"max_hp_gain":16,"max_hp_loss":0,"spent_points":{"magic":0,"greed":0,"war":4,"power":4,"hunger":4},"event_name":"Nameless Tomb","hunger_reward":4,"floor":3,"gold_loss":0,"cards_obtained":["theDuelist:Nameless:Power:MaskedDragon","theDuelist:Nameless:War:MaskedDragon"]},{"damage_healed":0,"gold_gain":0,"player_choice":"Lose Max HP","damage_taken":0,"relics_obtained":["Golden Idol"],"max_hp_gain":0,"max_hp_loss":6,"event_name":"Golden Idol","floor":13,"gold_loss":0},{"damage_healed":0,"gold_gain":0,"player_choice":"Leave","duelist":true,"damage_taken":0,"max_hp_gain":0,"max_hp_loss":0,"event_name":"Egyptian Village","floor":19,"gold_loss":0},{"damage_healed":0,"gold_gain":0,"player_choice":"Fight","duelist":true,"damage_taken":0,"max_hp_gain":0,"max_hp_loss":0,"event_name":"Battle City","floor":20,"gold_loss":0},{"cards_removed":["theDuelist:SilverWing"],"damage_healed":6,"gold_gain":0,"player_choice":"Offered Uncommon","damage_taken":0,"max_hp_gain":0,"max_hp_loss":0,"event_name":"Bonfire Elementals","floor":22,"gold_loss":0},{"damage_healed":0,"gold_gain":0,"player_choice":"Leave","duelist":true,"damage_taken":0,"max_hp_gain":0,"max_hp_loss":0,"event_name":"Tomb of the Nameless","floor":36,"gold_loss":0},{"damage_healed":0,"gold_gain":0,"player_choice":"Took item - Received: Millennium Metronome","duelist":true,"damage_taken":0,"max_hp_gain":0,"max_hp_loss":0,"event_name":"Millennium Items","floor":38,"gold_loss":0},{"damage_healed":0,"gold_gain":0,"player_choice":"Dig - random Duelist relic","duelist":true,"damage_taken":0,"max_hp_gain":0,"max_hp_loss":0,"event_name":"Aknamkanon\u0027s Tomb","floor":39,"gold_loss":0},{"damage_healed":0,"gold_gain":0,"player_choice":"Fight","damage_taken":0,"max_hp_gain":0,"max_hp_loss":0,"event_name":"Mysterious Sphere","floor":46,"gold_loss":0}],"is_beta":false,"boss_relics":[{"not_picked":["Kintsugi","Replay:Drink Me","Runic Pyramid"]},{"not_picked":["theDuelist:HauntedRelic","Electric Blood"],"picked":"Velvet Choker"}],"items_purged_floors":[14,37],"is_endless":false,"potions_floor_spawned":[4,5,10,11,21,25,31,44],"ascension_level":14}}