{"host":"l15sdf2mmi0nobpi","time":1614394979,"event":{"mods":["ATMod(°¢èªMod)","BaseMod","Highlight Path","Minty Spire (QoL Compilation)","Quick Restart","StSLib","¡¾¹¦ÄÜMod¡¿Neow½±Àø"],"gold_per_floor":[115,115,29,44,57,85,101,135,135,170,170,4,21,21,21,97,97,113,127,145,163,78,113,113,140,152,195,207,219,231,1,1,79,79,93,93,393,404,420,455,455,455,455,481,481,533,551,576,576,576,576,576,576,35,69,69],"floor_reached":57,"language":"ZHS","playtime":43554,"items_purged":["Strike_R","Strike_R"],"score":3157,"play_id":"79a0eff7-a910-42e1-9363-5dd4da12e136","local_time":"20210227110259","is_ascension_mode":true,"campfire_choices":[{"data":"Whirlwind","floor":15.0,"key":"SMITH"},{"floor":24.0,"key":"REST"},{"data":"Limit Break","floor":28.0,"key":"SMITH"},{"data":"Entrench","floor":30.0,"key":"SMITH"},{"floor":32.0,"key":"REST"},{"floor":41.0,"key":"RECALL"},{"data":"Rupture","floor":45,"key":"SMITH"},{"data":"AT_BodySlamDance","floor":49,"key":"SMITH"},{"data":"AT_MachinaRedman","floor":53,"key":"SMITH"}],"circlet_count":0,"master_deck":["AscendersBane","Strike_R","Strike_R","Strike_R","Defend_R","Defend_R","Defend_R","Defend_R","AT_MachinaRedman+1","Second Wind","Pain","Rupture+1","Power Through","Barricade+1","AT_BodySlamDance+1","Shockwave","Whirlwind+1","Limit Break+1","Inflame+1","Shrug It Off+1","AT_ShrugMaster+1","Limit Break","Entrench+1","Finesse+1","Impervious+1","CurseOfTheBell","Evolve+1","Sentinel+1","Second Wind+1","Bloodletting+1"],"relics":["Burning Blood","AT_ATBox","NeowsBlessing","WarpedTongs","Frozen Egg 2","Dream Catcher","Du-Vu Doll","Membership Card","AT_TrinityForce","AT_GuinsooRageblade","The Courier","MawBank","Pantograph","AT_ArcaneBoots","Medical Kit","Toxic Egg 2","Calling Bell","Anchor","Kunai","Ice Cream","Thread and Needle","Bottled Lightning","AT_RedNoBalance","Bird Faced Urn","Art of War","Lee\u0027s Waffle","AT_BellowingDragoncrestRing","Lantern","AT_RedTearstoneRing","Blue Candle","Pear","AT_BellDemon"],"acts_visited":["Exordium","TheCity","TheBeyond","TheEnding"],"potions_floor_usage":[44,51,56,56],"damage_taken":[{"damage":0.0,"enemies":"Small Slimes","floor":1.0,"turns":1.0},{"damage":0.0,"enemies":"Cultist","floor":4.0,"turns":1.0},{"damage":0.0,"enemies":"2 Louse","floor":5.0,"turns":1.0},{"damage":23.0,"enemies":"3 Sentries","floor":6.0,"turns":5.0},{"damage":13.0,"enemies":"Gremlin Gang","floor":7.0,"turns":5.0},{"damage":12.0,"enemies":"Lagavulin","floor":8.0,"turns":8.0},{"damage":13.0,"enemies":"Gremlin Nob","floor":10.0,"turns":3.0},{"damage":9.0,"enemies":"Looter","floor":13.0,"turns":3.0},{"damage":27.0,"enemies":"The Guardian","floor":16.0,"turns":7.0},{"damage":23.0,"enemies":"Shell Parasite","floor":18.0,"turns":5.0},{"damage":11.0,"enemies":"Chosen","floor":19.0,"turns":5.0},{"damage":0.0,"enemies":"3 Cultists","floor":20.0,"turns":1.0},{"damage":9.0,"enemies":"Centurion and Healer","floor":21.0,"turns":4.0},{"damage":18.0,"enemies":"Slavers","floor":23.0,"turns":3.0},{"damage":7.0,"enemies":"Gremlin Leader","floor":25.0,"turns":6.0},{"damage":28.0,"enemies":"Book of Stabbing","floor":27.0,"turns":5.0},{"damage":9.0,"enemies":"Automaton","floor":33.0,"turns":6.0},{"damage":1.0,"enemies":"3 Darklings","floor":35.0,"turns":3.0},{"damage":0.0,"enemies":"Orb Walker","floor":38.0,"turns":3.0},{"damage":15.0,"enemies":"Jaw Worm Horde","floor":39.0,"turns":2.0},{"damage":11.0,"enemies":"Giant Head","floor":40.0,"turns":6.0},{"damage":22,"enemies":"Reptomancer","floor":44,"turns":5},{"damage":11,"enemies":"2 Orb Walkers","floor":46,"turns":3},{"damage":4,"enemies":"Sphere and 2 Shapes","floor":47,"turns":4},{"damage":13,"enemies":"Nemesis","floor":48,"turns":5},{"damage":31,"enemies":"Time Eater","floor":50,"turns":7},{"damage":53,"enemies":"Awakened One","floor":51,"turns":6},{"damage":7,"enemies":"Shield and Spear","floor":55,"turns":2},{"damage":13,"enemies":"The Heart","floor":56,"turns":6}],"seed_played":"4175371504790876917","potions_obtained":[{"floor":1.0,"key":"Block Potion"},{"floor":4.0,"key":"Fire Potion"},{"floor":19.0,"key":"BlessingOfTheForge"},{"floor":27.0,"key":"LiquidMemories"},{"floor":39.0,"key":"Swift Potion"},{"floor":48,"key":"ColorlessPotion"},{"floor":55,"key":"Swift Potion"}],"is_trial":false,"path_per_floor":["M","?","$","M","M","E","M","E","T","E","?","$","M","?","R","B",null,"M","M","M","M","?","E","R","E","T","E","R","?","R","$","R","B",null,"M","?","?","M","M","E","R","?","T","E","R","?","M","E","R","B","B",null,"R","$","E","B",null],"character_chosen":"IRONCLAD","items_purchased":["Rupture","Membership Card","Medical Kit","Toxic Egg 2","Finesse+1","Lee\u0027s Waffle","AT_BellowingDragoncrestRing","Lantern","AT_RedTearstoneRing","Blue Candle","Pear"],"campfire_rested":2,"item_purchase_floors":[3,12,31,31,31,54,54,54,54,54,54],"current_hp_per_floor":[74,74,74,75,75,58,51,45,45,38,38,38,35,35,35,14,60,43,38,44,41,41,29,51,50,50,28,28,28,28,28,50,72,74,75,71,71,71,62,57,57,57,57,41,41,30,41,36,36,45,23,59,59,88,47,75],"gold":69,"neow_bonus":"THREE_ENEMY_KILL","is_daily":false,"chose_seed":false,"campfire_upgraded":6,"win_rate":0.0,"timestamp":1614394979,"path_taken":["M","?","$","M","?","E","M","E","T","E","?","$","?","?","R","BOSS","M","?","M","M","?","E","R","E","T","E","R","?","R","$","R","BOSS","M","?","?","?","M","E","R","?","T","E","R","?","M","E","R","BOSS","BOSS","R","$","E","BOSS"],"items_purchased_type":["Card","Relic","Relic","Relic","Card","Relic","Relic","Relic","Relic","Relic","Relic"],"build_version":"2020-12-22","purchased_purges":2,"victory":true,"max_hp_per_floor":[75,75,75,75,75,75,75,75,75,75,75,75,75,75,75,75,75,75,75,75,75,75,75,75,75,75,75,75,75,75,75,75,75,75,75,71,71,71,71,71,71,71,71,71,71,71,71,71,71,71,71,71,71,88,88,88],"card_choices":[{"not_picked":["True Grit","Heavy Blade"],"picked":"Second Wind","floor":1.0},{"not_picked":["Hemokinesis","Carnage"],"picked":"Power Through","floor":4.0},{"not_picked":["Reckless Charge","Perfected Strike","Twin Strike"],"picked":"SKIP","floor":5.0},{"not_picked":["Anger","Wild Strike"],"picked":"Barricade+1","floor":6.0},{"not_picked":["Twin Strike","Second Wind"],"picked":"AT_BodySlamDance","floor":7.0},{"not_picked":["AT_BodySlamDance","Blood for Blood"],"picked":"Shockwave","floor":8.0},{"not_picked":["Iron Wave","Intimidate","Anger"],"picked":"SKIP","floor":10.0},{"not_picked":["Cleave","Thunderclap","AT_GerminateFire"],"picked":"SKIP","floor":13.0},{"not_picked":["Feed","Immolate"],"picked":"Limit Break","floor":16.0},{"not_picked":["Flex","Whirlwind","Inflame+1"],"picked":"SKIP","floor":18.0},{"not_picked":["Searing Blow","Wild Strike+1","Perfected Strike"],"picked":"SKIP","floor":19.0},{"not_picked":["Havoc","Sword Boomerang","Rampage"],"picked":"SKIP","floor":20.0},{"not_picked":["Reckless Charge","Pommel Strike","Carnage+1"],"picked":"SKIP","floor":21.0},{"not_picked":["Clash","Pommel Strike"],"picked":"Inflame+1","floor":23.0},{"not_picked":["AT_BodySlamDance","Warcry"],"picked":"Shrug It Off+1","floor":24.0},{"not_picked":["Barricade+1","Twin Strike"],"picked":"AT_ShrugMaster+1","floor":25.0},{"not_picked":["AT_BodySlamDance","Sentinel","Searing Blow"],"picked":"SKIP","floor":27.0},{"not_picked":["Reaper","Brutality+1"],"picked":"Impervious+1","floor":33.0},{"not_picked":["Sword Boomerang+1","Rupture+1"],"picked":"Evolve+1","floor":35.0},{"not_picked":["Warcry+1","Headbutt"],"picked":"Sentinel+1","floor":38.0},{"not_picked":["Rage+1","Blood for Blood+1","AT_IchimonjiDouble+1"],"picked":"SKIP","floor":39.0},{"not_picked":["Body Slam+1","Fire Breathing+1"],"picked":"Second Wind+1","floor":40.0},{"not_picked":["Clash","Rage+1","Body Slam+1"],"picked":"SKIP","floor":44},{"not_picked":["Perfected Strike","Headbutt"],"picked":"Bloodletting+1","floor":47},{"not_picked":["Sever Soul","Fire Breathing+1","Twin Strike"],"picked":"SKIP","floor":48},{"not_picked":["Body Slam","Whirlwind+1","Dual Wield+1"],"picked":"SKIP","floor":55}],"player_experience":602676,"relics_obtained":[{"floor":6.0,"key":"Frozen Egg 2"},{"floor":8.0,"key":"Dream Catcher"},{"floor":10.0,"key":"Du-Vu Doll"},{"floor":23.0,"key":"The Courier"},{"floor":25.0,"key":"MawBank"},{"floor":26.0,"key":"Pantograph"},{"floor":27.0,"key":"AT_SpeedBoots"},{"floor":34.0,"key":"Anchor"},{"floor":34.0,"key":"Kunai"},{"floor":34.0,"key":"Ice Cream"},{"floor":40.0,"key":"Thread and Needle"},{"floor":43.0,"key":"Bottled Lightning"},{"floor":44,"key":"AT_SilverBalance"},{"floor":46,"key":"Bird Faced Urn"},{"floor":48,"key":"Art of War"},{"floor":55,"key":"AT_BellDemon"}],"event_choices":[{"damage_healed":0.0,"max_hp_gain":0.0,"max_hp_loss":0.0,"gold_gain":0.0,"event_name":"Accursed Blacksmith","player_choice":"Rummage","floor":2.0,"gold_loss":0.0,"damage_taken":0.0,"relics_obtained":["WarpedTongs"],"cards_obtained":["Pain"]},{"damage_healed":0.0,"max_hp_gain":0.0,"max_hp_loss":0.0,"gold_gain":0.0,"event_name":"Fountain of Cleansing","player_choice":"Ignored","floor":11.0,"gold_loss":0.0,"damage_taken":0.0},{"damage_healed":0.0,"max_hp_gain":0.0,"max_hp_loss":0.0,"gold_gain":0.0,"event_name":"Match and Keep!","player_choice":"1 cards matched","floor":14.0,"gold_loss":0.0,"damage_taken":0.0,"cards_obtained":["Whirlwind"]},{"damage_healed":0.0,"max_hp_gain":0.0,"max_hp_loss":0.0,"gold_gain":0.0,"event_name":"Addict","player_choice":"Obtained Relic","floor":22.0,"gold_loss":85.0,"damage_taken":0.0,"relics_obtained":["AT_GuinsooRageblade"]},{"damage_healed":0.0,"max_hp_gain":0.0,"max_hp_loss":0.0,"gold_gain":0.0,"event_name":"Match and Keep!","player_choice":"2 cards matched","floor":29.0,"gold_loss":0.0,"damage_taken":0.0,"cards_obtained":["Limit Break","Entrench"]},{"damage_healed":0.0,"max_hp_gain":0.0,"max_hp_loss":4.0,"gold_gain":0.0,"event_name":"Winding Halls","player_choice":"Max HP","floor":36.0,"gold_loss":0.0,"damage_taken":0.0},{"damage_healed":0.0,"max_hp_gain":0.0,"max_hp_loss":0.0,"gold_gain":300.0,"event_name":"Wheel of Change","player_choice":"Gold","floor":37.0,"gold_loss":0.0,"damage_taken":0.0},{"cards_removed":["Bash"],"damage_healed":0.0,"max_hp_gain":0.0,"max_hp_loss":0.0,"gold_gain":0.0,"event_name":"Falling","player_choice":"Removed Attack","floor":42.0,"gold_loss":0.0,"damage_taken":0.0},{"damage_healed":0,"gold_gain":0,"player_choice":"Fight","damage_taken":0,"max_hp_gain":0,"max_hp_loss":0,"event_name":"Mysterious Sphere","floor":46,"gold_loss":0}],"is_beta":false,"boss_relics":[{"not_picked":["Tiny House","AT_MortalBlade"],"picked":"AT_TrinityForce"},{"not_picked":["SacredBark","Sozu"],"picked":"Calling Bell"}],"items_purged_floors":[31,54],"is_endless":false,"potions_floor_spawned":[1,4,6,8,18,19,20,27,38,39,48,55],"ascension_level":20}}