{"host":"6ggzka4dag2kvku2","time":1614435631,"event":{"mods":["AchievementEnabler","BaseMod","DeckTracker","Minty Spire (QoL Compilation)","Permanent Neow","Quick Restart","SuperFastMode"],"gold_per_floor":[113,123,136,136,136,136,179,179,205,219,235,48,19,37,37,167,167,187,462,481,481,391,731,745,515,568,568,612,385,400,443,443,569,569,590,65,65,85,101,101,144,168,168,184,184,200,200,200,200,200,200],"floor_reached":50,"language":"KOR","playtime":8333,"items_purged":["Strike_P+1"],"score":720,"play_id":"f8bf1ce1-8eb9-4cda-b219-d5a25feb1368","local_time":"20210227232031","is_ascension_mode":true,"campfire_choices":[{"data":"Vault","floor":6,"key":"SMITH"},{"data":"LessonLearned","floor":8,"key":"SMITH"},{"data":"Apotheosis","floor":15,"key":"SMITH"},{"floor":27,"key":"REST"},{"floor":32,"key":"REST"},{"floor":40,"key":"REST"},{"floor":45,"key":"REST"},{"floor":47,"key":"REST"},{"floor":49,"key":"REST"}],"circlet_count":0,"master_deck":["Strike_P+1","Strike_P+1","Strike_P+1","Defend_P+1","Defend_P+1","Defend_P+1","Defend_P","Eruption","Vigilance+1","Vault+1","Crescendo+1","MentalFortress+1","CrushJoints","LessonLearned+1","Crescendo","ClearTheMind+1","Apotheosis+1","Sanctity+1","Ragnarok+1","ClearTheMind+1","Adaptation+1","Study","Establishment","SignatureMove","Conserve Battery+1","Rage+1","Leg Sweep+1","Injury","EmptyMind+1","Tools of the Trade+1","ClearTheMind","Purity"],"relics":["HolyWater","Golden Idol","Art of War","Happy Flower","Old Coin","Bag of Preparation","Pen Nib","Bottled Flame","ClockworkSouvenir","Nunchaku","Cursed Key","Ice Cream","PrismaticShard","HornCleat","Frozen Egg 2"],"acts_visited":["Exordium","TheCity","TheBeyond"],"potions_floor_usage":[3,23,33,33,38,41,44],"damage_taken":[{"damage":4,"enemies":"Jaw Worm","floor":1,"turns":6},{"damage":1,"enemies":"Small Slimes","floor":2,"turns":3},{"damage":6,"enemies":"2 Louse","floor":3,"turns":3},{"damage":0,"enemies":"Lagavulin","floor":7,"turns":5},{"damage":2,"enemies":"2 Fungi Beasts","floor":10,"turns":3},{"damage":1,"enemies":"Exordium Thugs","floor":11,"turns":3},{"damage":0,"enemies":"Looter","floor":14,"turns":2},{"damage":3,"enemies":"The Guardian","floor":16,"turns":10},{"damage":0,"enemies":"Chosen","floor":18,"turns":5},{"damage":18,"enemies":"Shell Parasite","floor":20,"turns":4},{"damage":10,"enemies":"Gremlin Leader","floor":23,"turns":5},{"damage":1,"enemies":"Centurion and Healer","floor":24,"turns":6},{"damage":10,"enemies":"Book of Stabbing","floor":28,"turns":5},{"damage":0,"enemies":"3 Cultists","floor":30,"turns":2},{"damage":18,"enemies":"Slavers","floor":31,"turns":4},{"damage":12,"enemies":"Champ","floor":33,"turns":6},{"damage":16,"enemies":"Orb Walker","floor":35,"turns":5},{"damage":25,"enemies":"3 Darklings","floor":38,"turns":3},{"damage":5,"enemies":"Spire Growth","floor":39,"turns":4},{"damage":15,"enemies":"Reptomancer","floor":41,"turns":5},{"damage":12,"enemies":"Transient","floor":42,"turns":5},{"damage":11,"enemies":"3 Darklings","floor":44,"turns":4},{"damage":0,"enemies":"Jaw Worm Horde","floor":46,"turns":3},{"damage":77,"enemies":"Time Eater","floor":50,"turns":5}],"seed_played":"-1326075450848079242","potions_obtained":[{"floor":2,"key":"Swift Potion"},{"floor":3,"key":"AttackPotion"},{"floor":11,"key":"Fire Potion"},{"floor":16,"key":"Explosive Potion"},{"floor":24,"key":"LiquidBronze"},{"floor":30,"key":"FearPotion"},{"floor":31,"key":"PowerPotion"},{"floor":39,"key":"Block Potion"},{"floor":41,"key":"Regen Potion"},{"floor":46,"key":"SpeedPotion"}],"is_trial":false,"path_per_floor":["M","M","M","?","?","R","E","R","T","M","M","$","?","M","R","B",null,"M","?","M","?","?","E","M","$","T","R","E","$","M","E","R","B",null,"M","$","?","M","M","R","E","M","T","M","R","M","R","?","R","B"],"character_chosen":"WATCHER","items_purchased":["Apotheosis","Bag of Preparation","Study","ClockworkSouvenir","Ice Cream","SignatureMove","PrismaticShard"],"campfire_rested":6,"item_purchase_floors":[12,25,29,29,36,36,36],"current_hp_per_floor":[47,46,40,26,26,26,26,26,26,24,23,23,23,23,23,20,67,67,67,49,49,49,39,38,38,38,58,48,48,48,30,50,38,67,51,51,51,26,21,41,26,14,14,15,35,35,55,55,67,0,0],"gold":200,"neow_bonus":"THREE_RARE_CARDS","is_daily":false,"chose_seed":false,"campfire_upgraded":3,"win_rate":0.0,"timestamp":1614435631,"path_taken":["M","M","M","?","?","R","E","R","T","M","M","$","?","M","R","BOSS","M","?","?","?","?","E","M","$","T","R","E","$","?","E","R","BOSS","M","$","?","M","M","R","E","?","T","M","R","M","R","?","R","BOSS"],"items_purchased_type":["Card","Relic","Card","Relic","Relic","Card","Relic"],"build_version":"2020-12-22","purchased_purges":1,"victory":false,"max_hp_per_floor":[72,72,72,72,67,67,67,67,67,67,67,67,67,67,67,67,67,67,67,67,67,67,67,67,67,67,67,67,67,67,67,67,67,67,67,67,67,67,67,67,67,67,67,67,67,67,67,67,67,67,67],"card_choices":[{"not_picked":["Ragnarok","Establishment"],"picked":"Vault","floor":0},{"not_picked":["Halt","EmptyMind"],"picked":"Crescendo","floor":1},{"not_picked":["PathToVictory","WindmillStrike"],"picked":"MentalFortress","floor":2},{"not_picked":["DeceiveReality","EmptyBody"],"picked":"CrushJoints","floor":3},{"not_picked":["ClearTheMind","Judgement"],"picked":"LessonLearned","floor":7},{"not_picked":["Consecrate","ThirdEye"],"picked":"Crescendo","floor":10},{"not_picked":["SignatureMove","Vengeance"],"picked":"ClearTheMind","floor":11},{"not_picked":["CrushJoints","LikeWater"],"picked":"Sanctity","floor":14},{"not_picked":["Wish","Devotion"],"picked":"Ragnarok","floor":16},{"not_picked":["Perseverance","BowlingBash","FlyingSleeves+1"],"picked":"SKIP","floor":18},{"not_picked":["Nirvana","ReachHeaven","Fasting2"],"picked":"SKIP","floor":20},{"not_picked":["FlurryOfBlows","CrushJoints+1"],"picked":"ClearTheMind+1","floor":23},{"not_picked":["EmptyBody","CarveReality","CutThroughFate"],"picked":"SKIP","floor":24},{"not_picked":["LikeWater","ForeignInfluence"],"picked":"Adaptation","floor":28},{"not_picked":["Wireheading","FlyingSleeves","SashWhip+1"],"picked":"SKIP","floor":30},{"not_picked":["Evaluate","EmptyFist"],"picked":"Establishment","floor":31},{"not_picked":["Crescendo+1","EmptyBody","Nirvana+1"],"picked":"SKIP","floor":35},{"not_picked":["Deep Breath","EmptyBody+1"],"picked":"Conserve Battery+1","floor":38},{"not_picked":["CrushJoints","Sunder+1"],"picked":"Rage+1","floor":39},{"not_picked":["JustLucky+1","Cloak And Dagger+1"],"picked":"Leg Sweep+1","floor":41},{"not_picked":["Shrug It Off+1","Iron Wave+1","Slice"],"picked":"SKIP","floor":42},{"not_picked":["Predator","Swift Strike+1"],"picked":"EmptyMind+1","floor":44},{"not_picked":["Heavy Blade+1","Coolheaded"],"picked":"Tools of the Trade+1","floor":46}],"player_experience":161354,"relics_obtained":[{"floor":7,"key":"Art of War"},{"floor":9,"key":"Happy Flower"},{"floor":23,"key":"Old Coin"},{"floor":26,"key":"Pen Nib"},{"floor":28,"key":"Bottled Flame"},{"floor":31,"key":"Nunchaku"},{"floor":41,"key":"HornCleat"},{"floor":43,"key":"Frozen Egg 2"}],"event_choices":[{"damage_healed":0,"gold_gain":0,"player_choice":"Entered Light","damage_taken":14,"max_hp_gain":0,"max_hp_loss":0,"event_name":"Shining Light","floor":4,"gold_loss":0,"cards_upgraded":["Strike_P","Strike_P"]},{"damage_healed":0,"gold_gain":0,"player_choice":"Lose Max HP","damage_taken":0,"relics_obtained":["Golden Idol"],"max_hp_gain":0,"max_hp_loss":5,"event_name":"Golden Idol","floor":5,"gold_loss":0},{"damage_healed":0,"gold_gain":0,"player_choice":"Left Gold","damage_taken":0,"max_hp_gain":0,"max_hp_loss":0,"event_name":"World of Goop","floor":13,"gold_loss":29},{"damage_healed":0,"gold_gain":275,"player_choice":"Desecrate","damage_taken":0,"max_hp_gain":0,"max_hp_loss":0,"event_name":"Golden Shrine","floor":19,"gold_loss":0,"cards_obtained":["Regret"]},{"damage_healed":0,"gold_gain":0,"player_choice":"Ignored","damage_taken":0,"max_hp_gain":0,"max_hp_loss":0,"event_name":"Ghosts","floor":21,"gold_loss":0},{"cards_removed":["Regret"],"damage_healed":0,"gold_gain":0,"player_choice":"Upgrade and Remove","damage_taken":0,"max_hp_gain":0,"max_hp_loss":0,"event_name":"Designer","floor":22,"gold_loss":90,"cards_upgraded":["Sanctity"]},{"damage_healed":0,"gold_gain":0,"player_choice":"Upgraded","damage_taken":0,"max_hp_gain":0,"max_hp_loss":0,"event_name":"Upgrade Shrine","floor":37,"gold_loss":0,"cards_upgraded":["MentalFortress"]},{"damage_healed":0,"gold_gain":0,"player_choice":"2 cards matched","damage_taken":0,"max_hp_gain":0,"max_hp_loss":0,"event_name":"Match and Keep!","floor":48,"gold_loss":0,"cards_obtained":["ClearTheMind","Purity"]}],"is_beta":false,"boss_relics":[{"not_picked":["Fusion Hammer","Runic Dome"],"picked":"HolyWater"},{"not_picked":["Snecko Eye","Philosopher\u0027s Stone"],"picked":"Cursed Key"}],"items_purged_floors":[25],"is_endless":false,"potions_floor_spawned":[2,3,11,16,18,24,30,31,39,41,46],"killed_by":"Time Eater","ascension_level":2}}