{"host":"uyfpom4rlahfoee4","time":1614391072,"event":{"mods":["BaseMod","Downfall","Minty Spire (QoL Compilation)","StSLib"],"gold_per_floor":[99,109,121,221,239,249,249,268,268,443,443,454,454,38,57,158,158,158,169,187,187,198,198,223,240,253,153,163,180,195,214,224,320,320,320,334,347,347,75,75,102,151,170,170,170,190,240,29,29,29,29],"floor_reached":49,"language":"ENG","playtime":2735,"items_purged":["Doubt"],"score":487,"play_id":"3299f637-3900-4c21-a534-044c02bf1128","local_time":"20210226175752","is_ascension_mode":false,"campfire_choices":[{"data":"Dramatic Entrance","floor":1,"key":"SMITH"},{"data":"bronze:Replicate","floor":9,"key":"SMITH"},{"data":"bronze:BronzeOrb","floor":11,"key":"SMITH"},{"data":"bronze:WhirlingStrike","floor":13,"key":"SMITH"},{"data":"bronze:Library","floor":18,"key":"SMITH"},{"floor":23,"key":"REST"},{"data":"Panacea","floor":27,"key":"SMITH"},{"data":"bronze:Hardcode","floor":35,"key":"SMITH"},{"data":"bronze:Repulsor","floor":45,"key":"SMITH"}],"circlet_count":0,"master_deck":["bronze:Strike","bronze:Strike","bronze:Strike","bronze:Strike","bronze:Defend","bronze:Defend","bronze:Defend","bronze:Defend","bronze:Replicate+1","bronze:Goto","Dramatic Entrance+1","bronze:Backtrace","bronze:Branch","CurseOfTheBell","CurseOfTheBell","bronze:BugBarrage","bronze:BronzeOrb+1","bronze:Deprecate","bronze:WhirlingStrike+1","Panacea+1","bronze:InfiniteLoop+1","bronze:Philosophize","bronze:Library+1","bronze:WildBeam","bronze:WhirlingStrike","bronze:Turbo+1","bronze:Optimize+1","bronze:DelayedSlice+1","bronze:Boost+1","bronze:DelayedGuard+1","bronze:Iterate","bronze:OilSpill+1","bronze:Hardcode+1","bronze:Turbo+1","bronze:BuggyMess","bronze:CloningBeam","bronze:Repulsor+1","bronze:Shield","expansioncontent:LastStand","bronze:FineTuning","bronze:ForLoop+1","bronze:BugBarrage+1","bronze:Repulsor","bronze:Shield"],"relics":["bronze:PlatinumCore","downfall:ExtraCursedBell","Tiny Chest","Ornamental Fan","Gambling Chip","Pantograph","Bottled Flame","Busted Crown","downfall:HeartBlessingBlue","White Beast Statue","Slimebound:StickyStick","Art of War","Boot","Strawberry"],"acts_visited":["Exordium","TheCity","TheBeyond"],"potions_floor_usage":[16,16,25,33,33,43,43,46,48],"damage_taken":[{"damage":0,"enemies":"Small Slimes","floor":2,"turns":2},{"damage":0,"enemies":"2 Louse","floor":3,"turns":1},{"damage":0,"enemies":"Cultist","floor":5,"turns":2},{"damage":0,"enemies":"Exordium Thugs","floor":6,"turns":2},{"damage":15,"enemies":"Large Slime","floor":8,"turns":7},{"damage":0,"enemies":"Blue Slaver","floor":12,"turns":2},{"damage":0,"enemies":"downfall:FleeingMerchant","floor":14,"turns":4},{"damage":0,"enemies":"2 Fungi Beasts","floor":15,"turns":1},{"damage":60,"enemies":"SI_SHIV_ARCHETYPE","floor":16,"turns":17},{"damage":0,"enemies":"downfall:LooterAlt2","floor":19,"turns":2},{"damage":0,"enemies":"Spheric Guardian","floor":20,"turns":3},{"damage":18,"enemies":"Cultist and Chosen","floor":22,"turns":5},{"damage":6,"enemies":"Snake Plant","floor":25,"turns":5},{"damage":2,"enemies":"3 Cultists","floor":26,"turns":5},{"damage":6,"enemies":"Snecko","floor":28,"turns":4},{"damage":11,"enemies":"Centurion and Healer","floor":29,"turns":6},{"damage":0,"enemies":"Sentry and Sphere","floor":30,"turns":3},{"damage":4,"enemies":"Cultist and Chosen","floor":31,"turns":5},{"damage":0,"enemies":"Shelled Parasite and Fungi","floor":32,"turns":4},{"damage":60,"enemies":"DF_ARCHETYPE_CLAW","floor":33,"turns":7},{"damage":0,"enemies":"3 Shapes","floor":36,"turns":3},{"damage":8,"enemies":"3 Darklings","floor":37,"turns":3},{"damage":8,"enemies":"downfall:FleeingMerchant","floor":39,"turns":4},{"damage":3,"enemies":"Writhing Mass","floor":43,"turns":7},{"damage":9,"enemies":"Jaw Worm Horde","floor":46,"turns":3},{"damage":0,"enemies":"downfall:FleeingMerchant","floor":48,"turns":4},{"damage":2,"enemies":"Transient","floor":49,"turns":4}],"seed_played":"814530578685696602","potions_obtained":[{"floor":5,"key":"FearPotion"},{"floor":8,"key":"Regen Potion"},{"floor":12,"key":"hexamod:SoulburnPotion"},{"floor":22,"key":"Block Potion"},{"floor":28,"key":"SpeedPotion"},{"floor":29,"key":"ColorlessPotion"},{"floor":31,"key":"CultistPotion"},{"floor":36,"key":"Block Potion"},{"floor":39,"key":"LiquidMemories"},{"floor":43,"key":"PowerPotion"},{"floor":46,"key":"Dexterity Potion"},{"floor":48,"key":"BlessingOfTheForge"}],"is_trial":false,"path_per_floor":["R","M","M","?","M","M","T","M","R","?","R","M","R","$","M","B",null,"R","M","M","?","M","R","T","M","M","R","M","M","M","M","M","B",null,"R","M","M","T","$","?","T","T","M","?","R","M","T","$","M"],"character_chosen":"THE_AUTOMATON","items_purchased":["Bottled Flame","Panacea","bronze:InfiniteLoop","Slimebound:StickyStick","bronze:Repulsor","bronze:Shield","bronze:Repulsor","bronze:Shield"],"campfire_rested":1,"item_purchase_floors":[14,14,14,39,39,39,48,48],"current_hp_per_floor":[70,70,70,70,70,70,70,55,55,55,55,55,55,55,55,10,70,70,70,70,70,52,70,70,64,62,72,66,55,55,51,51,25,80,80,80,72,72,64,64,64,64,61,61,61,52,59,59,57,57,57],"gold":29,"neow_bonus":"RANDOM_COLORLESS","is_daily":false,"chose_seed":false,"campfire_upgraded":8,"win_rate":0.0,"timestamp":1614391072,"path_taken":["R","M","M","?","M","M","T","M","R","?","R","M","R","$","M","BOSS","R","M","M","?","M","R","T","M","M","R","M","M","M","?","M","BOSS","R","M","M","?","$","?","T","?","M","?","R","M","?","$","M"],"items_purchased_type":["Relic","Card","Card","Relic","Card","Card","Card","Card"],"build_version":"2020-12-22","purchased_purges":1,"victory":false,"max_hp_per_floor":[70,70,70,70,70,70,70,70,70,70,70,70,70,70,70,70,70,70,70,70,70,70,70,70,70,70,80,80,80,80,80,80,80,80,80,80,80,80,80,80,80,80,80,80,80,80,87,87,87,87,87],"card_choices":[{"not_picked":["Purity","Mind Blast"],"picked":"Dramatic Entrance","floor":0},{"not_picked":["bronze:Frontload","bronze:Turbo"],"picked":"bronze:Backtrace","floor":2},{"not_picked":["bronze:FineTuning","bronze:Invalidate"],"picked":"bronze:Branch","floor":3},{"not_picked":["bronze:FindAndReplace","bronze:BitShift"],"picked":"bronze:BugBarrage","floor":5},{"not_picked":["bronze:Return","bronze:Frontload"],"picked":"bronze:BronzeOrb","floor":6},{"not_picked":["bronze:CloningBeam","bronze:Return"],"picked":"bronze:Deprecate","floor":8},{"not_picked":["bronze:Optimize","bronze:ChosenStrike"],"picked":"bronze:WhirlingStrike","floor":12},{"not_picked":["bronze:ChildClass","bronze:FollowUp","bronze:Optimize"],"picked":"SKIP","floor":14},{"not_picked":["bronze:Branch","bronze:DelayedGuard"],"picked":"bronze:Philosophize","floor":15},{"not_picked":["bronze:BurnOut","bronze:InfiniteLoop"],"picked":"bronze:Library","floor":16},{"not_picked":[],"picked":"bronze:WildBeam","floor":19},{"not_picked":[],"picked":"bronze:WhirlingStrike","floor":20},{"not_picked":[],"picked":"bronze:Turbo+1","floor":22},{"not_picked":[],"picked":"bronze:Optimize+1","floor":25},{"not_picked":[],"picked":"bronze:DelayedSlice+1","floor":26},{"not_picked":[],"picked":"bronze:Boost+1","floor":28},{"not_picked":["bronze:DelayedSlice"],"picked":"SKIP","floor":29},{"not_picked":[],"picked":"bronze:DelayedGuard+1","floor":30},{"not_picked":[],"picked":"bronze:Iterate","floor":31},{"not_picked":[],"picked":"bronze:OilSpill+1","floor":32},{"not_picked":[],"picked":"bronze:Hardcode","floor":33},{"not_picked":[],"picked":"bronze:Turbo+1","floor":36},{"not_picked":[],"picked":"bronze:BuggyMess","floor":37},{"not_picked":[],"picked":"bronze:CloningBeam","floor":39},{"not_picked":["expansioncontent:Chronoboost","expansioncontent:YouAreMine"],"picked":"expansioncontent:LastStand","floor":40},{"not_picked":[],"picked":"bronze:FineTuning","floor":43},{"not_picked":[],"picked":"bronze:ForLoop+1","floor":46},{"not_picked":[],"picked":"bronze:BugBarrage+1","floor":48}],"player_experience":229683,"relics_obtained":[{"floor":4,"key":"Tiny Chest"},{"floor":4,"key":"Ornamental Fan"},{"floor":4,"key":"Gambling Chip"},{"floor":7,"key":"Pantograph"},{"floor":38,"key":"White Beast Statue"},{"floor":41,"key":"Art of War"},{"floor":42,"key":"Boot"},{"floor":47,"key":"Strawberry"}],"event_choices":[],"is_beta":false,"boss_relics":[{"not_picked":["Empty Cage","Velvet Choker"],"picked":"Busted Crown"},{"not_picked":["SacredBark","Astrolabe"],"picked":"bronze:PlatinumCore"}],"items_purged_floors":[48],"is_endless":false,"potions_floor_spawned":[5,8,12,15,22,28,29,30,31,32,36,39,43,46,48],"killed_by":"Transient","ascension_level":0}}