{"host":"gxcrkmpoa14hk0os","time":1614452312,"event":{"mods":["AchievementEnabler","BaseMod","Better Third Choice","BetterRewards","Conspire","Hubris","Infinite Spire","Minty Spire (QoL Compilation)","Relic Stats","Replay The Spire","Shop Mod","StSLib"],"gold_per_floor":[113,113,56,56,76,94,112,132,132,132,161,161,172,192,192,296,346,362,94,110,110,110],"floor_reached":21,"language":"ENG","playtime":1448,"items_purged":["Strike_P"],"score":183,"play_id":"23f8aa90-85d5-49e1-bb18-da131fb09020","local_time":"20210227125832","is_ascension_mode":false,"campfire_choices":[{"floor":15,"key":"REST"}],"circlet_count":0,"master_deck":["Strike_P","Strike_P+1","Strike_P","Defend_P","Defend_P+1","Defend_P+1","Defend_P","Eruption+1","Vigilance","ThirdEye","Tantrum","Tantrum","Evaluate","FollowUp+1","SashWhip","EmptyBody","SandsOfTime","LessonLearned","ThirdEye","Nirvana","FearNoEvil+1"],"relics":["PureWater","NeowsBlessing","infinitespire:PuzzleCube","MerchantsRug"],"acts_visited":["Exordium","TheCity"],"potions_floor_usage":[11,13,16,18],"damage_taken":[{"damage":0,"enemies":"Jaw Worm","floor":1,"turns":1},{"damage":0,"enemies":"2 Louse","floor":5,"turns":1},{"damage":0,"enemies":"Cultist","floor":6,"turns":1},{"damage":3,"enemies":"Large Slime","floor":7,"turns":4},{"damage":7,"enemies":"Blue Slaver","floor":8,"turns":3},{"damage":27,"enemies":"Gremlin Nob","floor":11,"turns":5},{"damage":6,"enemies":"Gremlin Gang","floor":13,"turns":2},{"damage":0,"enemies":"Exordium Wildlife","floor":14,"turns":3},{"damage":26,"enemies":"Hexaghost","floor":16,"turns":6},{"damage":35,"enemies":"conspire:FuzzyDice","floor":18,"turns":5},{"damage":27,"enemies":"Shell Parasite","floor":20,"turns":6},{"damage":0,"enemies":"conspire:HollyBat","floor":21,"turns":1}],"seed_played":"-8796813808600666663","potions_obtained":[{"floor":1,"key":"Venom Potion"},{"floor":7,"key":"Cursed Concoction"},{"floor":11,"key":"Weak Potion"},{"floor":17,"key":"PowerPotion"}],"is_trial":false,"path_per_floor":["M","?","$","?","M","M","M","M","T","?","E","?","M","M","R","B",null,"M","$","M","M"],"character_chosen":"WATCHER","items_purchased":["Tantrum","Nirvana","MerchantsRug"],"campfire_rested":1,"item_purchase_floors":[3,19,19],"current_hp_per_floor":[72,58,58,58,58,58,55,48,48,48,21,21,15,15,36,10,77,42,42,15,15,15],"gold":110,"neow_bonus":"THREE_ENEMY_KILL","is_daily":false,"chose_seed":false,"campfire_upgraded":0,"win_rate":0.0,"timestamp":1614452312,"path_taken":["M","?","$","?","M","M","?","M","T","?","E","?","M","M","R","BOSS","M","$","M","?"],"items_purchased_type":["Card","Card","Relic"],"build_version":"2020-12-22","purchased_purges":1,"victory":false,"max_hp_per_floor":[72,72,72,72,72,72,72,72,72,72,72,72,72,72,72,72,77,77,77,77,77,77],"relic_stats":{"counters":[12,38],"obtain_stats":[{"MerchantsRug":19,"Tiny House":17,"NeowsBlessing":0,"PureWater":0,"infinitespire:PuzzleCube":11},{"MerchantsRug":10,"Tiny House":9,"NeowsBlessing":0,"PureWater":0,"infinitespire:PuzzleCube":6},{"MerchantsRug":31,"Tiny House":26,"NeowsBlessing":0,"PureWater":0,"infinitespire:PuzzleCube":15}]},"card_choices":[{"not_picked":["EmptyFist","Prostrate"],"picked":"ThirdEye","floor":1},{"not_picked":["PathToVictory","Consecrate"],"picked":"Evaluate","floor":5},{"not_picked":["ReachHeaven","BattleHymn","FlurryOfBlows"],"picked":"SKIP","floor":6},{"not_picked":["Halt","LikeWater"],"picked":"FollowUp","floor":7},{"not_picked":["Evaluate","Prostrate"],"picked":"SashWhip","floor":8},{"not_picked":["WindmillStrike","FlurryOfBlows"],"picked":"EmptyBody","floor":11},{"not_picked":["WreathOfFlame","PathToVictory","ThirdEye"],"picked":"SKIP","floor":13},{"not_picked":["FlyingSleeves","ReachHeaven"],"picked":"SandsOfTime","floor":14},{"not_picked":["DeusExMachina","Omniscience"],"picked":"LessonLearned","floor":16},{"not_picked":["EmptyFist","Consecrate"],"picked":"ThirdEye","floor":17},{"not_picked":["LikeWater","FollowUp","Study"],"picked":"SKIP","floor":18},{"not_picked":["SashWhip","Evaluate"],"picked":"FearNoEvil+1","floor":20}],"player_experience":618765,"relics_obtained":[{"floor":11,"key":"infinitespire:PuzzleCube"}],"event_choices":[{"damage_healed":72,"gold_gain":0,"player_choice":"Upgrade","damage_taken":14,"max_hp_gain":0,"max_hp_loss":72,"event_name":"betterThird:BetterShining","floor":2,"gold_loss":0,"cards_upgraded":["Strike_P","Defend_P"]},{"damage_healed":0,"gold_gain":0,"player_choice":"Bought 0 Potions","damage_taken":0,"max_hp_gain":0,"max_hp_loss":0,"event_name":"The Woman in Blue","floor":4,"gold_loss":0},{"damage_healed":0,"gold_gain":0,"player_choice":"Ignored","damage_taken":132,"max_hp_gain":0,"max_hp_loss":0,"event_name":"betterThird:BetterSerpent","floor":10,"gold_loss":0},{"damage_healed":0,"gold_gain":0,"player_choice":"Forge","damage_taken":0,"max_hp_gain":0,"max_hp_loss":0,"event_name":"Accursed Blacksmith","floor":12,"gold_loss":0,"cards_upgraded":["Eruption"]}],"is_beta":false,"boss_relics":[{"not_picked":["Coffee Dripper","Replay:Wanted Poster"],"picked":"Tiny House"}],"items_purged_floors":[19],"is_endless":false,"potions_floor_spawned":[1,7,11],"killed_by":"conspire:HollyBat","ascension_level":0}}