{"host":"9rqk712yu6s3287p","time":1614429684,"event":{"mods":["ATMod(°¢èªMod)","Act Like it!","BaseMod","CapriCore","Chen","Gensokyo","Googly Eyes","Marisa£¨ìFÓê¡¡Ä§ÀíÉ³£©","Minty Spire (QoL Compilation)","MostiFishMod","Onozuka Komachi Mod","Reimu£¨²©ÀöÁéÃÎ£©","Remilia_Scarlet Moed£¨ÀÙÃ×ÀòÑÇ¡¤Ë¹¿¨À×ÌØ£©3.3.5","Remilia£¨ÀÙÃ×ÀòÑÇ£©","Replay The Spire","RumiaBox-Â¶Ã×æ«µÄÉñÃØºÐ×Ó","StSLib","The Administrix","The Immortal","The Servant 0.9.4","Yakumo Yukari mod","Youmu£¨»êÆÇÑýÃÎ£©","Yuyuko","[IsaacMod]ÒÔÈö¼âËþ","¡¾ÒÅÎï¿¨ÅÆ¡¿REMEMod","²ÐÁôÖ®Îï"],"gold_per_floor":[138,180,213,273,273,357,357,357],"floor_reached":7,"language":"ZHS","playtime":332,"items_purged":[],"score":226,"play_id":"dd88996a-c7c7-429e-b638-a4a5670abe15","local_time":"20210227204124","daily_mods":["Shiny","Vintage","Heirloom","Time Dilation","Flight","Elite Swarm","Lethality","Midas","Binary"],"is_ascension_mode":true,"campfire_choices":[],"circlet_count":0,"master_deck":["AscendersBane","TricksterDevil","BatForm+1","ForecastOfChange+1","CurseOfVladTepes+1","ScarletMeister","QueenOfMidnight+1","BloodyHallows","HeartBreak+1","BloodRain","EquivalentExchange","KillingBlow","BloodyCatastrophe","ChaoticDestiny+1","BloodySeventeenLaser","HellCatastrophe","ScarletCoffin+1","DemonKingCradle","TransientEternity","CeilingFear+1"],"relics":["Snecko Eye","Busted Crown","AT_ATBox","DaveBox","REME_ComplimentaryCards","HushsDoor","BookOfRevelations","RhineCircuit","Mango","Girya","AT_RedTearstoneRing","SynthV:TestCard","Smiling Mask","NineVolt","DeadEye","GodSword1","Blue Candle","War Paint","GnawedLeaf","PreservedInsect","Bag of Preparation","GodSword6"],"acts_visited":["Exordium"],"potions_floor_usage":[3,6],"damage_taken":[{"damage":0.0,"enemies":"Jaw Worm","floor":1.0,"turns":2.0},{"damage":5,"enemies":"Small Slimes","floor":2,"turns":5},{"damage":8,"enemies":"Cultist","floor":3,"turns":3},{"damage":31,"enemies":"Looter","floor":4,"turns":2},{"damage":0,"enemies":"Lagavulin","floor":6,"turns":3},{"damage":12,"enemies":"Replay:BlueRogue","floor":7,"turns":3}],"seed_played":"255997380961187421","potions_obtained":[{"floor":1.0,"key":"Explosive Potion"},{"floor":2,"key":"EntropicBrew"},{"floor":2,"key":"PowerPotion"},{"floor":3,"key":"Fruit Juice"},{"floor":3,"key":"SkillPotion"},{"floor":4,"key":"Regen Potion"},{"floor":6,"key":"Explosive Potion"}],"is_trial":true,"path_per_floor":["M","M","M","M","?","E","E"],"character_chosen":"REMILIA","items_purchased":[],"campfire_rested":0,"item_purchase_floors":[],"current_hp_per_floor":[78,73,78,89,78,87,75,75],"gold":357,"neow_bonus":"","is_daily":false,"chose_seed":false,"campfire_upgraded":0,"win_rate":0.0,"timestamp":1614429684,"path_taken":["M","M","M","M","?","E","E"],"items_purchased_type":[],"build_version":"2020-12-22","purchased_purges":0,"victory":false,"max_hp_per_floor":[84,84,89,89,89,89,89,89],"card_choices":[{"not_picked":["BloodyHallows","CeilingFear"],"picked":"SKIP","floor":6}],"player_experience":631899,"relics_obtained":[{"floor":1.0,"key":"Girya"},{"floor":1.0,"key":"AT_RedTearstoneRing"},{"floor":1.0,"key":"SynthV:TestCard"},{"floor":2,"key":"Smiling Mask"},{"floor":2,"key":"NineVolt"},{"floor":2,"key":"DeadEye"},{"floor":3,"key":"GodSword1"},{"floor":3,"key":"Blue Candle"},{"floor":4,"key":"War Paint"},{"floor":4,"key":"GnawedLeaf"},{"floor":6,"key":"Bag of Preparation"},{"floor":6,"key":"GodSword6"}],"event_choices":[{"damage_healed":0,"gold_gain":0,"player_choice":"Success","damage_taken":11,"relics_obtained":["PreservedInsect"],"max_hp_gain":0,"max_hp_loss":0,"event_name":"Scrap Ooze","floor":5,"gold_loss":0}],"is_beta":false,"boss_relics":[],"items_purged_floors":[],"is_endless":false,"potions_floor_spawned":[3,4,6],"killed_by":"Replay:BlueRogue","ascension_level":20}}