{"host":"zefmhu9ryehjj4p1","time":1614431234,"event":{"mods":["100% Spire Juice","2.2 Compatiblity","Act Like it!","Aspiration","Aya Shameimaru","BaseMod","Beaked The Cultist","Better Note","CapriCore","ChefMod","Colored Powertips","Dark Map","DeckTracker","Downfall","Ekko","Elementarium","Friendly Minions","Gensokyo","Hallownest","Hermit","Highlight Path","Hubris","Infinite Spire","Koishi","LagranYue(???·?)","Library of Ruina","Library of Ruina Extra","Luminous","Marisa????????","Minty Spire (QoL Compilation)","Random Character Button","Reimu??????","Reliquary","Remilia??????","Replay The Spire","Ruina","Shade Mod","Shapeshifter Mod","StSLib","The Administrix","The Blue Laboratory","The Bug Knight","The Construct","The Cursed","The Gatherer","The Hierophant","The Immortal","The Judge","The Marked","The Mystic","The Runesmith","The Senshi","The Servant 0.9.4","The Vixen","The Wild Card","TheVacant","Wandering Minibosses"],"gold_per_floor":[214,232,245,245,255,289,289,289,289,289,314,325,272,237,237,237,237],"floor_reached":16,"language":"ENG","playtime":753,"items_purged":[],"score":110,"play_id":"2082ff3b-b1ae-4a7a-9e70-0a6312a21632","local_time":"20210227140714","is_ascension_mode":false,"campfire_choices":[{"floor":7,"key":"REST"},{"floor":15,"key":"REST"}],"circlet_count":0,"master_deck":["hermit:Strike_Hermit","hermit:Strike_Hermit","hermit:Strike_Hermit","hermit:Strike_Hermit","hermit:Defend_Hermit","hermit:Defend_Hermit","hermit:Defend_Hermit","hermit:Defend_Hermit","hermit:Snapshot","hermit:Covet","hermit:HighCaliber+1","hermit:Coalescence+1","hermit:ItchyTrigger","hermit:Grudge","hermit:Vantage"],"relics":["hermit:Momento","BranchBurnRelic","aspiration:EmptySkull","reliquary:PartyBalloon"],"acts_visited":["Exordium"],"potions_floor_usage":[],"damage_taken":[{"damage":0,"enemies":"Cultist","floor":1,"turns":4},{"damage":0,"enemies":"2 Louse","floor":2,"turns":1},{"damage":1,"enemies":"Jaw Worm","floor":3,"turns":3},{"damage":10,"enemies":"2 Fungi Beasts","floor":5,"turns":4},{"damage":43,"enemies":"Lagavulin","floor":6,"turns":8},{"damage":17,"enemies":"Gremlin Nob","floor":11,"turns":4},{"damage":1,"enemies":"Large Slime","floor":12,"turns":7},{"damage":77,"enemies":"Hexaghost","floor":16,"turns":14}],"seed_played":"3371844505746272364","potions_obtained":[{"floor":3,"key":"hermit:Tonic"}],"is_trial":false,"path_per_floor":["M","M","M","?","M","E","R","?","T","?","E","M","$","?","R","B"],"character_chosen":"HERMIT","items_purchased":["hermit:Vantage"],"campfire_rested":2,"item_purchase_floors":[13],"current_hp_per_floor":[75,75,74,74,64,21,43,25,25,25,20,19,19,37,59,0,0],"gold":237,"neow_bonus":"HUNDRED_GOLD","is_daily":false,"chose_seed":false,"campfire_upgraded":0,"win_rate":0.0,"timestamp":1614431234,"path_taken":["M","?","M","?","M","E","R","?","T","?","E","M","?","?","R","BOSS"],"items_purchased_type":["Card"],"build_version":"2020-12-22","purchased_purges":0,"victory":false,"max_hp_per_floor":[75,75,75,75,75,75,75,75,75,75,75,75,75,75,75,75,75],"card_choices":[{"not_picked":["hermit:GoldenBullet","hermit:TrackingShot"],"picked":"hermit:HighCaliber","floor":1},{"not_picked":["hermit:Vantage","hermit:Headshot"],"picked":"hermit:Coalescence","floor":2},{"not_picked":["hermit:Cheat","hermit:Horror","hermit:Virtue"],"picked":"SKIP","floor":3},{"not_picked":["hermit:Manifest","hermit:LoneWolf","hermit:NoHoldsBarred"],"picked":"SKIP","floor":5},{"not_picked":["hermit:Desperado","hermit:DeadMansHand","hermit:Misfire"],"picked":"SKIP","floor":6},{"not_picked":["hermit:BigShot","hermit:SprayPray"],"picked":"hermit:ItchyTrigger","floor":11},{"not_picked":["hermit:Feint","hermit:ItchyTrigger"],"picked":"hermit:Grudge","floor":12}],"player_experience":226441,"relics_obtained":[{"floor":6,"key":"Dead Branch"},{"floor":11,"key":"reliquary:PartyBalloon"}],"event_choices":[{"damage_healed":0,"gold_gain":0,"player_choice":"Success","damage_taken":18,"relics_obtained":["aspiration:EmptySkull"],"max_hp_gain":0,"max_hp_loss":0,"event_name":"Scrap Ooze","floor":8,"gold_loss":0},{"damage_healed":0,"gold_gain":0,"player_choice":"Grow","damage_taken":0,"max_hp_gain":0,"max_hp_loss":0,"event_name":"Living Wall","floor":10,"gold_loss":0,"cards_upgraded":["hermit:Coalescence"]},{"damage_healed":18,"gold_gain":0,"player_choice":"Healed","damage_taken":0,"max_hp_gain":0,"max_hp_loss":0,"event_name":"The Cleric","floor":14,"gold_loss":35}],"is_beta":false,"boss_relics":[],"items_purged_floors":[],"is_endless":false,"potions_floor_spawned":[2,3,11],"killed_by":"Hexaghost","ascension_level":0}}