{"host":"mithrandi","time":1614452972,"event":{"mods":["BaseMod","Colored Map","Highlight Path","Minty Spire (QoL Compilation)","SuperFastMode"],"gold_per_floor":[113,38,50,67,85,116,128,163,190,209,209,228,37,56,56,131,131,146,36,0,0,0,0,0],"floor_reached":23,"language":"ENG","playtime":1547,"items_purged":[],"score":406,"play_id":"0d437cb3-f5f0-411f-9009-1d50214ce91b","local_time":"20210227210932","is_ascension_mode":true,"campfire_choices":[{"floor":11,"key":"REST"},{"data":"Defragment","floor":15,"key":"SMITH"}],"circlet_count":0,"master_deck":["AscendersBane","Strike_B","Strike_B","Defend_B","Defend_B","Defend_B","Defend_B","Zap","Dualcast","Go for the Eyes","Gash","Sweeping Beam","Auto Shields","Capacitor","Leap+1","Gash","Self Repair","Defragment+1","Hologram","Creative AI","Gash","Conserve Battery","Decay"],"relics":["Runic Pyramid","Bag of Marbles","PreservedInsect","Bag of Preparation","Medical Kit","Sozu"],"acts_visited":["Exordium","TheCity"],"potions_floor_usage":[6,8,16,16],"damage_taken":[{"damage":0,"enemies":"Small Slimes","floor":1,"turns":7},{"damage":0,"enemies":"Cultist","floor":3,"turns":4},{"damage":0,"enemies":"2 Louse","floor":4,"turns":3},{"damage":26,"enemies":"Exordium Thugs","floor":5,"turns":6},{"damage":25,"enemies":"3 Sentries","floor":6,"turns":8},{"damage":0,"enemies":"Blue Slaver","floor":7,"turns":4},{"damage":1,"enemies":"Lagavulin","floor":8,"turns":10},{"damage":5,"enemies":"3 Louse","floor":10,"turns":2},{"damage":0,"enemies":"2 Fungi Beasts","floor":12,"turns":3},{"damage":5,"enemies":"Large Slime","floor":14,"turns":6},{"damage":5,"enemies":"The Guardian","floor":16,"turns":11},{"damage":36,"enemies":"3 Byrds","floor":18,"turns":8},{"damage":18,"enemies":"2 Thieves","floor":20,"turns":5},{"damage":23,"enemies":"Gremlin Leader","floor":23,"turns":4}],"seed_played":"-7168708145028769439","potions_obtained":[{"floor":4,"key":"SpeedPotion"},{"floor":5,"key":"ColorlessPotion"},{"floor":6,"key":"Ancient Potion"},{"floor":12,"key":"Block Potion"},{"floor":14,"key":"Block Potion"}],"is_trial":false,"path_per_floor":["M","?","M","M","M","E","M","E","T","M","R","M","$","M","R","B",null,"M","?","M","?","?","E"],"character_chosen":"DEFECT","items_purchased":["Medical Kit","Hologram"],"campfire_rested":1,"item_purchase_floors":[13,13],"current_hp_per_floor":[64,64,64,64,38,13,13,12,12,7,28,35,35,37,37,39,63,34,34,23,23,23,0,0],"gold":0,"neow_bonus":"BOSS_RELIC","is_daily":false,"chose_seed":false,"campfire_upgraded":1,"win_rate":0.0,"timestamp":1614452972,"path_taken":["M","?","M","M","M","E","M","E","T","M","R","M","$","M","R","BOSS","M","?","?","?","?","E"],"items_purchased_type":["Relic","Card"],"build_version":"2020-12-18","purchased_purges":0,"victory":false,"max_hp_per_floor":[71,71,71,71,71,71,71,71,71,71,71,71,71,71,71,71,71,71,71,71,71,71,71,71],"card_choices":[{"not_picked":["Redo","Steam"],"picked":"Go for the Eyes","floor":1},{"not_picked":["Reprogram","Steam Power"],"picked":"Gash","floor":3},{"not_picked":["Stack","Chill"],"picked":"Sweeping Beam","floor":4},{"not_picked":["Turbo","Rebound"],"picked":"Auto Shields","floor":5},{"not_picked":["Fission","Beam Cell"],"picked":"Capacitor","floor":6},{"not_picked":["Streamline","Beam Cell"],"picked":"Leap","floor":7},{"not_picked":["Storm","Stack"],"picked":"Gash","floor":8},{"not_picked":["White Noise","Beam Cell"],"picked":"Self Repair","floor":10},{"not_picked":["Chill","Double Energy"],"picked":"Defragment","floor":12},{"not_picked":["Turbo","Fusion","Beam Cell"],"picked":"SKIP","floor":14},{"not_picked":["Seek","Rainbow"],"picked":"Creative AI","floor":16},{"not_picked":["Melter","Stack"],"picked":"Gash","floor":18},{"not_picked":["Sweeping Beam","Compile Driver"],"picked":"Conserve Battery","floor":20}],"player_experience":3182988,"relics_obtained":[{"floor":6,"key":"Bag of Marbles"},{"floor":8,"key":"PreservedInsect"},{"floor":9,"key":"Bag of Preparation"}],"event_choices":[{"cards_removed":["Strike_B"],"damage_healed":0,"gold_gain":0,"player_choice":"Card Removal","damage_taken":0,"max_hp_gain":0,"max_hp_loss":0,"event_name":"The Cleric","floor":2,"gold_loss":75},{"cards_removed":["Strike_B"],"damage_healed":0,"gold_gain":0,"player_choice":"Upgrade and Remove","damage_taken":0,"max_hp_gain":0,"max_hp_loss":0,"event_name":"Designer","floor":19,"gold_loss":110,"cards_upgraded":["Leap"]},{"damage_healed":0,"gold_gain":0,"player_choice":"Ignored","damage_taken":0,"max_hp_gain":0,"max_hp_loss":0,"event_name":"Cursed Tome","floor":21,"gold_loss":0},{"damage_healed":0,"gold_gain":0,"player_choice":"Smashed Altar","damage_taken":0,"max_hp_gain":0,"max_hp_loss":0,"event_name":"Forgotten Altar","floor":22,"gold_loss":0,"cards_obtained":["Decay"]}],"is_beta":true,"boss_relics":[{"not_picked":["Tiny House","Calling Bell"],"picked":"Sozu"}],"items_purged_floors":[],"is_endless":false,"potions_floor_spawned":[4,5,6,12,14],"killed_by":"Gremlin Leader","ascension_level":20}}