{"host":"q57ekfojy3i00x9o","time":1614412118,"event":{"mods":["Act Like it!","Arknights","Aspiration","BaseMod","Colored Map","Energized Spire","Hermit","Minty Spire (QoL Compilation)","Quick Restart","Ruina","Spicy Shops","Spikes Relics","StSLib","slay the spire mod where everything is the same but ironclad has a cowboy hat"],"gold_per_floor":[144,319,364,409,454,454,529,529,554,644,624,669,133,178,178,478,478,523,523,568,568,568,568],"floor_reached":22,"language":"RUS","playtime":627,"items_purged":["Notoriety"],"score":211,"play_id":"545938d5-2810-4b25-a225-1f6221b1878b","local_time":"20210227124838","daily_mods":["Cursed Run","Diverse","Midas"],"is_ascension_mode":false,"campfire_choices":[{"floor":6,"key":"REST"},{"floor":8,"key":"REST"},{"floor":15,"key":"REST"}],"circlet_count":0,"master_deck":["Strike_B","Strike_B","Strike_B","Strike_B","Defend_B","Defend_B","Defend_B","Defend_B","Zap","Dualcast","Metallicize","Doubt","Sword Boomerang","Flying Knee","ats:Flexible Camouflage","Streamline+1","Cleave+1","Anger+1","hermit:ShadowCloak","Consecrate+1","Notoriety","ats:Calcification+1","hermit:GhostlyPresence","ats:Overload+1","ats:Calcification+1","Cold Snap+1","Iron Wave+1","ruina:CobaltScar"],"relics":["Cursed Key","Darkstone Periapt","Du-Vu Doll","Centennial Puzzle","ats:Originium","Molten Egg 2","Prayer Wheel","Ginger","Sozu"],"acts_visited":["Exordium","ruina:Briah"],"potions_floor_usage":[10,12,14,16],"damage_taken":[{"damage":0,"enemies":"ats:Genji","floor":1,"turns":3},{"damage":0,"enemies":"Cultist","floor":3,"turns":3},{"damage":3,"enemies":"Jaw Worm","floor":4,"turns":3},{"damage":7,"enemies":"3 Louse","floor":5,"turns":2},{"damage":21,"enemies":"3 Sentries","floor":10,"turns":6},{"damage":7,"enemies":"Looter","floor":12,"turns":2},{"damage":0,"enemies":"Large Slime","floor":14,"turns":3},{"damage":60,"enemies":"Hexaghost","floor":16,"turns":8},{"damage":9,"enemies":"ruina:2_Scarecrows","floor":18,"turns":3},{"damage":24,"enemies":"ruina:BadWolf","floor":20,"turns":4},{"damage":42,"enemies":"ruina:Woodsman","floor":22,"turns":4}],"seed_played":"-2463471341485849212","potions_obtained":[{"floor":1,"key":"BlessingOfTheForge"},{"floor":4,"key":"LiquidBronze"},{"floor":5,"key":"SpeedPotion"},{"floor":11,"key":"EssenceOfDarkness"},{"floor":14,"key":"Regen Potion"},{"floor":16,"key":"Ancient Potion"}],"is_trial":false,"path_per_floor":["M","?","M","M","M","R","?","R","T","E","?","M","$","M","R","B",null,"M","?","M","?","M"],"character_chosen":"DEFECT","items_purchased":["Prayer Wheel","Ginger","Anger+1"],"campfire_rested":3,"item_purchase_floors":[13,13,13],"current_hp_per_floor":[75,81,81,78,71,81,70,81,87,66,66,59,59,59,85,46,93,84,57,35,35,0,0],"gold":568,"neow_bonus":"","is_daily":true,"chose_seed":false,"campfire_upgraded":0,"win_rate":0.0,"timestamp":1614412118,"path_taken":["M","?","M","M","M","R","?","R","T","E","?","?","$","M","R","BOSS","M","?","M","?","M"],"items_purchased_type":["Relic","Relic","Card"],"build_version":"2020-12-22","purchased_purges":1,"victory":false,"max_hp_per_floor":[75,81,81,81,81,81,81,81,87,87,87,87,87,87,87,93,93,93,93,93,86,86,86],"card_choices":[{"not_picked":["hermit:HoleUp","ats:Directed Diagnosis"],"picked":"Metallicize","floor":1},{"not_picked":["Indignation","ThirdEye"],"picked":"Sword Boomerang","floor":3},{"not_picked":["Prostrate","Combust"],"picked":"Flying Knee","floor":4},{"not_picked":["ats:Beaten Up","Quick Slash"],"picked":"ats:Flexible Camouflage","floor":5},{"not_picked":["Seeing Red","ats:Defend Order"],"picked":"Streamline+1","floor":10},{"not_picked":["EmptyFist+1","hermit:LuckOfTheDraw"],"picked":"Cleave+1","floor":12},{"not_picked":["ats:Explosion Area Strengthen+1","Hello World"],"picked":"hermit:ShadowCloak","floor":14},{"not_picked":["Conclude+1","FollowUp+1"],"picked":"Consecrate+1","floor":14},{"not_picked":["Tools of the Trade","hermit:Reprieve"],"picked":"ats:Calcification","floor":16},{"not_picked":["Tactician","Dark Embrace"],"picked":"hermit:GhostlyPresence","floor":18},{"not_picked":["Infernal Blade","EmptyBody"],"picked":"ats:Overload+1","floor":18},{"not_picked":["InfectiousVector","Consume"],"picked":"Cold Snap+1","floor":20},{"not_picked":["Sword Boomerang+1","Hologram"],"picked":"Iron Wave+1","floor":20},{"not_picked":["ruina:Lumber+1","ruina:HomingInstinct"],"picked":"ruina:CobaltScar","floor":21}],"player_experience":796791,"relics_obtained":[{"floor":9,"key":"Centennial Puzzle"},{"floor":10,"key":"ats:Originium"},{"floor":10,"key":"Molten Egg 2"}],"event_choices":[{"damage_healed":0,"gold_gain":175,"player_choice":"AGREE","damage_taken":0,"max_hp_gain":0,"max_hp_loss":0,"event_name":"Liars Game","floor":2,"gold_loss":0,"cards_obtained":["Doubt"]},{"damage_healed":0,"gold_gain":75,"player_choice":"Gather Gold","damage_taken":11,"max_hp_gain":0,"max_hp_loss":0,"event_name":"World of Goop","floor":7,"gold_loss":0},{"damage_healed":0,"gold_gain":0,"player_choice":"Bought 1 Potion","damage_taken":0,"max_hp_gain":0,"max_hp_loss":0,"event_name":"The Woman in Blue","floor":11,"gold_loss":0}],"is_beta":false,"boss_relics":[{"not_picked":["Fusion Hammer","Ectoplasm"],"picked":"Sozu"}],"items_purged_floors":[13],"is_endless":false,"potions_floor_spawned":[1,4,5,14,16],"killed_by":"ruina:Woodsman","ascension_level":0}}