{"host":"mithrandi","time":1614450813,"event":{"mods":["BaseMod","Colored Map","Highlight Path","Minty Spire (QoL Compilation)","SuperFastMode"],"gold_per_floor":[113,113,133,152,23,54,54,80,152,152,116,150,150,165,165,236,236,253,253,168,184,20,55,55,55,55],"floor_reached":25,"language":"ENG","playtime":1237,"items_purged":[],"score":474,"play_id":"6697fb9d-d754-411b-afb2-cd980d5ea05a","local_time":"20210227203333","is_ascension_mode":true,"campfire_choices":[{"floor":7,"key":"REST"},{"floor":13,"key":"REST"},{"data":"Zap","floor":15,"key":"SMITH"},{"data":"Amplify","floor":24,"key":"SMITH"}],"circlet_count":0,"master_deck":["AscendersBane","Zap+1","Dualcast","Go for the Eyes","Compile Driver","Redo","Streamline","Flash of Steel","Cold Snap","FTL","Steam","Capacitor+1","Amplify+1","Hello World+1","Barrage","BootSequence","Aggregate","Blizzard","Chaos","Rip and Tear","Coolheaded"],"relics":["Busted Crown","TungstenRod","Vajra","Eternal Feather","Frozen Egg 2","Pandora\u0027s Box","DataDisk","Membership Card","Akabeko"],"acts_visited":["Exordium","TheCity"],"potions_floor_usage":[6,16,21,23,23],"damage_taken":[{"damage":8,"enemies":"2 Louse","floor":1,"turns":4},{"damage":6,"enemies":"Small Slimes","floor":3,"turns":3},{"damage":5,"enemies":"Jaw Worm","floor":4,"turns":3},{"damage":35,"enemies":"3 Sentries","floor":6,"turns":8},{"damage":14,"enemies":"Lagavulin","floor":8,"turns":6},{"damage":2,"enemies":"3 Sentries","floor":12,"turns":7},{"damage":0,"enemies":"Blue Slaver","floor":14,"turns":3},{"damage":35,"enemies":"Hexaghost","floor":16,"turns":11},{"damage":18,"enemies":"Shell Parasite","floor":18,"turns":3},{"damage":17,"enemies":"2 Thieves","floor":21,"turns":4},{"damage":1,"enemies":"Gremlin Leader","floor":23,"turns":4},{"damage":54,"enemies":"Slavers","floor":25,"turns":3}],"seed_played":"2868556190674532944","potions_obtained":[{"floor":3,"key":"PotionOfCapacity"},{"floor":6,"key":"Energy Potion"},{"floor":12,"key":"Block Potion"},{"floor":18,"key":"LiquidMemories"},{"floor":21,"key":"PowerPotion"}],"is_trial":false,"path_per_floor":["M","?","M","M","$","E","R","E","T","?","?","E","R","M","R","B",null,"M","?","?","M","$","E","R","E"],"character_chosen":"DEFECT","items_purchased":["Streamline","Flash of Steel","Membership Card"],"campfire_rested":2,"item_purchase_floors":[5,5,22],"current_hp_per_floor":[56,49,43,38,38,3,24,10,10,10,10,8,38,38,47,12,56,38,52,52,35,35,34,46,0,0],"gold":55,"neow_bonus":"BOSS_RELIC","is_daily":false,"chose_seed":false,"campfire_upgraded":2,"win_rate":0.0,"timestamp":1614450813,"path_taken":["M","?","M","M","$","E","R","E","T","?","?","E","R","M","R","BOSS","M","?","?","M","$","E","R","E"],"items_purchased_type":["Card","Card","Relic"],"build_version":"2020-12-18","purchased_purges":0,"victory":false,"max_hp_per_floor":[71,71,71,71,71,71,71,71,71,71,71,71,71,71,71,71,71,71,71,71,71,71,71,71,71,71],"card_choices":[{"not_picked":[],"picked":"Go for the Eyes","floor":1},{"not_picked":[],"picked":"Compile Driver","floor":3},{"not_picked":[],"picked":"Redo","floor":4},{"not_picked":[],"picked":"Cold Snap","floor":6},{"not_picked":[],"picked":"FTL","floor":8},{"not_picked":[],"picked":"Steam","floor":12},{"not_picked":[],"picked":"Capacitor+1","floor":14},{"not_picked":[],"picked":"Amplify","floor":16},{"not_picked":[],"picked":"Coolheaded","floor":18},{"not_picked":["Leap"],"picked":"SKIP","floor":21},{"not_picked":["Aggregate"],"picked":"SKIP","floor":23}],"player_experience":3181751,"relics_obtained":[{"floor":6,"key":"TungstenRod"},{"floor":8,"key":"Vajra"},{"floor":9,"key":"Eternal Feather"},{"floor":12,"key":"Frozen Egg 2"},{"floor":23,"key":"Akabeko"}],"event_choices":[{"cards_removed":["Strike_B"],"damage_healed":0,"gold_gain":0,"player_choice":"Card Removal","damage_taken":7,"max_hp_gain":0,"max_hp_loss":0,"event_name":"Golden Wing","floor":2,"gold_loss":0},{"damage_healed":0,"gold_gain":0,"player_choice":"Ignored","damage_taken":0,"max_hp_gain":0,"max_hp_loss":0,"event_name":"Shining Light","floor":10,"gold_loss":0},{"damage_healed":0,"gold_gain":0,"player_choice":"Left Gold","damage_taken":0,"max_hp_gain":0,"max_hp_loss":0,"event_name":"World of Goop","floor":11,"gold_loss":36},{"damage_healed":14,"gold_gain":0,"player_choice":"Heal","damage_taken":0,"max_hp_gain":0,"max_hp_loss":0,"event_name":"The Library","floor":19,"gold_loss":0},{"damage_healed":0,"gold_gain":0,"player_choice":"Obtained Relic","damage_taken":0,"relics_obtained":["DataDisk"],"max_hp_gain":0,"max_hp_loss":0,"event_name":"Addict","floor":20,"gold_loss":85}],"is_beta":true,"boss_relics":[{"not_picked":["Tiny House","Ectoplasm"],"picked":"Pandora\u0027s Box"}],"items_purged_floors":[],"is_endless":false,"potions_floor_spawned":[3,6,12,18,21],"killed_by":"Slavers","ascension_level":20}}