{"host":"rolltorest","time":1614454811,"event":{"mods":["BaseMod","Minty Spire (QoL Compilation)","Relic Stats","Slay the Relics Exporter","StSLib"],"gold_per_floor":[117,136,136,152,152,152,184,202,248,293,315,327,351,19,19,93,93,103,118,118,171,171,203,220,246,270,296,316,316,328,354,354,428,428,443,457,474,487,28,28,60,60,60,92,2,2,21,54,54,54,54,54,54,11,37,37],"floor_reached":57,"language":"ENG","playtime":2634,"items_purged":["Strike_P","Defend_P"],"score":2889,"play_id":"3bfcd59f-28b0-4168-bfe7-81169df40903","local_time":"20210227114011","is_ascension_mode":true,"campfire_choices":[{"data":"Eruption","floor":6,"key":"SMITH"},{"data":"Vigilance","floor":12,"key":"SMITH"},{"data":"Protect","floor":15,"key":"SMITH"},{"floor":29,"key":"REST"},{"data":"SpiritShield","floor":32,"key":"SMITH"},{"data":"Fasting2","floor":40,"key":"SMITH"},{"data":"TalkToTheHand","floor":42,"key":"SMITH"},{"floor":49,"key":"RECALL"},{"data":"Fasting2","floor":53,"key":"SMITH"}],"circlet_count":0,"master_deck":["AscendersBane","Strike_P+1","Defend_P+1","Defend_P","Defend_P","Eruption+1","Vigilance+1","FlurryOfBlows","Conclude","CutThroughFate+1","EmptyFist","Indignation","FlyingSleeves+1","Protect+1","CarveReality","Fasting2+1","ThirdEye","DevaForm","MentalFortress+1","ClearTheMind+1","Halt+1","Sanctity","ConjureBlade+1","Wallop+1","LikeWater","TalkToTheHand+1","MentalFortress+1","ThirdEye","SpiritShield+1","LessonLearned+1","BowlingBash+1","Nirvana+1","WaveOfTheHand+1","Worship+1","Adaptation","Wallop","Omniscience","Clumsy","Worship","Fasting2+1","Doubt","EmptyMind"],"relics":["PureWater","NeowsBlessing","White Beast Statue","MawBank","Pen Nib","Toy Ornithopter","Snecko Eye","Bronze Scales","TungstenRod","Smiling Mask","PreservedInsect","Damaru","Lizard Tail","Cursed Key","Shuriken","Akabeko","Bottled Lightning","The Courier","Whetstone"],"acts_visited":["Exordium","TheCity","TheBeyond","TheEnding"],"potions_floor_usage":[16,18,23,27,28,31,33,35,36,37,38,41,44,50,55,56,56],"damage_taken":[{"damage":0,"enemies":"Small Slimes","floor":1,"turns":2},{"damage":0,"enemies":"2 Louse","floor":2,"turns":1},{"damage":0,"enemies":"Cultist","floor":4,"turns":1},{"damage":16,"enemies":"Gremlin Nob","floor":7,"turns":3},{"damage":6,"enemies":"Looter","floor":8,"turns":3},{"damage":40,"enemies":"Lagavulin","floor":10,"turns":4},{"damage":7,"enemies":"Exordium Wildlife","floor":11,"turns":3},{"damage":0,"enemies":"Red Slaver","floor":13,"turns":2},{"damage":6,"enemies":"The Guardian","floor":16,"turns":12},{"damage":0,"enemies":"Shell Parasite","floor":18,"turns":3},{"damage":0,"enemies":"Chosen","floor":19,"turns":4},{"damage":9,"enemies":"Gremlin Leader","floor":23,"turns":5},{"damage":0,"enemies":"Centurion and Healer","floor":24,"turns":4},{"damage":26,"enemies":"Book of Stabbing","floor":25,"turns":6},{"damage":30,"enemies":"Gremlin Leader","floor":27,"turns":5},{"damage":37,"enemies":"Chosen and Byrds","floor":28,"turns":6},{"damage":0,"enemies":"Snecko","floor":30,"turns":6},{"damage":1,"enemies":"Book of Stabbing","floor":31,"turns":3},{"damage":43,"enemies":"Automaton","floor":33,"turns":13},{"damage":8,"enemies":"3 Darklings","floor":35,"turns":7},{"damage":0,"enemies":"Orb Walker","floor":36,"turns":3},{"damage":2,"enemies":"3 Darklings","floor":37,"turns":6},{"damage":22,"enemies":"Transient","floor":38,"turns":6},{"damage":12,"enemies":"Giant Head","floor":41,"turns":9},{"damage":16,"enemies":"Nemesis","floor":44,"turns":5},{"damage":0,"enemies":"Maw","floor":47,"turns":7},{"damage":10,"enemies":"Giant Head","floor":48,"turns":8},{"damage":14,"enemies":"Donu and Deca","floor":50,"turns":9},{"damage":31,"enemies":"Awakened One","floor":51,"turns":8},{"damage":17,"enemies":"Shield and Spear","floor":55,"turns":5},{"damage":79,"enemies":"The Heart","floor":56,"turns":8}],"seed_played":"7898771555217937437","potions_obtained":[{"floor":1,"key":"SpeedPotion"},{"floor":8,"key":"FairyPotion"},{"floor":10,"key":"FairyPotion"},{"floor":11,"key":"AttackPotion"},{"floor":13,"key":"Fire Potion"},{"floor":16,"key":"SkillPotion"},{"floor":18,"key":"Ambrosia"},{"floor":23,"key":"Weak Potion"},{"floor":24,"key":"Explosive Potion"},{"floor":25,"key":"Strength Potion"},{"floor":27,"key":"Ancient Potion"},{"floor":28,"key":"LiquidMemories"},{"floor":30,"key":"Dexterity Potion"},{"floor":31,"key":"DuplicationPotion"},{"floor":33,"key":"PowerPotion"},{"floor":35,"key":"SteroidPotion"},{"floor":36,"key":"FearPotion"},{"floor":37,"key":"DistilledChaos"},{"floor":38,"key":"SkillPotion"},{"floor":41,"key":"LiquidBronze"},{"floor":44,"key":"LiquidMemories"},{"floor":55,"key":"EntropicBrew"}],"is_trial":false,"path_per_floor":["M","M","?","M","?","R","E","M","T","E","M","R","M","$","R","B",null,"M","M","?","T","?","E","M","E","T","E","M","R","M","E","R","B",null,"M","M","M","M","$","R","E","R","T","E","$","?","M","E","R","B","B",null,"R","$","E","B",null],"character_chosen":"WATCHER","items_purchased":["Toy Ornithopter","Fasting2","ThirdEye","Adaptation","Shuriken","Wallop","Fasting2","Strength Potion"],"campfire_rested":1,"item_purchase_floors":[14,14,14,39,39,39,45,54],"current_hp_per_floor":[61,61,41,41,41,41,25,19,19,20,13,13,13,13,13,12,54,59,59,59,59,59,55,55,29,29,4,11,31,31,35,35,34,60,57,62,65,46,46,46,39,39,39,28,28,68,68,58,58,49,18,56,56,56,44,18],"gold":37,"neow_bonus":"THREE_ENEMY_KILL","is_daily":false,"chose_seed":false,"campfire_upgraded":7,"win_rate":0.0,"timestamp":1614454811,"path_taken":["M","M","?","M","?","R","E","M","T","E","?","R","M","$","R","BOSS","M","M","?","?","?","E","M","E","T","E","?","R","M","E","R","BOSS","M","M","M","M","?","R","E","R","T","E","$","?","M","E","R","BOSS","BOSS","R","$","E","BOSS"],"items_purchased_type":["Relic","Card","Card","Card","Relic","Card","Card","Potion"],"build_version":"2020-12-18","purchased_purges":2,"victory":true,"max_hp_per_floor":[68,68,68,68,68,68,68,68,68,68,68,68,68,68,68,68,68,68,68,68,68,68,68,68,68,68,68,68,68,68,68,68,68,68,68,68,68,68,68,68,68,68,68,68,68,68,68,68,68,68,68,68,68,68,68,68],"relic_stats":{"counters":[31,167],"Pen Nib":[30],"PreservedInsect":477,"Whetstone":["LessonLearned","FlyingSleeves"],"MawBank":60,"Smiling Mask":50,"Cursed Key":1,"Lizard Tail":34,"Shuriken":[21],"Bronze Scales":[487],"Snecko Eye":[243,243,209,258],"obtain_stats":[{"NeowsBlessing":0,"Damaru":27,"Pen Nib":10,"PreservedInsect":26,"The Courier":48,"Whetstone":55,"MawBank":9,"Smiling Mask":25,"Cursed Key":34,"White Beast Statue":7,"Akabeko":41,"Lizard Tail":31,"Shuriken":39,"Bronze Scales":21,"Snecko Eye":17,"Bottled Lightning":44,"PureWater":0,"Toy Ornithopter":14,"TungstenRod":23},{"NeowsBlessing":0,"Damaru":15,"Pen Nib":6,"PreservedInsect":14,"The Courier":27,"Whetstone":30,"MawBank":5,"Smiling Mask":14,"Cursed Key":19,"White Beast Statue":4,"Akabeko":24,"Lizard Tail":18,"Shuriken":23,"Bronze Scales":11,"Snecko Eye":9,"Bottled Lightning":25,"PureWater":0,"Toy Ornithopter":8,"TungstenRod":12},{"NeowsBlessing":0,"Damaru":58,"Pen Nib":14,"PreservedInsect":53,"The Courier":137,"Whetstone":159,"MawBank":10,"Smiling Mask":53,"Cursed Key":86,"White Beast Statue":7,"Akabeko":117,"Lizard Tail":73,"Shuriken":108,"Bronze Scales":38,"Snecko Eye":31,"Bottled Lightning":122,"PureWater":0,"Toy Ornithopter":19,"TungstenRod":43}],"Toy Ornithopter":83,"TungstenRod":43},"card_choices":[{"not_picked":["Swivel","Prostrate"],"picked":"FlurryOfBlows","floor":1},{"not_picked":["WaveOfTheHand","Crescendo"],"picked":"Conclude","floor":2},{"not_picked":["MentalFortress","PathToVictory"],"picked":"CutThroughFate","floor":4},{"not_picked":["SashWhip","Brilliance"],"picked":"EmptyFist","floor":7},{"not_picked":["FollowUp","Evaluate"],"picked":"Indignation","floor":8},{"not_picked":["JustLucky","Crescendo"],"picked":"FlyingSleeves","floor":10},{"not_picked":["Nirvana","LikeWater"],"picked":"Protect","floor":11},{"not_picked":["WaveOfTheHand","SashWhip"],"picked":"CarveReality","floor":13},{"not_picked":["Alpha","ConjureBlade"],"picked":"DevaForm","floor":16},{"not_picked":["EmptyBody","CrushJoints"],"picked":"MentalFortress+1","floor":18},{"not_picked":["SashWhip","CrushJoints"],"picked":"ClearTheMind","floor":19},{"not_picked":["CarveReality+1","Evaluate+1"],"picked":"ConjureBlade","floor":23},{"not_picked":["CutThroughFate","CrushJoints"],"picked":"Wallop","floor":24},{"not_picked":["Judgement","Halt"],"picked":"LikeWater","floor":25},{"not_picked":["EmptyFist+1","Wish"],"picked":"TalkToTheHand","floor":27},{"not_picked":["JustLucky","ClearTheMind"],"picked":"MentalFortress","floor":28},{"not_picked":["Crescendo","EmptyFist"],"picked":"ThirdEye","floor":30},{"not_picked":["EmptyFist","InnerPeace"],"picked":"SpiritShield","floor":31},{"not_picked":["Judgement","Vault"],"picked":"LessonLearned","floor":33},{"not_picked":["ThirdEye+1","EmptyBody"],"picked":"BowlingBash+1","floor":35},{"not_picked":["Evaluate","CrushJoints"],"picked":"Nirvana","floor":36},{"not_picked":["Protect","Prostrate+1"],"picked":"WaveOfTheHand","floor":37},{"not_picked":["CutThroughFate+1","Prostrate"],"picked":"Worship+1","floor":38},{"not_picked":["Establishment","ThirdEye"],"picked":"Omniscience","floor":41},{"not_picked":["Protect+1","Sanctity+1"],"picked":"Worship","floor":44},{"not_picked":["Evaluate","SashWhip+1"],"picked":"EmptyMind","floor":47},{"not_picked":["Consecrate","Protect","EmptyFist"],"picked":"SKIP","floor":48},{"not_picked":["Halt+1","EmptyFist","ForeignInfluence"],"picked":"SKIP","floor":55}],"player_experience":2036962,"relics_obtained":[{"floor":7,"key":"White Beast Statue"},{"floor":9,"key":"MawBank"},{"floor":10,"key":"Pen Nib"},{"floor":21,"key":"Bronze Scales"},{"floor":23,"key":"TungstenRod"},{"floor":25,"key":"Smiling Mask"},{"floor":26,"key":"PreservedInsect"},{"floor":27,"key":"Damaru"},{"floor":31,"key":"Lizard Tail"},{"floor":41,"key":"Akabeko"},{"floor":44,"key":"Bottled Lightning"},{"floor":48,"key":"The Courier"},{"floor":55,"key":"Whetstone"}],"event_choices":[{"damage_healed":0,"gold_gain":0,"player_choice":"Entered Light","damage_taken":20,"max_hp_gain":0,"max_hp_loss":0,"event_name":"Shining Light","floor":3,"gold_loss":0,"cards_upgraded":["Strike_P","Defend_P"]},{"damage_healed":0,"gold_gain":0,"player_choice":"0 cards matched","damage_taken":0,"max_hp_gain":0,"max_hp_loss":0,"event_name":"Match and Keep!","floor":5,"gold_loss":0,"cards_obtained":[]},{"damage_healed":0,"gold_gain":0,"cards_transformed":["Strike_P","Strike_P"],"player_choice":"Became Test Subject","damage_taken":0,"max_hp_gain":0,"max_hp_loss":0,"event_name":"Drug Dealer","floor":20,"gold_loss":0,"cards_obtained":["Halt","Sanctity"]},{"damage_healed":0,"gold_gain":0,"player_choice":"Ignored","damage_taken":0,"max_hp_gain":0,"max_hp_loss":0,"event_name":"The Mausoleum","floor":22,"gold_loss":0},{"damage_healed":40,"gold_gain":0,"player_choice":"Heal","damage_taken":0,"max_hp_gain":0,"max_hp_loss":0,"event_name":"MindBloom","floor":46,"gold_loss":0,"cards_obtained":["Doubt"]}],"is_beta":true,"boss_relics":[{"not_picked":["Pandora\u0027s Box","Runic Pyramid"],"picked":"Snecko Eye"},{"not_picked":["Philosopher\u0027s Stone","Calling Bell"],"picked":"Cursed Key"}],"items_purged_floors":[14,39],"is_endless":false,"potions_floor_spawned":[1,8,10,11,13,16,18,19,23,24,25,27,28,30,31,33,35,36,37,38,41,44,47,48,55],"ascension_level":20}}