{"host":"362zhnvmfmhc3u7b","time":1614402665,"event":{"mods":["BaseMod","Colored Powertips","Filter the Spire","Minty Spire (QoL Compilation)","Quick Restart","Rare Cards Sparkle","StSLib"],"gold_per_floor":[116,136,146,221,221,221,232,232,232,252,427,457,457,474,474,474,474],"floor_reached":16,"language":"ENG","playtime":605,"items_purged":[],"score":173,"play_id":"5d8a6e9a-ccf8-4640-95f0-049e188f5da7","local_time":"20210227001105","is_ascension_mode":true,"campfire_choices":[{"data":"WheelKick","floor":6,"key":"SMITH"},{"data":"EmptyBody","floor":8,"key":"SMITH"},{"floor":13,"key":"REST"},{"data":"CrushJoints","floor":15,"key":"SMITH"}],"circlet_count":0,"master_deck":["AscendersBane","Strike_P","Strike_P","Strike_P","Strike_P","Defend_P","Defend_P","Defend_P","Defend_P","Eruption+1","Vigilance","CurseOfTheBell","BowlingBash","Protect","WheelKick+1","EmptyBody+1","Fasting2","Doubt","FearNoEvil","CrushJoints+1"],"relics":["Calling Bell","Bronze Scales","Du-Vu Doll","Mercury Hourglass","Potion Belt","Kunai"],"acts_visited":["Exordium"],"potions_floor_usage":[3,16],"damage_taken":[{"damage":3,"enemies":"2 Louse","floor":1,"turns":2},{"damage":1,"enemies":"Cultist","floor":2,"turns":3},{"damage":0,"enemies":"Jaw Worm","floor":3,"turns":1},{"damage":1,"enemies":"Looter","floor":7,"turns":2},{"damage":8,"enemies":"Exordium Thugs","floor":10,"turns":3},{"damage":14,"enemies":"3 Sentries","floor":12,"turns":6},{"damage":1,"enemies":"Red Slaver","floor":14,"turns":4},{"damage":42,"enemies":"The Guardian","floor":16,"turns":9}],"seed_played":"-6012506986252299724","potions_obtained":[{"floor":2,"key":"AttackPotion"},{"floor":7,"key":"FearPotion"}],"is_trial":false,"path_per_floor":["M","M","M","?","?","R","M","R","T","M","?","E","R","M","R","B"],"character_chosen":"WATCHER","items_purchased":[],"campfire_rested":1,"item_purchase_floors":[],"current_hp_per_floor":[58,57,57,46,46,46,45,45,45,37,37,23,43,42,42,0,0],"gold":474,"neow_bonus":"BOSS_RELIC","is_daily":false,"chose_seed":false,"campfire_upgraded":3,"win_rate":0.0,"timestamp":1614402665,"path_taken":["M","M","M","?","?","R","M","R","T","?","?","E","R","M","R","BOSS"],"items_purchased_type":[],"build_version":"2020-12-22","purchased_purges":0,"victory":false,"max_hp_per_floor":[68,68,68,68,68,68,68,68,68,68,68,68,68,68,68,68,68],"card_choices":[{"not_picked":["CrushJoints","JustLucky"],"picked":"BowlingBash","floor":1},{"not_picked":["WreathOfFlame","MentalFortress"],"picked":"Protect","floor":2},{"not_picked":["FlurryOfBlows","InnerPeace"],"picked":"WheelKick","floor":3},{"not_picked":["Halt","JustLucky"],"picked":"EmptyBody","floor":7},{"not_picked":["ClearTheMind","Prostrate"],"picked":"Fasting2","floor":10},{"not_picked":["MentalFortress","BowlingBash"],"picked":"FearNoEvil","floor":12},{"not_picked":["EmptyMind","Wallop"],"picked":"CrushJoints","floor":14}],"player_experience":1626985,"relics_obtained":[{"floor":0,"key":"Bronze Scales"},{"floor":0,"key":"Du-Vu Doll"},{"floor":0,"key":"Mercury Hourglass"},{"floor":9,"key":"Potion Belt"},{"floor":12,"key":"Kunai"}],"event_choices":[{"damage_healed":0,"gold_gain":75,"player_choice":"Gather Gold","damage_taken":11,"max_hp_gain":0,"max_hp_loss":0,"event_name":"World of Goop","floor":4,"gold_loss":0},{"damage_healed":0,"gold_gain":0,"player_choice":"Upgraded","damage_taken":0,"max_hp_gain":0,"max_hp_loss":0,"event_name":"Upgrade Shrine","floor":5,"gold_loss":0,"cards_upgraded":["Eruption"]},{"damage_healed":0,"gold_gain":175,"player_choice":"AGREE","damage_taken":0,"max_hp_gain":0,"max_hp_loss":0,"event_name":"Liars Game","floor":11,"gold_loss":0,"cards_obtained":["Doubt"]}],"is_beta":false,"boss_relics":[],"items_purged_floors":[],"is_endless":false,"potions_floor_spawned":[2,7],"killed_by":"The Guardian","ascension_level":14}}