{"host":"3y9j540ftq0by6cq","time":1614397505,"event":{"mods":["BaseMod","CapriCore","Library of Ruina","Minty Spire (QoL Compilation)","StSLib"],"gold_per_floor":[115,126,136,150,150,150,181,196,222,233,67,81,95,105,105,209,209,221,239,239,254,2,33,33,43,68,68,83,110,124,143,143,247,247,258,269,285,38,56,56,56],"floor_reached":40,"language":"ZHS","playtime":2825,"items_purged":[],"score":465,"play_id":"615f071b-8f3c-4a67-aa8c-dcc9fa773094","local_time":"20210227114505","is_ascension_mode":false,"campfire_choices":[{"data":"BackAttack","floor":6,"key":"SMITH"},{"floor":15,"key":"REST"},{"data":"SerpentSwordTechnique","floor":24,"key":"SMITH"},{"data":"CleanUp","floor":27,"key":"SMITH"},{"floor":32,"key":"REST"}],"circlet_count":0,"master_deck":["LightDefense","LightAttack","LightAttack","LightDefense","LightDefense","LightDefense","ChargeAndCover","FocusedStrikes","TheWillOfTheCity+1","UnavoidableGaze+1","EnergyShield","FormingStorm+1","BackAttack+1","ICanCookAnything","EnergyCycle","AsThePrescriptOrders","CoordinatedAssault","Unlock1","GrazeTheGrass","GoinFirst","CurseOfTheBell","FlowOfTheSword","CleanUp+1","FocusFire","FrontalAssault","SerpentSwordTechnique+1","SerpentSwordTechnique+1","ExtractFuel","Preparation","Faith+1","Suppress","ClassAndRespect","BackAttack","Faith+1","GaleKick+1"],"relics":["PageOfLibrarian","PageOfMountain","Lantern","PageOfSingingMachine","Calling Bell","War Paint","Pear","Gambling Chip","Bottled Lightning","Toy Ornithopter","MealTicket","PageOfSpiderBud","Coffee Dripper","PageOfMercenary"],"acts_visited":["Exordium","TheCity","TheBeyond"],"potions_floor_usage":[7,7,16,23,23,29,29,33,39,40],"damage_taken":[{"damage":11,"enemies":"Jaw Worm","floor":1,"turns":2},{"damage":1,"enemies":"Cultist","floor":2,"turns":3},{"damage":7,"enemies":"2 Louse","floor":3,"turns":4},{"damage":10,"enemies":"2 Fungi Beasts","floor":4,"turns":4},{"damage":26,"enemies":"Gremlin Nob","floor":7,"turns":4},{"damage":10,"enemies":"Looter","floor":8,"turns":3},{"damage":5,"enemies":"Large Slime","floor":10,"turns":4},{"damage":12,"enemies":"Exordium Thugs","floor":12,"turns":4},{"damage":3,"enemies":"Gremlin Gang","floor":13,"turns":3},{"damage":0,"enemies":"Looter","floor":14,"turns":2},{"damage":13,"enemies":"Hexaghost","floor":16,"turns":5},{"damage":2,"enemies":"Chosen","floor":18,"turns":3},{"damage":5,"enemies":"Shell Parasite","floor":19,"turns":3},{"damage":14,"enemies":"Centurion and Healer","floor":21,"turns":4},{"damage":14,"enemies":"Slavers","floor":23,"turns":5},{"damage":3,"enemies":"Snecko","floor":25,"turns":3},{"damage":16,"enemies":"Shelled Parasite and Fungi","floor":28,"turns":3},{"damage":47,"enemies":"Gremlin Leader","floor":29,"turns":4},{"damage":23,"enemies":"Sentry and Sphere","floor":30,"turns":5},{"damage":11,"enemies":"Chosen and Byrds","floor":31,"turns":6},{"damage":31,"enemies":"Collector","floor":33,"turns":5},{"damage":12,"enemies":"3 Shapes","floor":35,"turns":3},{"damage":21,"enemies":"3 Darklings","floor":36,"turns":4},{"damage":79,"enemies":"4 Shapes","floor":37,"turns":5},{"damage":22,"enemies":"Spire Growth","floor":39,"turns":4},{"damage":40,"enemies":"Nemesis","floor":40,"turns":4}],"seed_played":"5827184801866498520","potions_obtained":[{"floor":1,"key":"LiquidMemories"},{"floor":2,"key":"Energy Potion"},{"floor":7,"key":"Swift Potion"},{"floor":10,"key":"Weak Potion"},{"floor":16,"key":"Block Potion"},{"floor":18,"key":"LiquidBronze"},{"floor":19,"key":"SkillPotion"},{"floor":28,"key":"Swift Potion"},{"floor":31,"key":"GamblersBrew"},{"floor":36,"key":"Strength Potion"},{"floor":39,"key":"Weak Potion"}],"is_trial":false,"path_per_floor":["M","M","M","M","?","R","E","M","T","M","$","M","M","M","R","B",null,"M","M","?","M","$","E","R","M","T","R","M","E","M","M","R","B",null,"M","M","M","$","M","E"],"character_chosen":"Librarian","items_purchased":["PageOfSingingMachine","CoordinatedAssault","Bottled Lightning","PageOfMercenary"],"campfire_rested":2,"item_purchase_floors":[11,11,22,38],"current_hp_per_floor":[49,48,41,31,31,31,17,11,11,14,14,8,12,16,34,30,73,73,69,69,63,63,54,54,58,58,58,50,17,10,13,34,24,73,71,70,14,29,24,0,0],"gold":56,"neow_bonus":"TRANSFORM_CARD","is_daily":false,"chose_seed":false,"campfire_upgraded":3,"win_rate":0.0,"timestamp":1614397505,"path_taken":["M","M","M","M","?","R","E","M","T","M","$","M","M","M","R","BOSS","M","M","?","M","$","E","R","M","T","R","M","E","M","M","R","BOSS","M","M","M","$","M","E"],"items_purchased_type":["Relic","Card","Relic","Relic"],"build_version":"2020-12-22","purchased_purges":0,"victory":false,"max_hp_per_floor":[67,63,68,68,68,63,63,63,63,63,63,63,79,79,63,63,73,73,73,73,73,73,73,73,73,73,73,73,73,73,73,73,73,73,73,73,73,73,73,73,73],"card_choices":[{"not_picked":["SmokingPipe","EndlessBattle","HiddenBlade","Juggling","ViolentFlame","WillProduceFineSilk","HandleRequest","TimeForALittleTest"],"picked":"UnavoidableGaze","floor":1},{"not_picked":["Tttonst","DesperateStruggle","SharpSwipe","FlyingSword","Juggling","FendThisOffIfYouCan","CumulusWall","FlashOfSunup"],"picked":"EnergyShield","floor":2},{"not_picked":["GuardingStance","Multislash","GrazeTheGrass","SummaryJudgment","NightInTheBackstreets","Unlock1","TheArtOfRapidSteps","Preparation"],"picked":"FormingStorm","floor":3},{"not_picked":["Riposte","ConcentratedFire","CumulusWall","FleetFootsteps","Rampage_lor","MultiBlock","ForcefulGesture","Parry2"],"picked":"BackAttack","floor":4},{"not_picked":["DarkCloud","SnakesPrey","FleetEdge","Quickness","EndlessBattle","HighSpeedStabbing","Diversion","SpearedSweep"],"picked":"ICanCookAnything","floor":7},{"not_picked":["Suppress","UpbeatPerformance","RhinoRam","DesperateStruggle","SpearedSweep","JiaoTu","Multislash","LeRegole"],"picked":"EnergyCycle","floor":8},{"not_picked":["YoureAHindrance","GuidanceOfTheGears","PinpointShot","UnavoidableGaze","Standoff","Ripple","Slice_lor","RushDown"],"picked":"AsThePrescriptOrders","floor":10},{"not_picked":["SerpentSwordTechnique","DestructiveImpact","CutIn","FierceCharge","PreemptiveStrike","NonstopAssault","Leap_lor","ReadyUp","NightInTheBackstreets"],"picked":"SKIP","floor":12},{"not_picked":["Riposte","ClassAndRespect","FleetFootsteps","FleetEdge","NightInTheBackstreets","QuickAttack","DriedUp","BayonetCombat"],"picked":"Unlock1","floor":13},{"not_picked":["PinpointShot","AsThePrescriptOrders","Leap_lor","Overpower","SuppressingShot","AlloutWar","AutomatedMovement","Decapitation"],"picked":"GrazeTheGrass","floor":14},{"not_picked":["DaringDecision","Cruelty"],"picked":"GoinFirst","floor":16},{"not_picked":["UncannyStrike","MindWhip+1","PinpointShot","WillBeTasty","NightInTheBackstreets","UpbeatPerformance","HardRehearsal","SerpentSwordTechnique"],"picked":"FlowOfTheSword","floor":18},{"not_picked":["EnergyCycle","GuidanceOfTheGears","YourShield","CumulusWall","SunsetBlade","UpbeatPerformance","Multislash","SpearedSweep"],"picked":"CleanUp","floor":19},{"not_picked":["YoureAHindrance","GuidanceOfTheGears","HighKick","Pound+1","ForTheFamily","Struggle","DefenseOrder","ToWhereThePrescriptPoints"],"picked":"FrontalAssault","floor":21},{"not_picked":["FeatherShield","IdentifyWeakpoint+1","GuidanceOfTheGears","SummaryJudgment","InhaleSmoke","SilentNight","StrikeDown","SharpSwipe+1"],"picked":"SerpentSwordTechnique","floor":23},{"not_picked":["Parry","GuidanceOfTheGears+1","DistortedBlade","ElectricShock","Zzzzzap","CumulusWall","TheWillOfTheCity","Multislash","HandleRequest+1"],"picked":"SKIP","floor":25},{"not_picked":["Faith+1","Pound+1","LawAndOrder+1","FrontalAssault","SpearedSweep","PinpointShot","FaintMemories","MultiHit"],"picked":"SerpentSwordTechnique+1","floor":28},{"not_picked":["Endure+1","ViolentFlame+1","SparkingSpear+1","PinpointShot","ClassAndRespect","BiAn","BurningFlash","CumulusWall"],"picked":"ExtractFuel","floor":29},{"not_picked":["WillOfThePrescript","SpearedSweep","FleetFootsteps+1","OpportunitySpotted","StrikeDown","SuppressingShot","Mutilate","UpbeatPerformance+1"],"picked":"Preparation","floor":30},{"not_picked":["DefenseOrder","Standoff","SweepTheBackstreets+1","OminousPower","Rampage_lor","Eradication","SnakesPrey+1","SinglePointStab"],"picked":"Faith+1","floor":31},{"not_picked":["Disposal","ScratchThat"],"picked":"Suppress","floor":33},{"not_picked":["SinglePointStab+1","Reload+1","Wallop_lor","HiddenBlade+1","SweepTheBackstreets","PreemptiveStrike","FlyingSword+1","Rewind+1"],"picked":"ClassAndRespect","floor":35},{"not_picked":["FrontalAssault","SnakesPrey","StructuralAnalysis+1","CoordinatedAssault","Quickness+1","BulkyImpact+1","ChargeUp","Faith"],"picked":"BackAttack","floor":36},{"not_picked":["Unlock1+1","Pound","ToOvercomeCrisis","FendThisOffIfYouCan","SummaryJudgment","FleetEdge+1","YourShield","GuidanceOfTheGears+1"],"picked":"Faith+1","floor":37},{"not_picked":["Parry2+1","HeavyPeaks+1","Thrust","StrikeDown+1","DeepDrag+1","SerpentSwordTechnique+1","GreatSerpentsImpact","StayCalm"],"picked":"GaleKick+1","floor":39}],"player_experience":82988,"relics_obtained":[{"floor":7,"key":"PageOfMountain"},{"floor":9,"key":"Lantern"},{"floor":17,"key":"War Paint"},{"floor":17,"key":"Pear"},{"floor":17,"key":"Gambling Chip"},{"floor":23,"key":"Toy Ornithopter"},{"floor":26,"key":"MealTicket"},{"floor":29,"key":"PageOfSpiderBud"}],"event_choices":[{"damage_healed":0,"gold_gain":0,"player_choice":"Upgraded","damage_taken":0,"max_hp_gain":0,"max_hp_loss":0,"event_name":"Upgrade Shrine","floor":5,"gold_loss":0,"cards_upgraded":["FormingStorm"]},{"damage_healed":0,"gold_gain":0,"cards_transformed":["LightAttack"],"player_choice":"Transformed","damage_taken":0,"max_hp_gain":0,"max_hp_loss":0,"event_name":"Transmorgrifier","floor":20,"gold_loss":0,"cards_obtained":["FocusFire"]}],"is_beta":false,"boss_relics":[{"not_picked":["Busted Crown","Fusion Hammer"],"picked":"Calling Bell"},{"not_picked":["Runic Dome","Snecko Eye"],"picked":"Coffee Dripper"}],"items_purged_floors":[],"is_endless":false,"potions_floor_spawned":[1,2,7,10,16,18,19,28,31,36,39],"killed_by":"Nemesis","ascension_level":0}}