{"host":"a5lz0e76zb3fcwkm","time":1614434848,"event":{"mods":["AchievementEnabler","BaseMod","Colored Map","Colored Powertips","Minty Spire (QoL Compilation)","StSLib","SuperFastMode"],"gold_per_floor":[112,130,55,65,78,78,112,124,151,71,99,109,109,127,127,127,127],"floor_reached":16,"language":"KOR","playtime":490,"items_purged":["Strike_G","Strike_G"],"score":228,"play_id":"3207e0a8-4869-4603-8488-d3a19c1ddd0f","local_time":"20210227230728","is_ascension_mode":true,"campfire_choices":[{"data":"After Image","floor":6,"key":"SMITH"},{"data":"Terror","floor":15,"key":"SMITH"}],"circlet_count":0,"master_deck":["AscendersBane","Strike_G","Strike_G","Strike_G","Defend_G","Defend_G","Defend_G","Defend_G","Defend_G","Survivor","Neutralize","After Image+1","Blade Dance","Masterful Stab","PiercingWail","Venomology","Terror+1"],"relics":["Ring of the Snake","The Courier","Bag of Marbles","Anchor"],"acts_visited":["Exordium"],"potions_floor_usage":[7,7,11,14,16,16,16],"damage_taken":[{"damage":14,"enemies":"Jaw Worm","floor":1,"turns":8},{"damage":0,"enemies":"Cultist","floor":2,"turns":4},{"damage":1,"enemies":"Small Slimes","floor":4,"turns":3},{"damage":8,"enemies":"Looter","floor":5,"turns":4},{"damage":6,"enemies":"3 Sentries","floor":7,"turns":14},{"damage":0,"enemies":"Blue Slaver","floor":8,"turns":4},{"damage":19,"enemies":"Lagavulin","floor":11,"turns":9},{"damage":0,"enemies":"Exordium Wildlife","floor":12,"turns":4},{"damage":0,"enemies":"Large Slime","floor":14,"turns":3},{"damage":18,"enemies":"Slime Boss","floor":16,"turns":6}],"seed_played":"-5339760239932909561","potions_obtained":[{"floor":4,"key":"EssenceOfSteel"},{"floor":5,"key":"Swift Potion"},{"floor":8,"key":"LiquidMemories"},{"floor":12,"key":"Fire Potion"}],"is_trial":false,"path_per_floor":["M","M","$","M","M","R","E","M","T","$","E","M","?","M","R","B"],"character_chosen":"THE_SILENT","items_purchased":[],"campfire_rested":0,"item_purchase_floors":[],"current_hp_per_floor":[45,45,45,44,36,36,30,30,30,30,11,11,11,11,11,0,0],"gold":127,"neow_bonus":"THREE_RARE_CARDS","is_daily":false,"chose_seed":false,"campfire_upgraded":2,"win_rate":0.0,"timestamp":1614434848,"path_taken":["M","M","$","M","M","R","E","M","T","$","E","M","?","?","R","BOSS"],"items_purchased_type":[],"build_version":"2020-12-22","purchased_purges":2,"victory":false,"max_hp_per_floor":[66,66,66,66,66,66,66,66,66,66,66,66,66,66,66,66,66],"card_choices":[{"not_picked":["Doppelganger","Envenom"],"picked":"After Image","floor":0},{"not_picked":["Deadly Poison","Endless Agony"],"picked":"Blade Dance","floor":1},{"not_picked":["Deflect","Quick Slash","Underhanded Strike"],"picked":"SKIP","floor":2},{"not_picked":["Deflect","Quick Slash","Underhanded Strike"],"picked":"SKIP","floor":2},{"not_picked":["Caltrops","Sucker Punch","Flechettes"],"picked":"SKIP","floor":4},{"not_picked":["Noxious Fumes","Caltrops","Flying Knee"],"picked":"SKIP","floor":5},{"not_picked":["Underhanded Strike","Dodge and Roll"],"picked":"Masterful Stab","floor":7},{"not_picked":["Outmaneuver","Footwork"],"picked":"PiercingWail","floor":8},{"not_picked":["Dagger Throw","Backflip"],"picked":"Venomology","floor":11},{"not_picked":["Crippling Poison","Leg Sweep"],"picked":"Terror","floor":12},{"not_picked":["Deflect","Poisoned Stab","Eviscerate"],"picked":"SKIP","floor":14}],"player_experience":1921709,"relics_obtained":[{"floor":7,"key":"The Courier"},{"floor":9,"key":"Bag of Marbles"},{"floor":11,"key":"Anchor"}],"event_choices":[{"cards_removed":["Clumsy"],"damage_healed":0,"gold_gain":0,"player_choice":"Removed Curses","damage_taken":0,"max_hp_gain":0,"max_hp_loss":0,"event_name":"Fountain of Cleansing","floor":13,"gold_loss":0}],"is_beta":false,"boss_relics":[],"items_purged_floors":[3,10],"is_endless":false,"potions_floor_spawned":[4,5,8,12,14],"killed_by":"Slime Boss","ascension_level":20}}