{"host":"or8fr2mp0k3eluj8","time":1614437192,"event":{"mods":["AchievementEnabler","BaseMod","Colored Map","DeckTracker","Keyboard Shortcuts","Minty Spire (QoL Compilation)","StSLib","SuperFastMode","everything is the same but u backflip on backflip"],"gold_per_floor":[109,122,133,148,148,177,177,210,233,233,1,18,18,37,37,142,142,153,153,153,172,196,225,236,267,344,344,344,344,48,60,60,60,60],"floor_reached":33,"language":"KOR","playtime":692,"items_purged":["Strike_R","Strike_R"],"score":431,"play_id":"c63a6d9f-2457-4423-a5ca-8a72b1ffedf7","local_time":"20210227234632","is_ascension_mode":true,"campfire_choices":[{"data":"Seeing Red","floor":7,"key":"SMITH"},{"data":"Fire Breathing","floor":10,"key":"SMITH"},{"data":"Bash","floor":15,"key":"SMITH"},{"floor":27,"key":"REST"},{"data":"Evolve","floor":32,"key":"SMITH"}],"circlet_count":0,"master_deck":["Strike_R","Defend_R+1","Defend_R+1","Defend_R","Bash+1","Evolve+1","Seeing Red+1","Twin Strike","Reckless Charge","Fire Breathing+1","Reckless Charge","Shrug It Off","Immolate","Rampage+1","Sever Soul+1","Perfected Strike+1","Wild Strike","Clash","Wild Strike+1"],"relics":["Burning Blood","Vajra","Red Skull","Centennial Puzzle","Juzu Bracelet","OrangePellets","Astrolabe","War Paint","Anchor","Omamori","Blue Candle","Nunchaku"],"acts_visited":["Exordium","TheCity"],"potions_floor_usage":[6,14,23,23,23,33,33,33],"damage_taken":[{"damage":1,"enemies":"Cultist","floor":1,"turns":3},{"damage":3,"enemies":"2 Louse","floor":2,"turns":3},{"damage":4,"enemies":"Jaw Worm","floor":3,"turns":3},{"damage":15,"enemies":"2 Fungi Beasts","floor":4,"turns":3},{"damage":30,"enemies":"Lagavulin","floor":6,"turns":7},{"damage":20,"enemies":"3 Sentries","floor":8,"turns":6},{"damage":1,"enemies":"Exordium Wildlife","floor":12,"turns":2},{"damage":9,"enemies":"Lots of Slimes","floor":14,"turns":2},{"damage":0,"enemies":"Slime Boss","floor":16,"turns":4},{"damage":32,"enemies":"3 Byrds","floor":18,"turns":3},{"damage":30,"enemies":"Shell Parasite","floor":21,"turns":4},{"damage":30,"enemies":"Book of Stabbing","floor":23,"turns":4},{"damage":12,"enemies":"3 Cultists","floor":24,"turns":3},{"damage":10,"enemies":"Slavers","floor":25,"turns":2},{"damage":5,"enemies":"Centurion and Healer","floor":31,"turns":3},{"damage":94,"enemies":"Automaton","floor":33,"turns":6}],"seed_played":"6173149034166282041","potions_obtained":[{"floor":1,"key":"ElixirPotion"},{"floor":4,"key":"SkillPotion"},{"floor":5,"key":"Fire Potion"},{"floor":6,"key":"Fruit Juice"},{"floor":12,"key":"Strength Potion"},{"floor":16,"key":"BloodPotion"},{"floor":23,"key":"GamblersBrew"},{"floor":25,"key":"Block Potion"},{"floor":31,"key":"Regen Potion"}],"is_trial":false,"path_per_floor":["M","M","M","M","?","E","R","E","T","R","$","M","?","M","R","B",null,"M","?","?","M","T","E","M","E","T","R","?","?","$","M","R","B"],"character_chosen":"IRONCLAD","items_purchased":["OrangePellets","Nunchaku","BloodPotion"],"campfire_rested":1,"item_purchase_floors":[11,30,30],"current_hp_per_floor":[80,80,80,71,71,52,52,38,38,38,38,43,48,45,45,51,80,54,54,54,30,30,24,18,14,14,41,41,35,35,36,36,0,0],"gold":60,"neow_bonus":"RANDOM_COMMON_RELIC","is_daily":false,"chose_seed":false,"campfire_upgraded":4,"win_rate":0.0,"timestamp":1614437192,"path_taken":["M","M","M","?","?","E","R","E","T","R","$","M","?","M","R","BOSS","M","?","?","M","?","E","M","E","T","R","?","?","?","M","R","BOSS"],"items_purchased_type":["Relic","Relic","Potion"],"build_version":"2020-12-22","purchased_purges":2,"victory":false,"max_hp_per_floor":[80,80,80,80,80,85,85,85,85,85,85,85,90,90,90,90,90,90,90,90,90,90,90,90,90,90,90,90,90,90,90,90,90,90],"card_choices":[{"not_picked":["Havoc","Twin Strike"],"picked":"Evolve","floor":1},{"not_picked":["Sword Boomerang","Dark Embrace"],"picked":"Seeing Red","floor":2},{"not_picked":["Seeing Red","Anger"],"picked":"Twin Strike","floor":3},{"not_picked":["Feel No Pain","Anger"],"picked":"Reckless Charge","floor":4},{"not_picked":["True Grit","Twin Strike","Infernal Blade"],"picked":"SKIP","floor":6},{"not_picked":["True Grit","Wild Strike"],"picked":"Fire Breathing","floor":8},{"not_picked":["Barricade","Intimidate"],"picked":"Reckless Charge","floor":12},{"not_picked":["Twin Strike","Burning Pact"],"picked":"Shrug It Off","floor":14},{"not_picked":["Fiend Fire","Exhume"],"picked":"Immolate","floor":16},{"not_picked":["Disarm+1","Dual Wield"],"picked":"Wild Strike","floor":18},{"not_picked":["Warcry","True Grit"],"picked":"Clash","floor":21},{"not_picked":["Double Tap","Sword Boomerang"],"picked":"Wild Strike+1","floor":23},{"not_picked":["Seeing Red","Cleave","Iron Wave+1"],"picked":"SKIP","floor":24},{"not_picked":["Rupture","Whirlwind+1","Shockwave"],"picked":"SKIP","floor":25},{"not_picked":["Iron Wave","True Grit","Shrug It Off"],"picked":"SKIP","floor":31}],"player_experience":497654,"relics_obtained":[{"floor":6,"key":"Red Skull"},{"floor":8,"key":"Centennial Puzzle"},{"floor":9,"key":"Juzu Bracelet"},{"floor":22,"key":"War Paint"},{"floor":23,"key":"Anchor"},{"floor":25,"key":"Omamori"},{"floor":26,"key":"Blue Candle"}],"event_choices":[{"damage_healed":0,"gold_gain":0,"player_choice":"Got Potions","damage_taken":0,"max_hp_gain":0,"max_hp_loss":0,"event_name":"Lab","floor":5,"gold_loss":0},{"damage_healed":0,"gold_gain":0,"player_choice":"Donut","damage_taken":0,"max_hp_gain":5,"max_hp_loss":0,"event_name":"Big Fish","floor":13,"gold_loss":0},{"damage_healed":0,"gold_gain":0,"player_choice":"Ignored","damage_taken":0,"max_hp_gain":0,"max_hp_loss":0,"event_name":"Vampires","floor":19,"gold_loss":0},{"damage_healed":0,"gold_gain":0,"player_choice":"Ignored","damage_taken":0,"max_hp_gain":0,"max_hp_loss":0,"event_name":"The Mausoleum","floor":20,"gold_loss":0},{"damage_healed":0,"gold_gain":0,"player_choice":"Ignored","damage_taken":0,"max_hp_gain":0,"max_hp_loss":0,"event_name":"Cursed Tome","floor":28,"gold_loss":0},{"damage_healed":0,"gold_gain":0,"player_choice":"","damage_taken":6,"max_hp_gain":0,"max_hp_loss":0,"event_name":"Knowing Skull","floor":29,"potions_obtained":[],"gold_loss":0,"cards_obtained":[]}],"is_beta":false,"boss_relics":[{"not_picked":["Runic Pyramid","Busted Crown"],"picked":"Astrolabe"}],"items_purged_floors":[11,30],"is_endless":false,"potions_floor_spawned":[1,4,6,12,16,23,25,31],"killed_by":"Automaton","ascension_level":5}}