{"host":"ffjrj7fisyni1ebk","time":1614416500,"event":{"mods":["2.2 Compatiblity","BaseMod","Bestiary","Colored Map","Colored Powertips","Curses Come First","Highlight Path","Keyboard Shortcuts","Minty Spire (QoL Compilation)","Relic Stats","Slay the Relics Exporter","StSLib","SuperFastMode"],"gold_per_floor":[112,124,143,143,157,157,181,199,199,224,224,96,115,140,140,140,140],"floor_reached":16,"language":"ENG","playtime":674,"items_purged":["Strike_G"],"score":108,"play_id":"0c0ee942-cf24-4172-a28c-222c7521d891","local_time":"20210227110140","is_ascension_mode":true,"campfire_choices":[{"data":"Blade Dance","floor":6,"key":"SMITH"},{"data":"Malaise","floor":11,"key":"SMITH"},{"floor":15,"key":"REST"}],"circlet_count":0,"master_deck":["Strike_G","Strike_G","Defend_G","Defend_G","Defend_G","Defend_G","Survivor","Neutralize","Grand Finale+1","Dagger Spray+1","Calculated Gamble+1","Blade Dance+1","PiercingWail","Expertise","Acrobatics","Malaise+1","PiercingWail","Blade Dance","Prepared","Deflect"],"relics":["Astrolabe","Golden Idol"],"acts_visited":["Exordium"],"potions_floor_usage":[16,16,16],"damage_taken":[{"damage":0,"enemies":"Cultist","floor":1,"turns":5},{"damage":4,"enemies":"Jaw Worm","floor":2,"turns":3},{"damage":0,"enemies":"Small Slimes","floor":3,"turns":2},{"damage":1,"enemies":"2 Fungi Beasts","floor":5,"turns":3},{"damage":0,"enemies":"Exordium Wildlife","floor":7,"turns":3},{"damage":14,"enemies":"Large Slime","floor":8,"turns":4},{"damage":0,"enemies":"Lots of Slimes","floor":10,"turns":1},{"damage":0,"enemies":"3 Louse","floor":13,"turns":2},{"damage":5,"enemies":"Exordium Thugs","floor":14,"turns":4},{"damage":84,"enemies":"Slime Boss","floor":16,"turns":11}],"seed_played":"5950857774845839118","potions_obtained":[{"floor":1,"key":"Dexterity Potion"},{"floor":7,"key":"Regen Potion"},{"floor":8,"key":"GamblersBrew"},{"floor":13,"key":"DuplicationPotion"}],"is_trial":false,"path_per_floor":["M","M","M","?","M","R","M","M","T","M","R","$","M","M","R","B"],"character_chosen":"THE_SILENT","items_purchased":["Blade Dance"],"campfire_rested":1,"item_purchase_floors":[12],"current_hp_per_floor":[70,66,66,65,64,64,64,50,50,50,50,50,50,45,64,0,0],"gold":140,"neow_bonus":"BOSS_RELIC","is_daily":false,"chose_seed":false,"campfire_upgraded":2,"win_rate":0.0,"timestamp":1614416500,"path_taken":["M","M","?","?","M","R","M","M","T","M","R","$","M","M","R","BOSS"],"items_purchased_type":["Card"],"build_version":"2020-12-22","purchased_purges":1,"victory":false,"max_hp_per_floor":[70,70,70,65,65,65,65,65,65,65,65,65,65,65,65,65,65],"relic_stats":{"counters":[10,38],"Golden Idol":26,"Astrolabe":["Grand Finale","Dagger Spray","Calculated Gamble"],"obtain_stats":[{"Golden Idol":4,"Astrolabe":0,"Ring of the Snake":0},{"Golden Idol":3,"Astrolabe":0,"Ring of the Snake":0},{"Golden Idol":10,"Astrolabe":0,"Ring of the Snake":0}]},"card_choices":[{"not_picked":["Bouncing Flask","Expertise"],"picked":"Blade Dance","floor":1},{"not_picked":["Bane","Leg Sweep"],"picked":"PiercingWail","floor":2},{"not_picked":["Outmaneuver","Slice"],"picked":"Expertise","floor":3},{"not_picked":["Catalyst","Prepared"],"picked":"Acrobatics","floor":5},{"not_picked":["Sucker Punch","Underhanded Strike","Dagger Spray"],"picked":"SKIP","floor":7},{"not_picked":["Escape Plan","Outmaneuver"],"picked":"Malaise","floor":8},{"not_picked":["Slice","Calculated Gamble"],"picked":"PiercingWail","floor":10},{"not_picked":["Calculated Gamble","Quick Slash"],"picked":"Prepared","floor":13},{"not_picked":["Escape Plan","Dagger Throw"],"picked":"Deflect","floor":14}],"player_experience":351329,"relics_obtained":[],"event_choices":[{"damage_healed":0,"gold_gain":0,"player_choice":"Lose Max HP","damage_taken":0,"relics_obtained":["Golden Idol"],"max_hp_gain":0,"max_hp_loss":5,"event_name":"Golden Idol","floor":4,"gold_loss":0}],"is_beta":false,"boss_relics":[],"items_purged_floors":[12],"is_endless":false,"potions_floor_spawned":[1,7,8,13],"killed_by":"Slime Boss","ascension_level":2}}