{"host":"1buigr2wepn3ivn6","time":1614441542,"event":{"mods":["100% Spire Juice","BaseMod","Better Altar","BetterRewards","CapriCore","GifTheSpireLib","Minty Spire (QoL Compilation)","MostiFishMod","Reliquary","Replay The Spire","Spicy Shops","StSLib","TestMod","Transform Curses","【功能Mod】聪明的最终Boss","【遗物卡牌】REMEMod"],"gold_per_floor":[119,119,43,61,71,105,141,141,165,165,206,225,269,281,281,364,364,383,202,216,225,237,237,44,80,149,149,162,50,96,112,112,230,257,288,588,632,409,409,460,460,504,513,563,563,587,628,666,666,673,675],"floor_reached":52,"language":"ZHS","playtime":2780,"items_purged":["Regret","Languid"],"score":2432,"play_id":"2574babe-7d9b-4999-b06a-20c0358de4ad","local_time":"20210227235902","daily_mods":["SealedDeck","Vintage","Heirloom","DeadlyEvents","Elite Swarm"],"is_ascension_mode":true,"campfire_choices":[{"data":"MostiFishMod:StarOceanB","floor":8,"key":"SMITH"},{"data":"MostiFishMod:SparklingWater","floor":10,"key":"SMITH"},{"data":"Moonworks:Encore","floor":15,"key":"SMITH"},{"floor":23,"key":"REST"},{"floor":27,"key":"REST"},{"data":"Moonworks:SinkOrSwim","floor":32,"key":"SMITH"},{"data":"Venomology","floor":41,"key":"SMITH"},{"data":"Moonworks:CrystalBarrier","floor":41,"key":"SMITH"},{"data":"Moonworks:Gamble","floor":45,"key":"SMITH"},{"data":"MostiFishMod:NightSea","floor":45,"key":"SMITH"},{"data":"Moonworks:EvilMastermind","floor":49,"key":"SMITH"},{"data":"Moonworks:Encore","floor":49,"key":"SMITH"}],"circlet_count":0,"master_deck":["AscendersBane","Moonworks:Dash","Moonworks:JonathanRush+1","Moonworks:IndiscriminateFireSupport+1","Moonworks:Dash","Moonworks:EvilSpyWorkPreparation","Moonworks:BigBangBell","Moonworks:IntelligenceOfficer","Moonworks:NicePresent","Moonworks:MiracleWalker","Moonworks:EvilSpyWorkPreparation","MostiFishMod:TheEndOfMoonlight","MostiFishMod:SparklingWater+1","MostiFishMod:FantasySummer","MostiFishMod:NightSea+1","MostiFishMod:StarOceanB+1","Moonworks:Encore+1","Moonworks:CrystalBarrier+1","Moonworks:LeapThroughSpace","Moonworks:WeAreWaruda+1","Moonworks:SinkOrSwim+1","Parasite","Moonworks:ShieldCounter","Venomology+1","Moonworks:Wanted","Moonworks:GoAway","MostiFishMod:EE1D","MostiFishMod:EE1D","MostiFishMod:EE1D","MostiFishMod:ChineseTea","Writhe","Overencumbered","Pain","Moonworks:CookingTime","REME_BodyOfCthun","Moonworks:RagingMadness","Moonworks:RagingMadness","Moonworks:BigMagnum","Moonworks:ExtendedPhotonRifle","Moonworks:ImOnFire","Moonworks:Encore+1","Moonworks:EvilMastermind+1","REME_Scribble","Moonworks:Gamble+1","Moonworks:ReflectiveShell","Moonworks:AnotherUltimateWeapon"],"relics":["Moonworks:BrokenBomb","Moonworks:Homemark","testmod-TestBox","REME_ComplimentaryCards","DaveBox","testmod-Déjàvu","MoonlightInvasionPlan","testmod-Hope","CeramicFish","SynthV:TestCard","Replay:Mystery Machine","Quantum Egg","reliquary:Stiletto","Ornamental Fan","testmod-LifeArmor","testmod-HeartOfDaVinci","Bag of Marbles","Ancient Tea Set","Smiling Mask","testmod-CardMagician","ReplayTheSpireMod:CursedCoin","Replay:Wax Seal","testmod-Nyarlathotep","reliquary:TatteredRug","Membership Card","Eternal Feather","testmod-RandomTest","Blue Candle","reliquary:RosewoodLute","TwistedFunnel","SynthV","testmod-Acrobat","reliquary:OuijaBoard","Vajra","CombinedTypeHook","EE1DDrone","Red Skull","testmod-Laevatain","Question Card","Divine Protection","DiscerningMonocle","Art of War","Replay:Arrowhead","Ice Cream","Oddly Smooth Stone","Charon\u0027s Ashes","Pondfish Scales","OriginationStaff","Replay:Accelerometer","reliquary:Buckler"],"acts_visited":["Exordium","TheCity","TheBeyond"],"potions_floor_usage":[11,16,16,18,18,30,30,33,33,33,33,38,40,40,42,42,46,47,50,50],"damage_taken":[{"damage":0,"enemies":"Small Slimes","floor":1,"turns":2},{"damage":5,"enemies":"Jaw Worm","floor":4,"turns":1},{"damage":0,"enemies":"Cultist","floor":5,"turns":1},{"damage":0,"enemies":"3 Sentries","floor":6,"turns":1},{"damage":3,"enemies":"Gremlin Nob","floor":7,"turns":2},{"damage":0,"enemies":"Lagavulin","floor":11,"turns":2},{"damage":0,"enemies":"Exordium Thugs","floor":12,"turns":2},{"damage":5,"enemies":"Gremlin Nob","floor":13,"turns":3},{"damage":3,"enemies":"Large Slime","floor":14,"turns":3},{"damage":21,"enemies":"Slime Boss","floor":16,"turns":5},{"damage":21,"enemies":"Chosen","floor":18,"turns":10},{"damage":3,"enemies":"3 Byrds","floor":20,"turns":3},{"damage":14,"enemies":"Centurion and Healer","floor":22,"turns":8},{"damage":0,"enemies":"REME_1_Revenger","floor":25,"turns":5},{"damage":0,"enemies":"Snake Plant","floor":28,"turns":1},{"damage":10,"enemies":"Book of Stabbing","floor":30,"turns":4},{"damage":0,"enemies":"3 Cultists","floor":31,"turns":1},{"damage":74,"enemies":"Automaton","floor":33,"turns":12},{"damage":4,"enemies":"Orb Walker","floor":35,"turns":2},{"damage":7,"enemies":"3 Shapes","floor":37,"turns":1},{"damage":8,"enemies":"Nemesis","floor":40,"turns":4},{"damage":14,"enemies":"R_Hoarder","floor":42,"turns":3},{"damage":5,"enemies":"Giant Head","floor":44,"turns":4},{"damage":0,"enemies":"Transient","floor":46,"turns":6},{"damage":0,"enemies":"R_Hoarder","floor":47,"turns":4},{"damage":0,"enemies":"Giant Head","floor":48,"turns":3},{"damage":0,"enemies":"Replay:Hell Engine","floor":50,"turns":6},{"damage":21,"enemies":"Donu and Deca","floor":51,"turns":5}],"seed_played":"-4090415575704578887","potions_obtained":[{"floor":4,"key":"Adrenaline Potion"},{"floor":5,"key":"SkillPotion"},{"floor":11,"key":"Swift Potion"},{"floor":13,"key":"testmod-TestPotion"},{"floor":16,"key":"Dexterity Potion"},{"floor":22,"key":"testmod-TimePotion"},{"floor":28,"key":"LifebloodPotion"},{"floor":30,"key":"testmod-TimePotion"},{"floor":33,"key":"FearPotion"},{"floor":40,"key":"Reflective Coating"},{"floor":42,"key":"FairyPotion"},{"floor":44,"key":"AttackPotion"},{"floor":47,"key":"PowerPotion"}],"is_trial":true,"path_per_floor":["M","?","?","M","M","E","E","R","T","R","E","M","E","M","R","B",null,"M","$","M","?","M","R","$","E","T","R","M","$","E","M","R","B",null,"M","?","M","$","?","E","R","E","T","E","R","M","E","E","R","B","B",null],"character_chosen":"THE_STARBREAKER","items_purchased":["ReplayTheSpireMod:CursedCoin","Membership Card","AttackPotion","Block Potion","Energy Potion","SkillPotion","Eternal Feather","TwistedFunnel","SynthV","testmod-Acrobat","Strength Potion","Dexterity Potion","Toxic Potion","FairyPotion","Question Card","Divine Protection","DiscerningMonocle","Moonworks:CookingTime","REME_BodyOfCthun","testmod-SpacePotion","DuplicationPotion","Regen Potion","Art of War","Replay:Arrowhead","Moonworks:RagingMadness","Moonworks:BigMagnum","Moonworks:ExtendedPhotonRifle","Moonworks:ImOnFire"],"campfire_rested":2,"item_purchase_floors":[19,24,24,24,24,24,24,29,29,29,29,29,29,29,38,38,38,38,38,38,38,38,38,38,38,38,38,38],"current_hp_per_floor":[50,50,50,45,45,45,45,45,45,45,45,45,40,37,37,15,45,22,22,17,17,3,19,19,13,13,41,41,41,31,31,46,15,44,40,40,33,33,33,47,53,45,45,53,55,57,57,59,59,59,38],"gold":675,"neow_bonus":"","is_daily":false,"chose_seed":false,"campfire_upgraded":10,"win_rate":0.0,"timestamp":1614441542,"path_taken":["M","?","?","?","M","E","?","R","T","R","E","M","E","M","R","BOSS","M","$","M","?","?","R","?","?","T","R","M","$","E","M","R","BOSS","M","?","?","$","?","E","R","E","T","E","R","?","?","E","R","BOSS","BOSS"],"items_purchased_type":["Relic","Relic","Potion","Potion","Potion","Potion","Relic","Relic","Relic","Relic","Potion","Potion","Potion","Potion","Relic","Relic","Relic","Card","Card","Potion","Potion","Potion","Relic","Relic","Card","Card","Card","Card"],"build_version":"2020-12-22","purchased_purges":2,"victory":true,"max_hp_per_floor":[55,55,55,55,55,55,55,55,55,55,55,55,55,55,55,55,55,55,55,55,55,55,55,55,55,55,55,55,55,55,55,55,53,53,53,53,53,53,53,53,53,53,53,55,55,57,57,59,59,59,59],"card_choices":[{"not_picked":["Moonworks:SubspaceTunnel","Moonworks:FinalBattle","Moonworks:GoAway","Moonworks:RocketCannon"],"picked":"Moonworks:Encore","floor":6},{"not_picked":["Moonworks:AccelHyper","Moonworks:OutOfAmmo","Moonworks:GoAway","Moonworks:FinalBattle"],"picked":"Moonworks:CrystalBarrier","floor":7},{"not_picked":["Moonworks:HolyNight","Moonworks:AnotherUltimateWeapon","Moonworks:GoAway","Moonworks:MeltingMemories"],"picked":"Moonworks:LeapThroughSpace","floor":11},{"not_picked":["Moonworks:Blazing","Moonworks:AnotherUltimateWeapon","Moonworks:RocketCannon","Moonworks:ShieldCounter"],"picked":"Moonworks:WeAreWaruda","floor":13},{"not_picked":["Moonworks:FinalBattle","Moonworks:EvilMastermind","Moonworks:CrystalBarrier","Moonworks:PlushieMaster"],"picked":"Moonworks:SinkOrSwim","floor":16},{"not_picked":["Moonworks:PlushieMaster","Moonworks:AccelHyper","Moonworks:SubspaceTunnel","Moonworks:OutOfAmmo"],"picked":"Moonworks:ShieldCounter","floor":25},{"not_picked":["Moonworks:Accelerator","Moonworks:CrystalBarrier","Moonworks:Encore","Moonworks:GoAway"],"picked":"Moonworks:Wanted","floor":30},{"not_picked":["Moonworks:MetallicMonocoque","Moonworks:HolyNight","Moonworks:StarBlastingFuse","Moonworks:Encore"],"picked":"Moonworks:GoAway","floor":33},{"not_picked":["Moonworks:StarBlastingFuse","Moonworks:LeapThroughSpace","Moonworks:SubspaceTunnel","Moonworks:RocketCannon","Moonworks:GoAway"],"picked":"Moonworks:Encore","floor":40},{"not_picked":["Moonworks:StarBlastingFuse","Moonworks:HolyNight","Moonworks:Wanted","Moonworks:Gamble","Moonworks:ReflectiveShell"],"picked":"Moonworks:EvilMastermind","floor":42},{"not_picked":["Moonworks:RocketCannon","Moonworks:HolyNight","Moonworks:AccelHyper","Moonworks:EvilMastermind","Moonworks:StarBlastingFuse"],"picked":"Moonworks:Gamble","floor":44},{"not_picked":["Moonworks:LeapThroughSpace","Moonworks:GoAway","Moonworks:CrystalBarrier","Moonworks:AccelHyper","Moonworks:Accelerator"],"picked":"Moonworks:ReflectiveShell","floor":47},{"not_picked":["Moonworks:Gamble","Moonworks:RocketCannon","Moonworks:WeAreWaruda","Moonworks:MetallicMonocoque","Moonworks:SubspaceTunnel"],"picked":"Moonworks:AnotherUltimateWeapon","floor":48}],"player_experience":193177,"relics_obtained":[{"floor":1,"key":"CeramicFish"},{"floor":1,"key":"SynthV:TestCard"},{"floor":4,"key":"Replay:Mystery Machine"},{"floor":5,"key":"Quantum Egg"},{"floor":6,"key":"reliquary:Stiletto"},{"floor":7,"key":"Ornamental Fan"},{"floor":9,"key":"testmod-LifeArmor"},{"floor":11,"key":"testmod-HeartOfDaVinci"},{"floor":12,"key":"Bag of Marbles"},{"floor":13,"key":"Ancient Tea Set"},{"floor":14,"key":"Smiling Mask"},{"floor":18,"key":"reliquary:FerryPass"},{"floor":20,"key":"Replay:Wax Seal"},{"floor":22,"key":"reliquary:TatteredRug"},{"floor":25,"key":"testmod-RandomTest"},{"floor":26,"key":"Blue Candle"},{"floor":28,"key":"reliquary:RosewoodLute"},{"floor":30,"key":"reliquary:OuijaBoard"},{"floor":31,"key":"Vajra"},{"floor":33,"key":"CombinedTypeHook"},{"floor":35,"key":"Red Skull"},{"floor":37,"key":"testmod-Laevatain"},{"floor":40,"key":"Ice Cream"},{"floor":42,"key":"Oddly Smooth Stone"},{"floor":43,"key":"Charon\u0027s Ashes"},{"floor":44,"key":"Pondfish Scales"},{"floor":46,"key":"OriginationStaff"},{"floor":47,"key":"Replay:Accelerometer"},{"floor":48,"key":"reliquary:Buckler"}],"event_choices":[{"damage_healed":0,"gold_gain":275,"player_choice":"Desecrate","damage_taken":0,"max_hp_gain":0,"max_hp_loss":0,"event_name":"Golden Shrine","floor":3,"gold_loss":0,"cards_obtained":["Regret"]},{"damage_healed":0,"gold_gain":0,"player_choice":"Swap Relic","damage_taken":0,"relics_obtained":["Old Coin"],"max_hp_gain":0,"max_hp_loss":0,"event_name":"给自己的盒子","floor":36,"relics_lost":["Old Coin"],"gold_loss":0},{"cards_removed":["MostiFishMod:Neptune"],"damage_healed":0,"gold_gain":0,"player_choice":"Removed Attack","damage_taken":0,"max_hp_gain":0,"max_hp_loss":0,"event_name":"Falling","floor":39,"gold_loss":0}],"is_beta":false,"boss_relics":[{"not_picked":["Kintsugi","reliquary:KinkedSpring"],"picked":"testmod-CardMagician"},{"not_picked":["SacredBark","reliquary:BigHammer"],"picked":"EE1DDrone"}],"items_purged_floors":[19,19],"is_endless":false,"potions_floor_spawned":[4,5,11,13,16,22,28,30,33,40,42,44,47],"ascension_level":20}}