{"host":"3twtdwjpiqhvvn5s","time":1614432487,"event":{"mods":["AchievementEnabler","Act Like it!","Aspiration","BaseMod","BetterRewards","Colored Map","Colored Powertips","Downfall","Duelist Mod","Friendly Minions","GifTheSpireLib","Hermit","Hubris","Infinite Spire","Jorbs\u0027s Wanderer Trilogy","Koishi","KomeijiMod","Marisa????????","Minty Spire (QoL Compilation)","Quick Restart","Rare Cards Sparkle","Replay The Spire","Shop Mod","StSLib","Td1madao Mod","The Administrix","The Animator","The Bug Knight","The Caster","The Cursed","The Disciple","The Hierophant","The Necromancer","The Poker Player","The Runesmith","The Servant 0.9.4"],"gold_per_floor":[112,128,138,158,158,158,158,158,183,193,207,235,252,242,242,242,242],"floor_reached":16,"language":"ENG","playtime":133322,"items_purged":[],"score":156,"play_id":"3d5cc7cd-bea1-45ad-a346-bfe1c608d089","local_time":"20210227072807","daily_mods":["Allstar","Blue Cards","Terminal"],"is_ascension_mode":false,"campfire_choices":[{"data":"ReplayTheSpireMod:Necrogeddon","floor":6,"key":"SMITH"},{"data":"Metamorphosis","floor":8,"key":"SMITH"},{"data":"Injury","floor":15,"key":"PURGE"}],"circlet_count":0,"master_deck":["Strike_G","Strike_G","Strike_G","Strike_G","Strike_G","Defend_G","Defend_G","Defend_G","Defend_G","Defend_G","Survivor","Neutralize","ReplayTheSpireMod:Necrogeddon","ReplayTheSpireMod:Necrogeddon+1","Metamorphosis+1","hubris:Ssssneak","Transmutation","Hologram","Hidden Blade","Blade Dance"],"relics":["Ring of the Snake","downfall:NeowBlessing_Player","Frozen Egg 2","aspiration:Lifesprig","Runesmith:AutoHammer"],"acts_visited":["Exordium"],"potions_floor_usage":[],"damage_taken":[{"damage":0,"enemies":"Small Slimes","floor":1,"turns":4},{"damage":20,"enemies":"Jaw Worm","floor":2,"turns":6},{"damage":10,"enemies":"2 Louse","floor":3,"turns":4},{"damage":21,"enemies":"Red Slaver","floor":4,"turns":6},{"damage":15,"enemies":"Exordium Wildlife","floor":10,"turns":6},{"damage":19,"enemies":"Gremlin Gang","floor":11,"turns":15},{"damage":30,"enemies":"Lagavulin","floor":12,"turns":8},{"damage":0,"enemies":"2 Fungi Beasts","floor":13,"turns":4},{"damage":5,"enemies":"Exordium Thugs","floor":14,"turns":4},{"damage":52,"enemies":"Slime Boss","floor":16,"turns":11}],"seed_played":"718953648005160546","potions_obtained":[{"floor":1,"key":"Fruit Juice"},{"floor":2,"key":"Guardian:BlockOnCardUsePotion"},{"floor":3,"key":"ColorlessPotion"},{"floor":11,"key":"FearPotion"}],"is_trial":true,"path_per_floor":["M","M","M","M","?","R","?","R","T","M","M","E","M","M","R_BF","B"],"character_chosen":"THE_SILENT","items_purchased":[],"campfire_rested":0,"item_purchase_floors":[],"current_hp_per_floor":[168,148,138,117,117,117,117,117,117,102,83,53,53,48,48,0,0],"gold":242,"neow_bonus":"","is_daily":false,"chose_seed":false,"campfire_upgraded":2,"win_rate":0.0,"timestamp":1614432487,"path_taken":["M","M","M","M","?","R","?","R","T","M","M","E","M","M","R_BF","BOSS"],"items_purchased_type":[],"build_version":"2020-12-22","purchased_purges":0,"victory":false,"max_hp_per_floor":[168,167,166,165,164,163,162,161,160,159,158,157,156,155,154,154,154],"card_choices":[{"not_picked":["Poisoned Stab","ReplayTheSpireMod:Shiv Toss"],"picked":"Hologram","floor":1},{"not_picked":["ReplayTheSpireMod:Repulse","Acrobatics"],"picked":"Hidden Blade","floor":2},{"not_picked":["hubris:PowerSurge","Barrage","Bouncing Flask"],"picked":"SKIP","floor":3},{"not_picked":["hubris:TrickCloak","Compile Driver","BasicCrystalCard"],"picked":"SKIP","floor":4},{"not_picked":["Blur","Predator","Dodge and Roll"],"picked":"SKIP","floor":10},{"not_picked":["Dagger Throw","Force Field","Skim"],"picked":"SKIP","floor":11},{"not_picked":["Go for the Eyes","ReplayTheSpireMod:Fabricate Wheel"],"picked":"Blade Dance","floor":12},{"not_picked":["Leap","ReplayTheSpireMod:Shiv Toss","Crippling Poison"],"picked":"SKIP","floor":13},{"not_picked":["Dash","hubris:Sniper","Sweeping Beam"],"picked":"SKIP","floor":14}],"player_experience":3579156,"relics_obtained":[{"floor":9,"key":"aspiration:Lifesprig"},{"floor":12,"key":"Runesmith:AutoHammer"}],"event_choices":[{"damage_healed":0,"gold_gain":0,"player_choice":"Ignored","damage_taken":0,"max_hp_gain":0,"max_hp_loss":0,"event_name":"Liars Game","floor":5,"gold_loss":0}],"is_beta":false,"boss_relics":[],"items_purged_floors":[],"is_endless":false,"potions_floor_spawned":[1,2,3,11],"killed_by":"Slime Boss","ascension_level":0}}