{"host":"v63m4f6t57xrjbnq","time":1614447767,"event":{"mods":["100% Spire Juice","ATMod(阿瑾Mod)","Act Like it!","Arknights","BaseMod","Colored Powertips","Dota2Spire","Downfall","Energized Spire","Gensokyo","Hallownest","KinomotoSakuraMod(木之本樱)","KomeijiMod","LagranYue(拉格朗・月)","Lobotomy","LobotomyExtend","Marisa（F雨　魔理沙）","Marked Mod","Minty Spire (QoL Compilation)","Quick Restart","Reimu（博丽灵梦）","Relic Filter Mod","Remilia（蕾米莉亚）","Replay The Spire","RumiaBox-露米娅的神秘盒子","StSLib","The Administrix","The Marked","The Senshi","The Servant 0.9.4","Waifu the Spire","WarShipGirlsR/战舰少女R mod","Yakumo Yukari mod","Youmu（魂魄妖梦）","Yuyuko","【遗物卡牌】REMEMod"],"gold_per_floor":[363,236,448,448,462,495,495,529,580,597,616,197,207,217,217,217,217],"floor_reached":16,"language":"ZHS","playtime":729,"items_purged":["theSenshi:SailorKick","Guardian:Strike_Guardian"],"score":247,"play_id":"0dc12f8c-6fae-4e63-8551-97822463ad38","local_time":"20210228014247","is_ascension_mode":true,"campfire_choices":[{"floor":7,"key":"REST"},{"floor":15,"key":"DIG"}],"circlet_count":0,"master_deck":["AscendersBane","ats:Strike C","ats:Strike S","ats:Strike V","ats:Armor Crushing Shot","ats:Defend","ats:Defend","ats:Defend","ats:Defend","ats:Emotion Absorption","ats:Charging Defense","ats:Closed Bolt Burst Fire","ats:Curse Doll","ats:Soul Absorption","ats:Guard Mode","ats:Red Shift","ats:Shell Defense","ats:True Silver Slash","ats:Shadow Raid","ats:Flexible Camouflage","ats:Healing Drone"],"relics":["ats:Sanity","AT_ATBox","REME_ComplimentaryCards","LagranYue:RandomDrawCardRelic","Baka","ats:Originium","Mummified Hand","Nunchaku","Lantern","Replay:Ringing Soul","Dota2Spire:EchoSabre"],"acts_visited":["Hallownest:Greenpath"],"potions_floor_usage":[6,16],"damage_taken":[{"damage":25,"enemies":"Hallownest:monsterHuskGuard","floor":1,"turns":4},{"damage":5,"enemies":"Hallownest:2_Tiktiks_and_1_Crawlid","floor":3,"turns":1},{"damage":5,"enemies":"2_ Uuma","floor":5,"turns":6},{"damage":9,"enemies":"Hallownest:eliteVengeflyKing","floor":6,"turns":9},{"damage":8,"enemies":"Hallownest:eliteCrystalGuardian","floor":8,"turns":8},{"damage":14,"enemies":"Hallownest:MossCreep_and_Mosskin","floor":10,"turns":6},{"damage":1,"enemies":"Hallownest:Wandering_and_Horned","floor":11,"turns":6},{"damage":2,"enemies":"Hallownest:Guard_and_Warrior","floor":13,"turns":4},{"damage":8,"enemies":"Hallownest:2_Tiktiks_1_Baldur_1_Crawlid","floor":14,"turns":5},{"damage":39,"enemies":"Hallownest:BossFalseKnight","floor":16,"turns":6}],"seed_played":"-714160483017617949","potions_obtained":[{"floor":1,"key":"GamblersBrew"},{"floor":3,"key":"ats:Burn Big Potion"},{"floor":5,"key":"Energy Potion"},{"floor":8,"key":"Guardian:BlockOnCardUsePotion"}],"is_trial":false,"path_per_floor":["M","$","M","?","M","E","R","E","T","M","M","$","M","M","R","B"],"character_chosen":"DOCTOR_CLASS","items_purchased":["ats:Closed Bolt Burst Fire","Replay:Ringing Soul","ats:Shadow Raid"],"campfire_rested":1,"item_purchase_floors":[2,12,12],"current_hp_per_floor":[40,40,35,35,30,21,42,34,34,13,19,22,23,21,21,0,0],"gold":217,"neow_bonus":"TWO_FIFTY_GOLD","is_daily":false,"chose_seed":false,"campfire_upgraded":0,"win_rate":0.0,"timestamp":1614447767,"path_taken":["M","$","?","?","M","E","R","E","T","M","M","$","M","M","R","BOSS"],"items_purchased_type":["Card","Relic","Card"],"build_version":"2020-12-22","purchased_purges":2,"victory":false,"max_hp_per_floor":[72,72,72,72,72,72,72,72,72,80,80,83,86,89,89,89,89],"card_choices":[{"not_picked":["ats:Neurotoxin","ats:Assault Order"],"picked":"ats:Charging Defense","floor":1},{"not_picked":["ats:Leaping Hammer","ats:Revitalization"],"picked":"ats:Curse Doll","floor":3},{"not_picked":["ats:Revitalization","ats:Hook Shot"],"picked":"ats:Guard Mode","floor":5},{"not_picked":["ats:Consecutive Shot Auto","ats:Song Of Battle"],"picked":"ats:Red Shift","floor":6},{"not_picked":["ats:Consecutive Shot Auto","ats:Soul Absorption"],"picked":"ats:Shell Defense","floor":8},{"not_picked":["ats:Curse Doll","ats:Very Hot Blade","ats:Closed Bolt Burst Fire"],"picked":"SKIP","floor":10},{"not_picked":["ats:Revitalization","ats:Poison Spread"],"picked":"ats:True Silver Slash","floor":11},{"not_picked":["ats:Absolute Focus","ats:Guard Mode"],"picked":"ats:Flexible Camouflage","floor":13},{"not_picked":["ats:Cat Scratch","ats:Powerful Strike"],"picked":"ats:Healing Drone","floor":14}],"player_experience":285820,"relics_obtained":[{"floor":1,"key":"Baka"},{"floor":6,"key":"ats:Originium"},{"floor":6,"key":"Mummified Hand"},{"floor":8,"key":"ats:Originium"},{"floor":8,"key":"Nunchaku"},{"floor":9,"key":"Lantern"},{"floor":15,"key":"Dota2Spire:EchoSabre"}],"event_choices":[],"is_beta":false,"boss_relics":[],"items_purged_floors":[2,12],"is_endless":false,"potions_floor_spawned":[1,3,5,8,14],"killed_by":"Hallownest:BossFalseKnight","ascension_level":14}}