{"host":"f14d6hm2349s9jse","time":1614435065,"event":{"mods":["2.2 Compatiblity","BaseMod","Lobotomy","Minty Spire (QoL Compilation)","StSLib"],"gold_per_floor":[113,128,128,138,98,98,98],"floor_reached":6,"language":"ENG","playtime":412,"items_purged":[],"score":72,"play_id":"02ec414e-0667-4244-90ad-b9d2b97daf42","local_time":"20210227091105","is_ascension_mode":true,"campfire_choices":[],"circlet_count":0,"master_deck":["AscendersBane","Strike_B","Strike_B","Strike_B","Strike_B","Defend_B","Defend_B","Defend_B","Defend_B","Zap","Dualcast","LittleHelper","BigBird","CherryBlossoms","Lockon","Wellcheers"],"relics":["Cracked Core","CogitoBucket","Toxic Egg 2"],"acts_visited":["Exordium"],"potions_floor_usage":[],"damage_taken":[{"damage":3,"enemies":"Small Slimes","floor":1,"turns":3},{"damage":10,"enemies":"2 Louse","floor":2,"turns":2},{"damage":9,"enemies":"Jaw Worm","floor":4,"turns":4},{"damage":7,"enemies":"Looter","floor":5,"turns":4},{"damage":53,"enemies":"Gremlin Nob","floor":6,"turns":4}],"seed_played":"-8213160897255807234","potions_obtained":[{"floor":2,"key":"Dexterity Potion"}],"is_trial":false,"path_per_floor":["M","M","?","M","M","E"],"character_chosen":"DEFECT","items_purchased":[],"campfire_rested":0,"item_purchase_floors":[],"current_hp_per_floor":[61,51,46,37,30,0,0],"gold":98,"neow_bonus":"","is_daily":false,"chose_seed":false,"campfire_upgraded":0,"win_rate":0.0,"timestamp":1614435065,"path_taken":["M","M","?","M","M","E"],"items_purchased_type":[],"build_version":"2020-12-22","purchased_purges":0,"victory":false,"max_hp_per_floor":[71,71,71,71,71,71,71],"card_choices":[{"not_picked":["CrumblingArmor","MeatLantern"],"picked":"LittleHelper","floor":1},{"not_picked":["Hologram","Steam Power","Skim"],"picked":"SKIP","floor":1},{"not_picked":["MeatLantern","Freischutz"],"picked":"BigBird","floor":2},{"not_picked":["Compile Driver","Rebound","Beam Cell"],"picked":"SKIP","floor":2},{"not_picked":["MeatLantern","Mercenary"],"picked":"CherryBlossoms","floor":4},{"not_picked":["All For One","Scrape","Reprogram+1"],"picked":"SKIP","floor":4},{"not_picked":["Beam Cell","Capacitor"],"picked":"Lockon","floor":5},{"not_picked":["Murderer","Bloodbath"],"picked":"Wellcheers","floor":5}],"player_experience":2477366,"relics_obtained":[],"event_choices":[{"damage_healed":0,"gold_gain":0,"player_choice":"Success","damage_taken":5,"relics_obtained":["Toxic Egg 2"],"max_hp_gain":0,"max_hp_loss":0,"event_name":"Scrap Ooze","floor":3,"gold_loss":0}],"is_beta":false,"boss_relics":[],"items_purged_floors":[],"is_endless":false,"potions_floor_spawned":[2],"killed_by":"Gremlin Nob","ascension_level":20}}