{"host":"yvapux1qyejt934z","time":1614431352,"event":{"mods":["Aspiration","BaseMod","Bestiary","Better Third Choice","Downfall","Energized Spire","Evolution","GifTheSpireLib","Jorbs\u0027s Wanderer Trilogy","Koishi","Minty Spire (QoL Compilation)","Relic Stats","Reliquary","Remilia??????","Replay The Spire","Shade Mod","StSLib","Stuff the Spire","The Blue Laboratory","The Cursed","The Disciple","The Hierophant","The Marked","The Necromancer","The Servant 0.9.4"],"gold_per_floor":[111,111,129,146,28,61,61,74,123,123,123,123,155,165,165,260,260,275,275,18,38,56,56,68,68,68],"floor_reached":25,"language":"ENG","playtime":1776,"items_purged":[],"score":213,"play_id":"1b9217e8-4bf0-4fc1-90f6-9d0af51736c6","local_time":"20210227080912","is_ascension_mode":false,"campfire_choices":[{"data":"theMarked:EmpowerWeapon","floor":7,"key":"SMITH"},{"data":"theMarked:Generate","floor":10,"key":"SMITH"},{"data":"theMarked:SwordAndMagic","floor":12,"key":"SMITH"},{"floor":15,"key":"REST"},{"floor":23,"key":"REST"}],"circlet_count":0,"master_deck":["theMarked:Strike","theMarked:Strike","theMarked:Strike","theMarked:Strike","theMarked:Strike","theMarked:Defend","theMarked:Defend","theMarked:Defend","theMarked:Defend","theMarked:SoldierOfQuellstein+1","theMarked:Generate+1","theMarked:Static","theMarked:Improvise","theMarked:Challenge","theMarked:EmpowerWeapon+1","theMarked:SwordAndMagic+1","theMarked:ChainLightning","theMarked:Reabsorb","theMarked:Aftermath","theMarked:TakeOffHeels","theMarked:MysticalArsenal+1","theMarked:EternalStudent","theMarked:BanishingWave","theMarked:BanishingWave","theMarked:EmpowerWeapon","theMarked:MuscleMemory","theMarked:HeightenedSenses","theMarked:Levitate"],"relics":["theMarked:ArtifactOfAir","EVO:Axolotl","reliquary:BallBearing","Pet Ghost","NlothsMask","reliquary:BoilingFlask","energizedSpire:EnergizedDie","Simple Rune"],"acts_visited":["Exordium","TheCity"],"potions_floor_usage":[6,13,18],"damage_taken":[{"damage":1,"enemies":"Cultist","floor":1,"turns":3},{"damage":6,"enemies":"Jaw Worm","floor":3,"turns":2},{"damage":0,"enemies":"2 Louse","floor":4,"turns":3},{"damage":25,"enemies":"Lagavulin","floor":6,"turns":4},{"damage":6,"enemies":"Blue Slaver","floor":8,"turns":3},{"damage":9,"enemies":"Replay:BlueRogue","floor":13,"turns":4},{"damage":15,"enemies":"3 Louse","floor":14,"turns":3},{"damage":35,"enemies":"Slime Boss","floor":16,"turns":8},{"damage":28,"enemies":"2 Thieves","floor":18,"turns":4},{"damage":5,"enemies":"Spheric Guardian","floor":21,"turns":3},{"damage":43,"enemies":"3 Cultists","floor":22,"turns":5},{"damage":21,"enemies":"Snake Plant","floor":24,"turns":3},{"damage":6,"enemies":"Cultist and Chosen","floor":25,"turns":4}],"seed_played":"5381338927510841992","potions_obtained":[{"floor":1,"key":"theMarked:SummonPotion"},{"floor":6,"key":"Flashbang"},{"floor":14,"key":"blueLaboratory:CorrosionFlask"},{"floor":16,"key":"Block Potion"}],"is_trial":false,"path_per_floor":["M","?","M","M","$","E","R","M","T","R","?","R","E","M","R","B",null,"M","?","$","M","M","R","M","M"],"character_chosen":"THE_DEFAULT","items_purchased":["theMarked:Challenge","theMarked:EmpowerWeapon","theMarked:EternalStudent","theMarked:BanishingWave","theMarked:EmpowerWeapon"],"campfire_rested":2,"item_purchase_floors":[5,5,20,20,20],"current_hp_per_floor":[78,78,72,72,72,47,47,41,41,41,41,41,32,17,40,5,79,51,51,51,46,3,26,5,0,0],"gold":68,"neow_bonus":"TEN_PERCENT_HP_BONUS","is_daily":false,"chose_seed":false,"campfire_upgraded":3,"win_rate":0.0,"timestamp":1614431352,"path_taken":["M","?","M","?","$","E","R","M","T","R","?","R","E","M","R","BOSS","M","?","$","?","?","R","M","M"],"items_purchased_type":["Card","Card","Card","Card","Card"],"build_version":"2020-12-22","purchased_purges":0,"victory":false,"max_hp_per_floor":[79,79,79,79,79,79,79,79,79,79,79,79,79,79,79,79,79,79,79,79,79,79,79,79,79,79],"relic_stats":{"counters":[13,49],"obtain_stats":[{"theMarked:ArtifactOfAir":0,"reliquary:BoilingFlask":13,"energizedSpire:EnergizedDie":17,"Simple Rune":19,"reliquary:BallBearing":6,"EVO:Axolotl":0,"Pet Ghost":9,"NlothsMask":11},{"theMarked:ArtifactOfAir":0,"reliquary:BoilingFlask":6,"energizedSpire:EnergizedDie":8,"Simple Rune":9,"reliquary:BallBearing":4,"EVO:Axolotl":0,"Pet Ghost":5,"NlothsMask":5},{"theMarked:ArtifactOfAir":0,"reliquary:BoilingFlask":19,"energizedSpire:EnergizedDie":30,"Simple Rune":34,"reliquary:BallBearing":12,"EVO:Axolotl":0,"Pet Ghost":15,"NlothsMask":15}]},"card_choices":[{"not_picked":["theMarked:Improvise","theMarked:WastefulAttack"],"picked":"theMarked:Generate","floor":1},{"not_picked":["theMarked:WardOff","theMarked:TwofoldDefense"],"picked":"theMarked:Static","floor":3},{"not_picked":["theMarked:HeightenedSenses","theMarked:EnhanceMovement"],"picked":"theMarked:Improvise","floor":4},{"not_picked":["theMarked:GodGivenPower","theMarked:TwofoldDefense"],"picked":"theMarked:SwordAndMagic","floor":6},{"not_picked":["theMarked:ResourceFulStrike","theMarked:WastefulAttack"],"picked":"theMarked:ChainLightning","floor":8},{"not_picked":["theMarked:LightningStrikesTwice","theMarked:ShockingTouch"],"picked":"theMarked:Reabsorb","floor":13},{"not_picked":["theMarked:ResourceFulStrike","theMarked:RepellingDischarge"],"picked":"theMarked:Aftermath","floor":14},{"not_picked":["theMarked:ThrowWeapon","theMarked:Challenge"],"picked":"theMarked:TakeOffHeels","floor":16},{"not_picked":["theMarked:Memento","theMarked:TwofoldDefense+1"],"picked":"theMarked:MysticalArsenal+1","floor":18},{"not_picked":["theMarked:Frustration+1","theMarked:TwofoldDefense"],"picked":"theMarked:MuscleMemory","floor":21},{"not_picked":["theMarked:Memento","theMarked:SwordAndMagic"],"picked":"theMarked:HeightenedSenses","floor":22},{"not_picked":["theMarked:Overthink+1","theMarked:Memento+1"],"picked":"theMarked:Levitate","floor":24}],"player_experience":42111,"relics_obtained":[{"floor":6,"key":"reliquary:BallBearing"},{"floor":9,"key":"Pet Ghost"},{"floor":13,"key":"reliquary:BoilingFlask"},{"floor":19,"key":"Simple Rune"}],"event_choices":[{"damage_healed":0,"gold_gain":0,"player_choice":"Upgraded","damage_taken":0,"max_hp_gain":0,"max_hp_loss":0,"event_name":"Upgrade Shrine","floor":2,"gold_loss":0,"cards_upgraded":["theMarked:SoldierOfQuellstein"]},{"damage_healed":0,"gold_gain":0,"player_choice":"Trade","damage_taken":0,"relics_obtained":["NlothsMask"],"max_hp_gain":0,"max_hp_loss":0,"event_name":"FaceTrader","floor":11,"gold_loss":0},{"damage_healed":0,"gold_gain":0,"player_choice":"Relic","damage_taken":0,"max_hp_gain":0,"max_hp_loss":0,"event_name":"Wheel of Change","floor":19,"gold_loss":0}],"is_beta":false,"boss_relics":[{"not_picked":["Painkiller Herb","theMarked:BronzeBlade"],"picked":"energizedSpire:EnergizedDie"}],"items_purged_floors":[],"is_endless":false,"potions_floor_spawned":[1,6,14,16,21],"killed_by":"Cultist and Chosen","ascension_level":0}}