{"host":"rwiy0nr47d6nmxat","time":1614433418,"event":{"mods":["2.2 Compatiblity","AchievementEnabler","Act Like it!","Aspiration","BaseMod","Better Note","Better Sensory Stone","Block Reminder","Challenge The Spire","Colored Map","Colored Powertips","Conspire","Curses Come First","Elementarium","Highlight Path","Hubris","Infinite Spire","Mad Scientist","Minty Spire (QoL Compilation)","Permanent Neow","Quick Restart","Rare Cards Sparkle","Reliquary","Replay The Spire","Ruina","Spire Arcade","StSLib","SuperFastMode","The Cursed","TheFirefly","slay the spire mod where everything is the same but ironclad has a cowboy hat"],"gold_per_floor":[111,11,11,26,46,46,79,90,117,117,129,129,129,146,146,248,248,268,268,318,335,243,14,32,48,73,73,93,106,117,135,135,230,230,245,260,19,35,0,17,17,27,27,27,27],"floor_reached":44,"language":"ENG","playtime":1754,"items_purged":[],"score":468,"play_id":"24461bad-0ae7-4f9f-9409-3059c9cf99aa","local_time":"20210227084338","is_ascension_mode":false,"campfire_choices":[{"data":"White Noise","floor":6,"key":"SMITH"},{"data":"Zap","floor":10,"key":"SMITH"},{"floor":15,"key":"REST"},{"floor":32,"key":"REST"},{"floor":41,"key":"REST"}],"circlet_count":0,"master_deck":["Strike_B","Strike_B","Strike_B","Strike_B","Defend_B","Defend_B","Defend_B","Defend_B","Zap+1","Dualcast","Gash","Go for the Eyes","White Noise+1","Ball Lightning","Sweeping Beam","Conserve Battery","Sweeping Beam","Crystallizer","Core Surge","CurseOfTheBell","Redo+1","infinitespire:UltimateForm","infinitespire:TheBestDefense","infinitespire:FinalStrike","Elementarium:StickyTar","Turbo","Static Discharge","Conserve Battery+1","Tempest","Ball Lightning","Cold Snap+1","Double Energy","Redo","Thunder Strike","BasicCrystalCard+1","Hologram+1","Hologram+1","Self Repair","Turbo+1"],"relics":["Cracked Core","reliquary:TuningFork","Pet Ghost","hubris:BallOfYels","Calling Bell","infinitespire:Freezer","Pantograph","hubris:CuriousFeather","Incense Burner","Replay:Rubber Ducky","Lantern","reliquary:FerryPass","hubris:Towel","Elementarium:ElementariumTrophy","reliquary:ThirdArm","reliquary:ShortFuse","Elementarium:GoldenMirage","hubris:SlimyHat"],"acts_visited":["Exordium","Exordium","TheBeyond"],"potions_floor_usage":[7,7,16,28,28,28,33,33,42,44],"damage_taken":[{"damage":5,"enemies":"2 Louse","floor":1,"turns":3},{"damage":1,"enemies":"Cultist","floor":4,"turns":4},{"damage":8,"enemies":"Small Slimes","floor":5,"turns":3},{"damage":0,"enemies":"Lagavulin","floor":7,"turns":5},{"damage":6,"enemies":"Blue Slaver","floor":8,"turns":3},{"damage":6,"enemies":"3 Louse","floor":11,"turns":3},{"damage":0,"enemies":"2 Fungi Beasts","floor":14,"turns":3},{"damage":13,"enemies":"Fading Forest","floor":16,"turns":11},{"damage":22,"enemies":"Elementarium:Cyclone","floor":18,"turns":6},{"damage":0,"enemies":"Elementarium:MUD_AND_TAR_GOLEMS","floor":21,"turns":4},{"damage":9,"enemies":"Elementarium:VoidBeast","floor":24,"turns":4},{"damage":6,"enemies":"Elementarium:VOID_CORRUPTION_AND_ORB_OF_FIRE","floor":25,"turns":4},{"damage":2,"enemies":"Elementarium:3_ELEMENTALS","floor":28,"turns":3},{"damage":6,"enemies":"Elementarium:VOID_CORRUPTION_AND_TAR_GOLEM","floor":29,"turns":4},{"damage":0,"enemies":"Elementarium:RubyGolem","floor":30,"turns":4},{"damage":0,"enemies":"Elementarium:3_ELEMENTALS","floor":31,"turns":4},{"damage":74,"enemies":"Elementarium:PHOENIXES","floor":33,"turns":9},{"damage":10,"enemies":"3 Shapes","floor":35,"turns":5},{"damage":8,"enemies":"Orb Walker","floor":36,"turns":4},{"damage":1,"enemies":"Sphere and 2 Shapes","floor":38,"turns":5},{"damage":22,"enemies":"Maw","floor":40,"turns":7},{"damage":3,"enemies":"Transient","floor":42,"turns":5},{"damage":61,"enemies":"Nightmare","floor":44,"turns":7}],"seed_played":"6555253873611192715","potions_obtained":[{"floor":1,"key":"SpeedPotion"},{"floor":5,"key":"Flashbang"},{"floor":8,"key":"BlessingOfTheForge"},{"floor":14,"key":"Dexterity Potion"},{"floor":21,"key":"EssenceOfSteel"},{"floor":24,"key":"SteroidPotion"},{"floor":29,"key":"Energy Potion"},{"floor":31,"key":"Elixir"},{"floor":35,"key":"SpeedPotion"},{"floor":40,"key":"Elixir"}],"is_trial":false,"path_per_floor":["M","$","?","M","M","R","E","M","T","R","M","?","?","M","R","B",null,"M","AVR","?","M","?","$","M","M","T","?","M","M","M","M","R","B",null,"M","M","$","M","?","M","R","M","T","NM"],"character_chosen":"DEFECT","items_purchased":["Go for the Eyes","Compile Driver","Lantern","Static Discharge","reliquary:ShortFuse"],"campfire_rested":3,"item_purchase_floors":[2,2,23,23,37],"current_hp_per_floor":[75,75,80,79,71,71,71,65,65,65,59,59,47,47,71,68,80,58,58,58,58,58,58,49,43,43,43,41,35,35,35,59,6,80,70,62,62,61,61,39,63,60,60,0,0],"gold":27,"neow_bonus":"RANDOM_EVENT","is_daily":false,"chose_seed":false,"campfire_upgraded":2,"win_rate":0.0,"timestamp":1614433418,"path_taken":["M","$","?","M","M","R","E","M","T","R","?","?","?","M","R","BOSS","M","AVR","?","M","?","$","M","M","T","?","M","M","M","M","R","BOSS","M","M","$","M","?","M","R","M","T","NM"],"items_purchased_type":["Card","Card","Relic","Card","Relic"],"build_version":"2020-12-22","purchased_purges":0,"victory":false,"max_hp_per_floor":[80,80,80,80,80,80,80,80,80,80,80,80,80,80,80,80,80,80,80,80,80,80,80,80,80,80,80,80,80,80,80,80,80,80,80,80,80,80,80,80,80,80,80,80,80],"card_choices":[{"not_picked":["Cold Snap","ReplayTheSpireMod:GoodbyeWorld"],"picked":"Gash","floor":1},{"not_picked":["Lockon","hubris:Ukulele"],"picked":"White Noise","floor":4},{"not_picked":["Leap","Auto Shields"],"picked":"Ball Lightning","floor":5},{"not_picked":["Fusion","Hyperbeam"],"picked":"Sweeping Beam","floor":7},{"not_picked":["Doom and Gloom","Go for the Eyes"],"picked":"Conserve Battery","floor":8},{"not_picked":["Chaos","Streamline"],"picked":"Sweeping Beam","floor":11},{"not_picked":["Time Bomb","Coolheaded"],"picked":"Crystallizer","floor":14},{"not_picked":["ReplayTheSpireMod:Omega Cannon","Seek"],"picked":"Core Surge","floor":16},{"not_picked":["ReplayTheSpireMod:Repulse","conspire:SharedLibrary"],"picked":"Redo+1","floor":18},{"not_picked":["Force Field","Rip and Tear"],"picked":"Turbo","floor":21},{"not_picked":["Skim","Hologram"],"picked":"Conserve Battery+1","floor":24},{"not_picked":["Ball Lightning","Fusion"],"picked":"Tempest","floor":25},{"not_picked":["Aggregate","Steam"],"picked":"Ball Lightning","floor":28},{"not_picked":["Coolheaded","Chaos"],"picked":"Cold Snap+1","floor":29},{"not_picked":["Heatsinks","Sunder+1"],"picked":"Double Energy","floor":30},{"not_picked":["ReplaySort","ReplayTheSpireMod:GoodbyeWorld"],"picked":"Redo","floor":31},{"not_picked":["Multi-Cast","Rainbow"],"picked":"Thunder Strike","floor":33},{"not_picked":["Stack","Steam"],"picked":"BasicCrystalCard+1","floor":35},{"not_picked":["Recycle","BasicCrystalCard+1"],"picked":"Hologram+1","floor":36},{"not_picked":["BootSequence","Meteor Strike"],"picked":"Hologram+1","floor":38},{"not_picked":["Steam","Turbo+1"],"picked":"Self Repair","floor":40},{"not_picked":["Coolheaded","Hologram"],"picked":"Turbo+1","floor":42}],"player_experience":84005,"relics_obtained":[{"floor":7,"key":"reliquary:TuningFork"},{"floor":9,"key":"Pet Ghost"},{"floor":17,"key":"infinitespire:Freezer"},{"floor":17,"key":"Pantograph"},{"floor":17,"key":"hubris:CuriousFeather"},{"floor":26,"key":"reliquary:FerryPass"},{"floor":43,"key":"hubris:SlimyHat"}],"event_choices":[{"damage_healed":0,"gold_gain":0,"player_choice":"Donut","damage_taken":0,"max_hp_gain":5,"max_hp_loss":0,"event_name":"Big Fish","floor":0,"gold_loss":0},{"cards_removed":["Compile Driver"],"damage_healed":5,"gold_gain":0,"player_choice":"Offered Common","damage_taken":0,"max_hp_gain":0,"max_hp_loss":0,"event_name":"Bonfire Elementals","floor":3,"gold_loss":0},{"cards_removed":["Compile Driver"],"damage_healed":5,"gold_gain":0,"player_choice":"Offered Special","damage_taken":0,"max_hp_gain":0,"max_hp_loss":0,"event_name":"Bonfire Elementals","floor":3,"gold_loss":0},{"damage_healed":0,"gold_gain":0,"player_choice":"Success","damage_taken":12,"relics_obtained":["hubris:BallOfYels"],"max_hp_gain":0,"max_hp_loss":0,"event_name":"Scrap Ooze","floor":13,"gold_loss":0},{"damage_healed":0,"gold_gain":50,"player_choice":"Take","damage_taken":0,"max_hp_gain":0,"max_hp_loss":0,"event_name":"Elementarium:StickySituation","floor":20,"gold_loss":0},{"damage_healed":0,"gold_gain":0,"player_choice":"Gold","damage_taken":0,"relics_obtained":["Replay:Rubber Ducky"],"max_hp_gain":0,"max_hp_loss":0,"event_name":"Elementarium:ShatteredPortal","floor":22,"gold_loss":92},{"damage_healed":0,"gold_gain":0,"player_choice":"Offer","damage_taken":0,"relics_obtained":["Elementarium:GoldenMirage"],"max_hp_gain":0,"max_hp_loss":0,"event_name":"Elementarium:ChestOfTheGoldenMirage","floor":39,"gold_loss":35}],"is_beta":false,"boss_relics":[{"not_picked":["conspire:RoyalGoblet","Fusion Hammer"],"picked":"Calling Bell"},{"not_picked":["Honey Jar","hubris:HollowSoul"],"picked":"reliquary:ThirdArm"}],"items_purged_floors":[],"is_endless":false,"potions_floor_spawned":[1,5,8,14,21,24,29,31,35,40],"killed_by":"Nightmare","ascension_level":0}}