{"host":"onfdonezo2qmaex3","time":1614455980,"event":{"mods":["2.2 Compatiblity","AchievementEnabler","Act Like it!","Aspiration","BaseMod","Colored Powertips","Downfall","Elementarium","Friendly Minions","Gensokyo","Hallownest","Hermit","Highlight Path","Jorbs\u0027s Wanderer Trilogy","Marisa????????","Marked Mod","Menagerie","Minty Spire (QoL Compilation)","Pale of the Ancients","Quick Restart","Reliquary","Ruina","Shop Mod","StSLib","The Bug Knight","The Disciple","The Forsaken","The Hayseed","The Hierophant","The Marked","The Runesmith"],"gold_per_floor":[109,109,109,34,44,44,55,55,55],"floor_reached":8,"language":"ENG","playtime":317,"items_purged":["Strike_R"],"score":48,"play_id":"14cf2240-4400-46e4-9ba6-d1f96f94cd49","local_time":"20210227205940","is_ascension_mode":true,"campfire_choices":[{"data":"Inflame","floor":6,"key":"SMITH"}],"circlet_count":0,"master_deck":["Strike_R","Strike_R","Strike_R","Defend_R","Defend_R","Defend_R","Defend_R","Bash","Inflame+1","Dual Wield"],"relics":["Burning Blood","Champion Belt"],"acts_visited":["Menagerie:Menagerie"],"potions_floor_usage":[8,8],"damage_taken":[{"damage":1,"enemies":"Menagerie:StygianBoar","floor":1,"turns":4},{"damage":0,"enemies":"Menagerie:WhisperingWraith","floor":5,"turns":4},{"damage":2,"enemies":"Menagerie:MonstrousExperiment","floor":7,"turns":4},{"damage":74,"enemies":"Menagerie:MaskedSummoner","floor":8,"turns":10}],"seed_played":"-2654535775572299777","potions_obtained":[{"floor":5,"key":"Guardian:BlockOnCardUsePotion"},{"floor":7,"key":"Weak Potion"}],"is_trial":false,"path_per_floor":["M","?","?","$","M","R","M","E"],"character_chosen":"IRONCLAD","items_purchased":[],"campfire_rested":0,"item_purchase_floors":[],"current_hp_per_floor":[61,61,61,61,67,67,71,0,0],"gold":55,"neow_bonus":"ONE_RARE_RELIC","is_daily":false,"chose_seed":false,"campfire_upgraded":1,"win_rate":0.0,"timestamp":1614455980,"path_taken":["M","?","?","$","M","R","M","E"],"items_purchased_type":[],"build_version":"2020-12-22","purchased_purges":1,"victory":false,"max_hp_per_floor":[80,80,80,80,80,80,80,80,80],"card_choices":[{"not_picked":["Heavy Blade","Twin Strike","Armaments"],"picked":"SKIP","floor":1},{"not_picked":["Infernal Blade","Twin Strike"],"picked":"Inflame","floor":5},{"not_picked":["Hemokinesis","Armaments"],"picked":"Dual Wield","floor":7}],"player_experience":259400,"relics_obtained":[],"event_choices":[{"cards_removed":["Strike_R"],"damage_healed":0,"gold_gain":0,"player_choice":"Snake","damage_taken":0,"max_hp_gain":0,"max_hp_loss":0,"event_name":"Menagerie:ThreeAnimals","floor":2,"gold_loss":0},{"damage_healed":0,"gold_gain":0,"player_choice":"Ignored","damage_taken":0,"max_hp_gain":0,"max_hp_loss":0,"event_name":"Menagerie:CorruptingLight","floor":3,"gold_loss":0}],"is_beta":false,"boss_relics":[],"items_purged_floors":[4],"is_endless":false,"potions_floor_spawned":[5,7],"killed_by":"Menagerie:MaskedSummoner","ascension_level":1}}