{"host":"tt32keynd3mw9xtf","time":1614432014,"event":{"mods":["100% Spire Juice","Act Like it!","Arknights","BaseMod","Colored Powertips","Gensokyo","Hermit","Koishi","Library of Ruina","Library of Ruina Extra","Lobotomy","LobotomyExtend","Marisa£®ÏF”Í°°ƒß¿Ì…≥£©","Minty Spire (QoL Compilation)","Spicy Shops","StSLib","The Alterego","Youmu£®ªÍ∆«—˝√Œ£©"],"gold_per_floor":[113,43,58,58,76,76,109,120,120,136,136,136,17,51,51,156,156,169,169,169,419,430,457,468,493,493,67,67,92,92,118,118,222,222,233,233,243,259,19,19,33,33,33,33,67,87,87,87,87,87,87,87,87,7,32,32],"floor_reached":57,"language":"ZHS","playtime":4382,"items_purged":["SomberProcuration","SuanNi"],"score":1652,"play_id":"57807ffc-1050-4b2e-a4a2-94d75176ace4","local_time":"20210227212014","is_ascension_mode":true,"campfire_choices":[{"data":"DegradedLock","floor":6.0,"key":"SMITH"},{"data":"Faith","floor":11.0,"key":"SMITH"},{"data":"DistortedBlade","floor":15.0,"key":"SMITH"},{"data":"DegradedShockwave","floor":30,"key":"SMITH"},{"data":"Trip","floor":32,"key":"SMITH"},{"data":"TheWillOfTheCity","floor":40,"key":"SMITH"},{"floor":47,"key":"RECALL"},{"data":"SenseQuarry","floor":49,"key":"SMITH"},{"data":"DegradedFairy","floor":53,"key":"SMITH"}],"circlet_count":0,"master_deck":["DegradedFairy","DegradedFairy+1","DegradedFairy+1","DegradedChain","DegradedChain","DegradedLock+1","DegradedPillar+1","DegradedPillar+1","DegradedShockwave+1","Trip+1","FrontalAssault+1","DistortedBlade+1","Faith+1","FrontalAssault+1","Juggling","Gensokyo:ShootingStar","SenseQuarry+1","TheWillOfTheCity+1","GuidanceOfTheGears+1","RushDown"],"relics":["PageOfLibrarian","LetterFromLob","PageOfBigBadWolf","The Courier","Heaven_r","Juzu Bracelet","PageOfPinocchio","PageOfBlackSwan","Gensokyo:RedStar","Shuriken","Orichalcum","Thread and Needle","PageOfPorccubus","Gaze_r","MagicBullet_r","Lantern","InkBottle","Sozu","PageOfFreischutz","Pear","PageOfAlriune","PageOfSnowWhitesApple"],"acts_visited":["Gensokyo:Gensokyo","Gensokyo:Gensokyoer","Gensokyo:Gensokyoest","TheEnding"],"potions_floor_usage":[51,56],"damage_taken":[{"damage":0.0,"enemies":"Gensokyo:3_Fairies","floor":1.0,"turns":2.0},{"damage":0.0,"enemies":"Gensokyo:2_Kodama","floor":3.0,"turns":1.0},{"damage":0.0,"enemies":"Gensokyo:Python","floor":5.0,"turns":1.0},{"damage":0.0,"enemies":"Gensokyo:Mamizou","floor":7.0,"turns":3.0},{"damage":0.0,"enemies":"Gensokyo:LivingMonolith","floor":8.0,"turns":1.0},{"damage":0.0,"enemies":"Gensokyo:VengefulSpirit","floor":10.0,"turns":1.0},{"damage":0.0,"enemies":"Gensokyo:5_Fairies","floor":12.0,"turns":1.0},{"damage":0.0,"enemies":"Gensokyo:Aya","floor":14.0,"turns":1.0},{"damage":2,"enemies":"Gensokyo:Reimu","floor":16,"turns":3},{"damage":0,"enemies":"Gensokyo:CosmicMonolith","floor":18,"turns":1},{"damage":5,"enemies":"Gensokyo:AngelMirror","floor":22,"turns":1},{"damage":0,"enemies":"Gensokyo:Koishi","floor":23,"turns":2},{"damage":0,"enemies":"Gensokyo:3_Gloops","floor":24,"turns":2},{"damage":0,"enemies":"Gensokyo:Reisen","floor":25,"turns":1},{"damage":0,"enemies":"Gensokyo:Reisen","floor":28,"turns":1},{"damage":0,"enemies":"Gensokyo:Reisen","floor":28,"turns":1},{"damage":0,"enemies":"Gensokyo:Koishi","floor":29,"turns":1},{"damage":0,"enemies":"Gensokyo:Tenshi","floor":31,"turns":1},{"damage":0,"enemies":"Gensokyo:Eiki","floor":33,"turns":1},{"damage":0,"enemies":"Gensokyo:3_Boulders","floor":35,"turns":1},{"damage":0,"enemies":"Gensokyo:AncientGuardian","floor":37,"turns":1},{"damage":0,"enemies":"Gensokyo:AtlasGolem","floor":38,"turns":1},{"damage":8,"enemies":"Gensokyo:Dusk_and_Dawn","floor":41,"turns":1},{"damage":0,"enemies":"Gensokyo:Kasen","floor":45,"turns":1},{"damage":0,"enemies":"Gensokyo:SeedOfUnknown","floor":46,"turns":1},{"damage":0,"enemies":"Gensokyo:Scarlet_Devils","floor":50,"turns":1},{"damage":7,"enemies":"Gensokyo:Scarlet_Devils","floor":51,"turns":3},{"damage":0,"enemies":"Shield and Spear","floor":55,"turns":1},{"damage":8,"enemies":"The Heart","floor":56,"turns":3}],"seed_played":"7913391339392594087","potions_obtained":[{"floor":7.0,"key":"Weak Potion"},{"floor":8.0,"key":"LiquidBronze"},{"floor":22,"key":"Swift Potion"},{"floor":23,"key":"Fire Potion"},{"floor":25,"key":"Swift Potion"}],"is_trial":false,"path_per_floor":["M","?","M","$","M","R","E","M","T","M","R","M","$","E","R","B",null,"M","?","?","?","M","E","M","E","T","$","?","E","R","E","R","B",null,"M","?","M","M","$","R","M","?","T","?","E","M","R","?","R","B",null,null,"R","$","E","B",null],"character_chosen":"Librarian","items_purchased":["Juzu Bracelet","Thread and Needle","PageOfPorccubus","PageOfFreischutz"],"campfire_rested":0,"item_purchase_floors":[13,27,27,39],"current_hp_per_floor":[60,60,60,60,60,60,60,64,64,68,68,90,90,90,90,90,90,90,90,90,85,84,85,85,85,85,85,85,85,85,85,85,85,85,85,85,85,85,85,85,85,85,95,95,95,95,95,95,95,95,92,95,95,95,95,91],"gold":32,"neow_bonus":"RANDOM_COLORLESS","is_daily":false,"chose_seed":false,"campfire_upgraded":8,"win_rate":0.0,"timestamp":1614432014,"path_taken":["M","?","M","?","M","R","E","M","T","M","R","M","$","E","R","BOSS","M","?","?","?","M","E","M","E","T","$","?","E","R","E","R","BOSS","M","?","M","M","$","R","M","?","T","?","E","M","R","?","R","BOSS","R","$","E","BOSS"],"items_purchased_type":["Relic","Relic","Relic","Relic"],"build_version":"2020-12-22","purchased_purges":2,"victory":true,"max_hp_per_floor":[90,90,90,90,90,90,90,90,90,90,90,90,90,90,90,90,90,90,90,90,85,85,85,85,85,85,85,85,85,85,85,85,85,85,85,85,85,85,85,85,85,85,95,95,95,95,95,95,95,95,95,95,95,95,95,95],"card_choices":[{"not_picked":["Bandage Up","Dark Shackles"],"picked":"Trip","floor":0.0},{"not_picked":["Gamble","EndlessBattle","MultiHit","SunsetBlade","QuickSuppression","SinglePointStab","Unlock1","BiAn"],"picked":"FrontalAssault","floor":1.0},{"not_picked":["FlyingSword","Diversion","EnergyShield","EnergyStrike","YoureTooSlow","KeepItFresh","BackAttack","Faith"],"picked":"SomberProcuration","floor":3.0},{"not_picked":["Gamble","BiAn","UpbeatPerformance","DevastatingThrash","Brawl","TimeForALittleTest","Parry2","HandleRequest"],"picked":"SilentNight","floor":5.0},{"not_picked":["ButterflySlash","GutHarvesting","SuppressingShot","AsThePrescriptOrders","CombatPreparation","SummaryJudgment","Outburst","HandleRequest"],"picked":"DistortedBlade","floor":7.0},{"not_picked":["SweepTheBackstreets","StrikeDown","JiaoTu","Wallop_lor","DestructiveImpact","PreemptiveStrike","SharpNails","SinglePointStab","OminousPower"],"picked":"SKIP","floor":8.0},{"not_picked":["StrikeDown","Reload","Unlock1","EnergyShield","FlowOfTheSword","HighKick","WaitUp","SinglePointStab"],"picked":"Faith","floor":10.0},{"not_picked":["EnergyShield","Overpower","SearingSword","Retaliate","MultiHit","TieShanKao","Reload","Thrust","Wallop_lor"],"picked":"SKIP","floor":14.0},{"not_picked":["Suppress","MindCrush"],"picked":"SuanNi","floor":16},{"not_picked":["BindingChains","WillOfThePrescript","WildCard","EnergyShield","MindWhip+1","TendonChords+1","Collision","Wallop_lor"],"picked":"FrontalAssault+1","floor":18},{"not_picked":["Feast+1","SinglePointStab+1","SuppressingShot","BlindFaith","GuidanceOfTheGears+1","Diversion+1","Standoff+1","Slice_lor"],"picked":"Juggling","floor":22},{"not_picked":["IdentifyWeakpoint","Execute_lor+1","GuidanceOfTheGears","JiaoTu","Fence","MirageStorm","HandleRequest+1","VenomousFangs","FieryWaltz"],"picked":"SKIP","floor":23},{"not_picked":["RhinoRam+1","Parry2","FleetFootsteps","StrikeDown","FeatherShield","SharpNails","Eliminate","MultiBlock","BackAttack"],"picked":"SKIP","floor":24},{"not_picked":["Wallop_lor","Endure","ShrineToMusic+1","RepressedFlesh","GreatSerpentsImpact","BackstreetsDash","DarkCloud+1","SmokingPipe+1","NonstopAssault"],"picked":"SKIP","floor":25},{"not_picked":["EndlessBattle+1","SwordOfVolition","UnavoidableGaze","TendonChords","GaleKick","TasteMyFlamingBat","AlloutWar","BackstreetsDash+1","ScatteringSlash"],"picked":"SKIP","floor":29},{"not_picked":["GrazeTheGrass+1","SuppressingShot","Reload","BindingChains","EnergyStrike","Parry2+1","BulkyImpact","QuickAttack","BayonetCombat+1"],"picked":"SKIP","floor":31},{"not_picked":[],"picked":"Gensokyo:ShootingStar","floor":33},{"not_picked":["Commandeering","EnergyBeam"],"picked":"SenseQuarry","floor":33},{"not_picked":["UnavoidableGaze+1","FleetFootsteps","ClassAndRespect+1","Punishment","BindingChains","Parry2","Leap_lor","UpbeatPerformance+1","SmokingPipe+1"],"picked":"SKIP","floor":35},{"not_picked":["Mutilate","FervidEmotions+1","StrongStrike","HighKick+1","ShockingBlow+1","QuickSuppression+1","Slice_lor","DesperateStruggle+1","FocusFire+1"],"picked":"SKIP","floor":37},{"not_picked":["InkOver+1","IllEndYou","HighSpeedStabbing+1","Tttonst","SerpentineBarrier+1","Diversion","GrazeTheGrass","Standoff"],"picked":"TheWillOfTheCity","floor":38},{"not_picked":["Quickness+1","DefenseOrder","ButterflySlash","BindingChains","RapidGashes","SharpSwipe+1","ScatteringSlash+1","RushDown","SnakesPrey"],"picked":"SKIP","floor":41},{"not_picked":["UpbeatPerformance+1","Zzzzzap","HeavyPeaks","Slice_lor+1","Multislash+1","PreemptiveStrike","Standoff","FlowOfTheSword"],"picked":"GuidanceOfTheGears+1","floor":45},{"not_picked":["GuardingStance+1","Overpower","ButterflySlash","EnergyStrike","SinglePointStab+1","GaleKick+1","MindPrepared+1","DarkCloud","SmokingPipe+1"],"picked":"SKIP","floor":46},{"not_picked":["AsThePrescriptOrders+1","SmokingPipe+1","VenomousFangs","DistortedBlade","BayonetCombat+1","StrikeDown","UnavoidableGaze+1","EnergyCycle+1"],"picked":"RushDown","floor":55}],"player_experience":324714,"relics_obtained":[{"floor":1.0,"key":"LetterFromLob"},{"floor":7.0,"key":"PageOfBigBadWolf"},{"floor":9.0,"key":"The Courier"},{"floor":14.0,"key":"PageOfPinocchio"},{"floor":23,"key":"Shuriken"},{"floor":25,"key":"Orichalcum"},{"floor":29,"key":"Lantern"},{"floor":31,"key":"InkBottle"},{"floor":43,"key":"Pear"},{"floor":45,"key":"PageOfAlriune"},{"floor":55,"key":"PageOfSnowWhitesApple"}],"event_choices":[],"is_beta":false,"boss_relics":[{"not_picked":["Fusion Hammer","Runic Dome"],"picked":"PageOfBlackSwan"},{"not_picked":["Philosopher\u0027s Stone","Runic Pyramid"],"picked":"Sozu"}],"items_purged_floors":[27,54],"is_endless":false,"potions_floor_spawned":[7,8,12,22,23,25,28,31,33,35,45,46],"ascension_level":2}}