{"host":"94b9qghhxjd69c4t","time":1614449860,"event":{"mods":["BaseMod","Colored Powertips","Minty Spire (QoL Compilation)","StSLib"],"gold_per_floor":[112,125,125,139,64,97,117,117,117,132,142,142,142,152,152,257,257,269,285,304,314,314,314],"floor_reached":22,"language":"ENG","playtime":1465,"items_purged":["Strike_P"],"score":221,"play_id":"52fbefd9-f233-462c-bead-b82f01888947","local_time":"20210227191740","is_ascension_mode":true,"campfire_choices":[{"data":"Eruption","floor":13.0,"key":"SMITH"},{"floor":15.0,"key":"REST"}],"circlet_count":0,"master_deck":["Strike_P+1","Strike_P","Defend_P+1","Defend_P+1","Defend_P+1","Eruption+1","Vigilance","EmptyFist","Prostrate","Pray","Brilliance","CutThroughFate","SashWhip","Perseverance","ClearTheMind","Halt+1","FollowUp"],"relics":["PureWater","Bronze Scales","War Paint","Calipers","Philosopher\u0027s Stone"],"acts_visited":["Exordium","TheCity"],"potions_floor_usage":[22],"damage_taken":[{"damage":0.0,"enemies":"Jaw Worm","floor":1.0,"turns":3.0},{"damage":0.0,"enemies":"Cultist","floor":2.0,"turns":3.0},{"damage":0.0,"enemies":"Small Slimes","floor":4.0,"turns":4.0},{"damage":26.0,"enemies":"Lagavulin","floor":6.0,"turns":7.0},{"damage":11.0,"enemies":"Exordium Wildlife","floor":7.0,"turns":4.0},{"damage":1.0,"enemies":"Exordium Thugs","floor":10.0,"turns":3.0},{"damage":6.0,"enemies":"Gremlin Gang","floor":11.0,"turns":4.0},{"damage":0.0,"enemies":"2 Fungi Beasts","floor":14.0,"turns":3.0},{"damage":18.0,"enemies":"Slime Boss","floor":16.0,"turns":4.0},{"damage":24.0,"enemies":"3 Byrds","floor":18.0,"turns":4.0},{"damage":12.0,"enemies":"Spheric Guardian","floor":19.0,"turns":4.0},{"damage":26.0,"enemies":"Centurion and Healer","floor":20.0,"turns":4.0},{"damage":0.0,"enemies":"Cultist and Chosen","floor":21.0,"turns":4.0},{"damage":16,"enemies":"Snake Plant","floor":22,"turns":1}],"seed_played":"2454051057417275863","potions_obtained":[{"floor":1.0,"key":"Dexterity Potion"},{"floor":4.0,"key":"FearPotion"},{"floor":7.0,"key":"ColorlessPotion"},{"floor":18.0,"key":"Energy Potion"},{"floor":20.0,"key":"Block Potion"}],"is_trial":false,"path_per_floor":["M","M","?","M","$","E","M","?","T","M","M","T","R","M","R","B",null,"M","M","M","M","M"],"character_chosen":"WATCHER","items_purchased":[],"campfire_rested":1,"item_purchase_floors":[],"current_hp_per_floor":[72,72,72,72,72,46,35,21,21,20,14,14,14,14,35,17,72,48,36,10,10,0,0],"gold":314,"neow_bonus":"REMOVE_CARD","is_daily":false,"chose_seed":false,"campfire_upgraded":1,"win_rate":0.0,"timestamp":1614449860,"path_taken":["M","M","?","M","?","E","M","?","T","?","M","?","R","M","R","BOSS","M","M","M","?","M"],"items_purchased_type":[],"build_version":"2020-12-22","purchased_purges":1,"victory":false,"max_hp_per_floor":[72,72,72,72,72,72,72,72,72,72,72,72,72,72,72,72,72,72,72,72,72,72,72],"card_choices":[{"not_picked":["Adaptation","LikeWater"],"picked":"EmptyFist","floor":1.0},{"not_picked":["BowlingBash","Consecrate"],"picked":"Prostrate","floor":2.0},{"not_picked":["Halt","EmptyBody"],"picked":"Pray","floor":4.0},{"not_picked":["ThirdEye","Swivel"],"picked":"Brilliance","floor":6.0},{"not_picked":["WheelKick","SignatureMove"],"picked":"CutThroughFate","floor":7.0},{"not_picked":["PathToVictory","EmptyFist"],"picked":"SashWhip","floor":10.0},{"not_picked":["Halt","BowlingBash"],"picked":"Perseverance","floor":11.0},{"not_picked":["Conclude","PathToVictory","Crescendo"],"picked":"SKIP","floor":14.0},{"not_picked":["WindmillStrike","Collect"],"picked":"ClearTheMind","floor":18.0},{"not_picked":["Consecrate","Pray","CrushJoints+1"],"picked":"SKIP","floor":19.0},{"not_picked":["Meditate","Adaptation+1"],"picked":"Halt+1","floor":20.0},{"not_picked":["SignatureMove","ClearTheMind"],"picked":"FollowUp","floor":21.0}],"player_experience":563506,"relics_obtained":[{"floor":6.0,"key":"Bronze Scales"},{"floor":9.0,"key":"War Paint"},{"floor":12.0,"key":"Calipers"}],"event_choices":[{"cards_removed":["Strike_P"],"damage_healed":0.0,"max_hp_gain":0.0,"max_hp_loss":0.0,"gold_gain":0.0,"event_name":"Bonfire Elementals","player_choice":"Offered Basic","floor":3.0,"gold_loss":0.0,"damage_taken":0.0},{"damage_healed":0.0,"max_hp_gain":0.0,"max_hp_loss":0.0,"gold_gain":0.0,"event_name":"Shining Light","player_choice":"Entered Light","floor":8.0,"gold_loss":0.0,"damage_taken":14.0,"cards_upgraded":["Defend_P","Strike_P"]}],"is_beta":false,"boss_relics":[{"not_picked":["Tiny House","Empty Cage"],"picked":"Philosopher\u0027s Stone"}],"items_purged_floors":[5],"is_endless":false,"potions_floor_spawned":[1,4,7,18,20],"killed_by":"Snake Plant","ascension_level":3}}