{"host":"c78wly9r9u34kc2l","time":1614450358,"event":{"mods":["AchievementEnabler","Aspiration","BaseMod","Better Altar","Better Skull","Better Third Choice","BetterRewards","Card Forge","Colored Powertips","Conspire","Displayed Cursed Tome","Highlight Path","Hubris","Infinite Spire","Mimic Mod","Minty Spire (QoL Compilation)","Permanent Neow","Quick Restart","Replay The Spire","Shop Mod","Spicy Shops","Spikes Relics","StSLib"],"gold_per_floor":[114,126,158,174,190,190,218,237,237,255,289,299,325,325,325,398,398,414,414,435,448,463,492,492,523,523,541,149,163,194,205,205,284,284,303,318,332,332,332,361,361,361,361,361,423,423,470,508,508,538,562,562,562,496,539,563],"floor_reached":57,"language":"DEU","playtime":2824,"items_purged":[],"score":4177,"play_id":"148bdfd8-d3a7-4023-842e-19bf2c86e795","local_time":"20210227192558","is_ascension_mode":true,"campfire_choices":[{"floor":6.0,"key":"RECALL"},{"data":"Demon Form","floor":15.0,"key":"SMITH"},{"floor":32.0,"key":"REST"},{"data":"Berserk","floor":42.0,"key":"SMITH"}],"circlet_count":0,"master_deck":["AscendersBane","Strike_R+1","Strike_R+1","Strike_R+1","Strike_R+1","Strike_R+1","Defend_R+1","Defend_R+1","Defend_R+1","Bash+1","Inflame+1","Heavy Blade+1","Cleave+1","Second Wind+1","Warcry+1","Headbutt+1","True Grit+1","Demon Form+1","Sword Boomerang+1","True Grit+1","Shockwave+1","Shrug It Off+1","Feed+1","Run Through+1","Twin Strike+1","Thunderclap+1","Inflame+1","Sword Boomerang+1","Barricade+1","Berserk+1","DevaForm+1","Pummel+1","Sword Boomerang+1","Pummel+1","Limit Break+1"],"relics":["Burning Blood","Hammer of Thor","Seething Fire","Anvil of the Gods","MerchantsRug","Brimstone","Counterbalance","Eternal Feather","Lizard Tail","Replay:Lucky Slots","Mango","infinitespire:EmpoweringShard","hubris:IronBody","Membership Card","Quantum Egg","hubris:DeckOfHolding","Replay:Bottled Flurry","Pet Ghost","Potion Belt","Black Star","The Courier","Replay:Rubber Ducky","Replay:PocketPolymizer","Ornamental Fan","ReplayTheSpireMod:Lightbulb","infinitespire:Joker Card","ClockworkSouvenir","StrikeDummy","Bag of Preparation","BlackRope","Bag of Marbles","hubris:DisguiseKit","Juzu Bracelet","Cursed Key","hubris:Towel","Replay:Bandana","Bottled Tornado","Coffee Dripper","aspiration:SeaSaltIceCream","PreservedInsect","Toy Ornithopter","Nunchaku","hubris:TenFootPole","Medical Kit","Anchor","FossilizedHelix"],"acts_visited":["Exordium","TheCity","TheBeyond","TheEnding"],"potions_floor_usage":[],"damage_taken":[{"damage":0.0,"enemies":"Cultist","floor":1.0,"turns":2.0},{"damage":0.0,"enemies":"2 Louse","floor":2.0,"turns":3.0},{"damage":0.0,"enemies":"Jaw Worm","floor":3.0,"turns":6.0},{"damage":0.0,"enemies":"Jaw Worm","floor":4.0,"turns":2.0},{"damage":4.0,"enemies":"Exordium Thugs","floor":5.0,"turns":4.0},{"damage":9.0,"enemies":"3 Sentries","floor":7.0,"turns":3.0},{"damage":4.0,"enemies":"2 Fungi Beasts","floor":8.0,"turns":4.0},{"damage":0.0,"enemies":"Large Slime","floor":10.0,"turns":2.0},{"damage":9.0,"enemies":"Replay:BlueRogue","floor":11.0,"turns":2.0},{"damage":0.0,"enemies":"3 Louse","floor":12.0,"turns":2.0},{"damage":0.0,"enemies":"Lagavulin","floor":13.0,"turns":2.0},{"damage":0.0,"enemies":"Slime Boss","floor":16.0,"turns":5.0},{"damage":0.0,"enemies":"Spheric Guardian","floor":18.0,"turns":3.0},{"damage":23.0,"enemies":"3 Byrds","floor":20.0,"turns":3.0},{"damage":0.0,"enemies":"conspire:HollyBat","floor":21.0,"turns":6.0},{"damage":12.0,"enemies":"Centurion and Healer","floor":22.0,"turns":4.0},{"damage":4.0,"enemies":"conspire:Head Lice","floor":23.0,"turns":5.0},{"damage":1.0,"enemies":"conspire:SneckoGhost","floor":25.0,"turns":4.0},{"damage":0.0,"enemies":"Snecko","floor":27.0,"turns":3.0},{"damage":0.0,"enemies":"Cultist and Chosen","floor":29.0,"turns":3.0},{"damage":5.0,"enemies":"conspire:Head Lice","floor":30.0,"turns":6.0},{"damage":0.0,"enemies":"conspire:HollyBat","floor":31.0,"turns":4.0},{"damage":20.0,"enemies":"hubris:MusketHawk","floor":33.0,"turns":5.0},{"damage":0.0,"enemies":"Orb Walker","floor":35.0,"turns":2.0},{"damage":0.0,"enemies":"3 Darklings","floor":36.0,"turns":4.0},{"damage":0.0,"enemies":"Transient","floor":37.0,"turns":6.0},{"damage":0.0,"enemies":"R_Hoarder","floor":40.0,"turns":4.0},{"damage":0.0,"enemies":"Giant Head","floor":45.0,"turns":4.0},{"damage":0.0,"enemies":"Nightmare","floor":47.0,"turns":6.0},{"damage":0.0,"enemies":"4 Shapes","floor":48.0,"turns":2.0},{"damage":0,"enemies":"Awakened One","floor":50,"turns":6},{"damage":0,"enemies":"infinitespire:MassOfShapes","floor":51,"turns":5},{"damage":0,"enemies":"Shield and Spear","floor":55,"turns":3},{"damage":0,"enemies":"The Heart","floor":56,"turns":15}],"seed_played":"-7829349847300446732","potions_obtained":[{"floor":4.0,"key":"SpeedPotion"},{"floor":10.0,"key":"ElixirPotion"},{"floor":11.0,"key":"BloodPotion"},{"floor":13.0,"key":"Dexterity Potion"},{"floor":18.0,"key":"Block Potion"},{"floor":27.0,"key":"SkillPotion"},{"floor":35.0,"key":"Adrenaline Potion"},{"floor":45.0,"key":"Energy Potion"}],"is_trial":false,"path_per_floor":["M","M","MIM","M","M","R","E","M","T","M","E","M","E","?","R","B",null,"M","?","M","M","M","E","?","E","T","M","$","M","E","M","R","B",null,"M","M","M","?","?","E","AVR","R","T","?","E","?","NM","M","R","B","B",null,"R","$","E","B",null],"character_chosen":"IRONCLAD","items_purchased":["MerchantsRug","Brimstone","Counterbalance","Eternal Feather","Lizard Tail","Replay:Lucky Slots","Mango","infinitespire:EmpoweringShard","Inflame","hubris:IronBody","Heavy Blade","Membership Card","Quantum Egg","infinitespire:Joker Card","ClockworkSouvenir","StrikeDummy","Bag of Preparation","BlackRope","Bag of Marbles","Inflame","Medical Kit"],"campfire_rested":1,"item_purchase_floors":[0,0,0,0,0,0,0,0,0,0,0,0,0,28,28,28,28,28,28,28,54],"current_hp_per_floor":[88,89,89,89,89,89,86,88,88,89,86,89,89,89,89,89,89,89,89,72,78,76,78,78,83,83,89,89,93,93,93,93,83,94,97,97,97,97,97,103,103,103,103,103,103,103,103,103,103,107,107,107,107,107,107,107],"gold":563,"neow_bonus":"","is_daily":false,"chose_seed":false,"campfire_upgraded":2,"win_rate":0.0,"timestamp":1614450358,"path_taken":["M","M","?","M","M","R","E","M","T","?","E","M","E","?","R","BOSS","M","?","M","?","M","E","?","E","T","M","$","M","E","M","R","BOSS","M","M","M","?","?","E","AVR","R","T","?","E","?","NM","M","R","BOSS","BOSS","R","$","E","BOSS"],"items_purchased_type":["Relic","Relic","Relic","Relic","Relic","Relic","Relic","Relic","Card","Relic","Card","Relic","Relic","Relic","Relic","Relic","Relic","Relic","Relic","Card","Relic"],"build_version":"2020-12-22","purchased_purges":0,"victory":true,"max_hp_per_floor":[89,89,89,89,89,89,89,89,89,89,89,89,89,89,89,89,89,89,89,89,89,93,93,93,93,93,93,93,93,93,93,93,97,97,97,97,97,97,97,103,103,103,103,103,103,103,103,103,103,107,107,107,107,107,107,107],"card_choices":[{"not_picked":["Pommel Strike","conspire:Charge"],"picked":"Cleave","floor":1.0},{"not_picked":["ReplayTheSpireMod:Strike From Hell","Absolvement"],"picked":"Second Wind","floor":2.0},{"not_picked":["Clothesline","Run Through"],"picked":"Warcry","floor":3.0},{"not_picked":["Dropkick","Cleave"],"picked":"Headbutt","floor":4.0},{"not_picked":["Armaments","Rage"],"picked":"True Grit","floor":5.0},{"not_picked":["Combust","Clash"],"picked":"Demon Form","floor":7.0},{"not_picked":["Run Through","Body Slam"],"picked":"Sword Boomerang","floor":8.0},{"not_picked":["Rage","Anger","Perfected Strike"],"picked":"SKIP","floor":10.0},{"not_picked":["Clash","ReplayTheSpireMod:Muscle Training"],"picked":"True Grit","floor":11.0},{"not_picked":["Massacre","Flame Barrier"],"picked":"Shockwave","floor":12.0},{"not_picked":["Warcry","Perfected Strike"],"picked":"Shrug It Off","floor":13.0},{"not_picked":["Bludgeon","Eclipse"],"picked":"Feed","floor":16.0},{"not_picked":["ReplayTheSpireMod:Strike From Hell","Heavy Blade"],"picked":"Clothesline","floor":18.0},{"not_picked":["ReplayTheSpireMod:Limb From Limb","BarbarianYell"],"picked":"ReplayReversal","floor":20.0},{"not_picked":["Sever Soul","Wild Strike"],"picked":"Twin Strike","floor":21.0},{"not_picked":["Fire Breathing","Ghostly Armor"],"picked":"Thunderclap","floor":22.0},{"not_picked":["Blood for Blood","Twin Strike","Infernal Blade"],"picked":"SKIP","floor":23.0},{"not_picked":["ReplayTheSpireMod:Strike From Hell","Body Slam","Rampage"],"picked":"SKIP","floor":25.0},{"not_picked":["Ghostly Armor+1","Havoc","Infernal Blade"],"picked":"SKIP","floor":27.0},{"not_picked":["Hemogenesis","Body Slam"],"picked":"Sword Boomerang","floor":29.0},{"not_picked":["Replay:Undeath\u0027s Touch","Rupture+1"],"picked":"Barricade","floor":30.0},{"not_picked":["Defy Death","Invigoration","Anger","SandsOfTime"],"picked":"SKIP","floor":31.0},{"not_picked":["Bludgeon","Hemogenesis","Vault"],"picked":"Berserk","floor":33.0},{"not_picked":["Heavy Blade+1","Headbutt","Warcry+1","WheelKick"],"picked":"SKIP","floor":35.0},{"not_picked":["Combust+1","Heavy Blade","Sword Boomerang"],"picked":"DevaForm","floor":36.0},{"not_picked":["Anger+1","Clash","ThirdEye"],"picked":"Pummel","floor":37.0},{"not_picked":["True Grit","Armaments+1","FearNoEvil"],"picked":"Sword Boomerang","floor":40.0},{"not_picked":["Searing Blow","Shrug It Off+1","Worship"],"picked":"Pummel+1","floor":45.0},{"not_picked":["hubris:ReadiedAction","Rage","EmptyBody"],"picked":"Limit Break","floor":47.0},{"not_picked":["hubris:ReadiedAction","Iron Wave+1","Wild Strike+1","SashWhip"],"picked":"SKIP","floor":48.0},{"not_picked":["Havoc","Hemokinesis+1","Body Slam","Replay:BluntJabs"],"picked":"SKIP","floor":55}],"player_experience":779634,"relics_obtained":[{"floor":7.0,"key":"hubris:DeckOfHolding"},{"floor":9.0,"key":"Replay:Bottled Flurry"},{"floor":11.0,"key":"Pet Ghost"},{"floor":13.0,"key":"Potion Belt"},{"floor":23.0,"key":"The Courier"},{"floor":23.0,"key":"Replay:Rubber Ducky"},{"floor":25.0,"key":"Replay:PocketPolymizer"},{"floor":25.0,"key":"Ornamental Fan"},{"floor":26.0,"key":"ReplayTheSpireMod:Lightbulb"},{"floor":30.0,"key":"hubris:DisguiseKit"},{"floor":30.0,"key":"Juzu Bracelet"},{"floor":40.0,"key":"Replay:Bandana"},{"floor":40.0,"key":"Bottled Tornado"},{"floor":43.0,"key":"aspiration:SeaSaltIceCream"},{"floor":45.0,"key":"Toy Ornithopter"},{"floor":47.0,"key":"Nunchaku"},{"floor":47.0,"key":"hubris:TenFootPole"},{"floor":55,"key":"Anchor"},{"floor":55,"key":"FossilizedHelix"}],"event_choices":[{"damage_healed":0.0,"max_hp_gain":0.0,"max_hp_loss":0.0,"gold_gain":0.0,"cards_transformed":["Clothesline"],"event_name":"Transmorgrifier","player_choice":"Transformed","floor":19.0,"gold_loss":0.0,"damage_taken":0.0,"cards_obtained":["Run Through"]},{"cards_removed":["Defend_R"],"damage_healed":0.0,"max_hp_gain":0.0,"max_hp_loss":0.0,"gold_gain":0.0,"event_name":"Falling","player_choice":"Removed Skill","floor":39.0,"gold_loss":0.0,"damage_taken":0.0},{"cards_removed":["Writhe"],"damage_healed":0.0,"max_hp_gain":0.0,"max_hp_loss":0.0,"gold_gain":0.0,"event_name":"Fountain of Cleansing","player_choice":"Removed Curses","floor":44.0,"gold_loss":0.0,"damage_taken":0.0}],"is_beta":false,"boss_relics":[{"not_picked":["aspiration:SilentSkillbook","SacredBark"],"picked":"Black Star"},{"not_picked":["aspiration:DefectSkillbook","Sandwich"],"picked":"Cursed Key"}],"items_purged_floors":[],"is_endless":false,"potions_floor_spawned":[4,10,11,13,18,22,23,27,29,33,35,36,45,47],"ascension_level":20}}