{"host":"puhn14s7bdwcyqz6","time":1614403905,"event":{"mods":["Aya Shameimaru","BaseMod","CapriCore","Koishi","Marisa（霧雨　魔理沙）","Minty Spire (QoL Compilation)","Reimu（博丽灵梦）","Remilia（蕾米莉亚）","StSLib","The Administrix","The Immortal","The Senshi","The Servant 0.9.4","Yakumo Yukari mod","Yuyuko"],"gold_per_floor":[133,39,39,53,70,96,96,106,106,120,120,17,17,31,31,128,128,146,71,71,87,87,87],"floor_reached":22,"language":"ENG","playtime":3306,"items_purged":[],"score":186,"play_id":"411a9783-04bd-40be-8806-bbd6dc34d993","local_time":"20210227003145","is_ascension_mode":false,"campfire_choices":[{"floor":7,"key":"REST"},{"floor":11,"key":"REST"},{"floor":13,"key":"REST"},{"data":"Theboundaryofcreation_purpleEX","floor":15,"key":"SMITH"}],"circlet_count":0,"master_deck":["AT_purpleEX","AT_purpleEX","AT_purpleEX","AT_purpleEX","Defend_purpleEX","Defend_purpleEX","Defend_purpleEX","Defend_purpleEX","Observe_purple_1","Observe_purple_2","Shallow_ocean_purpleEX","Fantasy_PerpetualMotionMachine_purple+1","StateDuplicate_purple","OmniscientAndOmnipotent_Monster_purple","Photoelasticity_Doppler_Effect_purple","Theboundaryofcreation_purpleEX+1","Boundary_LightAndDark_purple","Boundary_DynamicStaticEquilibrium_purple","MNeedle_purple","CommonSense_AntiCommonSense_purple","StretchesForeverDream_purple","ContainerChange_purple","Line_surface_state_purple","Mirror_FormAndEmptin_purple","OmniscientAndOmnipotent_Monster_purple","Line_surface_state_purple"],"relics":["Boundary_crack","Memoryfragments_purpleEX","ScarletDevilRocket","Ancient Tea Set","Seventeenyearold_girl_Forever"],"acts_visited":["Exordium","TheCity"],"potions_floor_usage":[6,16,16,18],"damage_taken":[{"damage":7,"enemies":"2 Louse","floor":1,"turns":3},{"damage":6,"enemies":"Jaw Worm","floor":4,"turns":4},{"damage":7,"enemies":"Cultist","floor":5,"turns":4},{"damage":49,"enemies":"Lagavulin","floor":6,"turns":7},{"damage":6,"enemies":"Exordium Wildlife","floor":8,"turns":3},{"damage":2,"enemies":"Blue Slaver","floor":10,"turns":3},{"damage":6,"enemies":"Red Slaver","floor":14,"turns":3},{"damage":29,"enemies":"Slime Boss","floor":16,"turns":7},{"damage":40,"enemies":"3 Byrds","floor":18,"turns":6},{"damage":28,"enemies":"Shell Parasite","floor":21,"turns":5},{"damage":18,"enemies":"Chosen and Byrds","floor":22,"turns":4}],"seed_played":"-8248636340895539030","potions_obtained":[{"floor":5,"key":"PowerPotion"},{"floor":8,"key":"SpeedPotion"},{"floor":10,"key":"LiquidMemories"},{"floor":14,"key":"SteroidPotion"}],"is_trial":false,"path_per_floor":["M","$","?","M","M","E","R","M","T","M","R","$","R","M","R","B",null,"M","$","?","M","M"],"character_chosen":"Youkari","items_purchased":["Fantasy_PerpetualMotionMachine_purple","StateDuplicate_purple","MNeedle_purple","CommonSense_AntiCommonSense_purple","Mirror_FormAndEmptin_purple","OmniscientAndOmnipotent_Monster_purple"],"campfire_rested":3,"item_purchase_floors":[2,2,12,12,19,19],"current_hp_per_floor":[72,72,72,67,61,17,40,34,34,33,56,56,77,73,73,49,77,39,39,39,13,0,0],"gold":87,"neow_bonus":"TEN_PERCENT_HP_BONUS","is_daily":false,"chose_seed":false,"campfire_upgraded":1,"win_rate":0.0,"timestamp":1614403905,"path_taken":["M","$","?","M","M","E","R","M","T","M","R","$","R","M","R","BOSS","M","$","?","M","M"],"items_purchased_type":["Card","Card","Card","Card","Card","Card"],"build_version":"2020-12-22","purchased_purges":0,"victory":false,"max_hp_per_floor":[77,77,77,77,77,77,77,77,77,77,77,77,77,77,77,77,77,77,77,77,77,77,77],"card_choices":[{"not_picked":["Worldmountain_purple","Boundary_of_Extermination_purpleEX"],"picked":"Shallow_ocean_purpleEX","floor":1},{"not_picked":["Erosivefilter_purple","Boundary_of_Extermination_purpleEX"],"picked":"OmniscientAndOmnipotent_Monster_purple","floor":4},{"not_picked":["Boundary_ObjectiveBoundary_purple","Worldmountain_purple"],"picked":"Photoelasticity_Doppler_Effect_purple","floor":5},{"not_picked":["WatchEChange_purple","Erosivefilter_purple"],"picked":"Theboundaryofcreation_purpleEX","floor":6},{"not_picked":["Realm_recovery_purpleEX","Shallow_ocean_purpleEX"],"picked":"Boundary_LightAndDark_purple","floor":8},{"not_picked":["SfantasyHide_purple","Realm_recovery_purpleEX"],"picked":"Boundary_DynamicStaticEquilibrium_purple","floor":10},{"not_picked":["SfantasyHide_purple","Boundary_ObjectiveBoundary_purple"],"picked":"StretchesForeverDream_purple","floor":14},{"not_picked":["Computing_the_future_purpleEX","WangLiang_LineAndCurveDreams_purple"],"picked":"ContainerChange_purple","floor":16},{"not_picked":["StateErode_purple","Mirror_FormAndEmptin_purple"],"picked":"Line_surface_state_purple","floor":18},{"not_picked":["RuleDissolution_purple","Umbrella_purple"],"picked":"Line_surface_state_purple","floor":21}],"player_experience":109851,"relics_obtained":[{"floor":6,"key":"ScarletDevilRocket"},{"floor":9,"key":"Ancient Tea Set"}],"event_choices":[{"damage_healed":0,"gold_gain":0,"player_choice":"Grow","damage_taken":0,"max_hp_gain":0,"max_hp_loss":0,"event_name":"Living Wall","floor":3,"gold_loss":0,"cards_upgraded":["Fantasy_PerpetualMotionMachine_purple"]},{"damage_healed":0,"gold_gain":0,"player_choice":"Ignored","damage_taken":0,"max_hp_gain":0,"max_hp_loss":0,"event_name":"Vampires","floor":20,"gold_loss":0}],"is_beta":false,"boss_relics":[{"not_picked":["SacredBark","Cursed Key"],"picked":"Seventeenyearold_girl_Forever"}],"items_purged_floors":[],"is_endless":false,"potions_floor_spawned":[5,8,10,14],"killed_by":"Chosen and Byrds","ascension_level":0}}