{"host":"9czo1ewqehy3yunx","time":1614428512,"event":{"mods":["AchievementEnabler","Act Like it!","BaseMod","CapriCore","Colored Powertips","DeckTracker","GifTheSpireLib","GungeonMod","Hermit","Keyboard Shortcuts","Koishi","Lobotomy","Marisa£¨Ùöéë¡¡Øª×âÞÞ£©","Minty Spire (QoL Compilation)","Permanent Neow","Quick Restart","StSLib","SuperFastMode","Td1madao Mod","The Bug Knight","The Cursed","The Hierophant","The Immortal","The Jungle","The Poker Player","The Runesmith"],"gold_per_floor":[112,112,160,177,106,106,122,297,347,347,366,366,394,413,413,413,413],"floor_reached":16,"language":"KOR","playtime":482,"items_purged":[],"score":100,"play_id":"efa9f9f8-2527-48ca-80ef-b56027d8fb82","local_time":"20210227212152","is_ascension_mode":false,"campfire_choices":[{"data":"Koishi:DanmakuParanoia","floor":6,"key":"SMITH"},{"data":"Koishi:TremblingHands","floor":12,"key":"SMITH"},{"floor":15,"key":"REST"}],"circlet_count":0,"master_deck":["Koishi:BasicStrike+1","Koishi:BasicStrike","Koishi:BasicStrike","Koishi:BasicStrike","Koishi:BasicDefend","Koishi:BasicDefend+1","Koishi:BasicDefend","Koishi:BasicDefend","Koishi:Provoke","Koishi:HauntingSlash+1","Koishi:DanmakuParanoia+1","Koishi:TremblingHands+1","Doubt","Koishi:ParalyzingFear"],"relics":["Koishi:ImaginaryFriend","Smiling Mask","DemoMod:WeirdEgg","Blood Vial","Potion Belt"],"acts_visited":["Exordium"],"potions_floor_usage":[13,14,16,16],"damage_taken":[{"damage":1,"enemies":"Jaw Worm","floor":1,"turns":5},{"damage":2,"enemies":"2 Louse","floor":4,"turns":3},{"damage":0,"enemies":"Cultist","floor":7,"turns":3},{"damage":5,"enemies":"Looter","floor":11,"turns":3},{"damage":49,"enemies":"Gremlin Nob","floor":13,"turns":7},{"damage":6,"enemies":"Large Slime","floor":14,"turns":4},{"damage":26,"enemies":"Slime Boss","floor":16,"turns":9}],"seed_played":"-5120428537867953112","potions_obtained":[{"floor":7,"key":"SpeedPotion"},{"floor":11,"key":"Weak Potion"},{"floor":13,"key":"SkillPotion"},{"floor":14,"key":"DuplicationPotion"}],"is_trial":false,"path_per_floor":["M","?","T","M","$","R","M","?","T","T","M","R","E","M","R","B"],"character_chosen":"KOISHI","items_purchased":["Koishi:TremblingHands"],"campfire_rested":1,"item_purchase_floors":[5],"current_hp_per_floor":[60,48,48,48,48,48,50,50,50,50,49,49,8,4,22,0,0],"gold":413,"neow_bonus":"UPGRADE_CARD","is_daily":false,"chose_seed":false,"campfire_upgraded":2,"win_rate":0.0,"timestamp":1614428512,"path_taken":["M","?","?","M","$","R","M","?","T","?","M","R","E","?","R","BOSS"],"items_purchased_type":["Card"],"build_version":"2020-12-22","purchased_purges":0,"victory":false,"max_hp_per_floor":[60,60,60,60,60,60,60,60,60,60,60,60,60,60,60,60,60],"card_choices":[{"not_picked":["Koishi:HeartfeltFancy","Koishi:CatchAndRose","Koishi:Prune"],"picked":"SKIP","floor":1},{"not_picked":["Koishi:FidgetySnatcher","Koishi:SubconsciousSweep"],"picked":"Koishi:DanmakuParanoia","floor":4},{"not_picked":["Koishi:UnconsciousUprising","Koishi:IdleWhim","Koishi:EmbryosDream"],"picked":"SKIP","floor":7},{"not_picked":["Koishi:SpiritedAway","Koishi:FormlessExistence","Koishi:HeartAttack"],"picked":"SKIP","floor":11},{"not_picked":["Koishi:PhilosophyOfTheDespised","Koishi:UnansweredLove"],"picked":"Koishi:ParalyzingFear","floor":13},{"not_picked":["Koishi:FreudianInstinct","Koishi:Jaunt","Koishi:SpiritedAway"],"picked":"SKIP","floor":14}],"player_experience":263619,"relics_obtained":[{"floor":3,"key":"Smiling Mask"},{"floor":9,"key":"DemoMod:WeirdEgg"},{"floor":10,"key":"Blood Vial"},{"floor":13,"key":"Potion Belt"}],"event_choices":[{"damage_healed":0,"gold_gain":0,"player_choice":"Entered Light","damage_taken":12,"max_hp_gain":0,"max_hp_loss":0,"event_name":"Shining Light","floor":2,"gold_loss":0,"cards_upgraded":["Koishi:BasicDefend","Koishi:BasicStrike"]},{"damage_healed":0,"gold_gain":175,"player_choice":"AGREE","damage_taken":0,"max_hp_gain":0,"max_hp_loss":0,"event_name":"Liars Game","floor":8,"gold_loss":0,"cards_obtained":["Doubt"]}],"is_beta":false,"boss_relics":[],"items_purged_floors":[],"is_endless":false,"potions_floor_spawned":[7,11,13,14],"killed_by":"Slime Boss","ascension_level":0}}