{"host":"dgzcrkpp5hmi1639","time":1614438756,"event":{"mods":["A Magickal Journey","BaseMod","BetterRewards","Colored Powertips","Duelist Mod","Energized Spire","GifTheSpireLib","Infinite Spire","Koishi","Minty Spire (QoL Compilation)","Prisma Mod","Quick Restart","Shop Mod","StSLib","Stuff the Spire","The Bug Knight","The Forsaken","The Jungle","The Necromancer","The Servant 0.9.4","The Wild Card","???mod?????"],"gold_per_floor":[211,20,33,6,181,210,222,248,248,248,276,276,276,290,290,388,338,354,354,371,384,398,429,429,454,477,477,42,42,75,0,0,103,103,113,125,139,139,7,37,37,53,53,53,66,66,66],"floor_reached":46,"language":"ENG","playtime":2114,"items_purged":[],"score":629,"play_id":"8ee6f8ee-0455-4cdf-a427-300b9a3a07a8","local_time":"20210227161236","is_ascension_mode":true,"campfire_choices":[{"data":"Doubt","floor":10,"key":"PURGE"},{"floor":12,"key":"REST"},{"floor":15,"key":"REST"},{"floor":24,"key":"REST"},{"floor":29,"key":"REST"},{"data":"InstantArmor","floor":32,"key":"SMITH"},{"floor":41,"key":"REST"},{"floor":44,"key":"REST"}],"circlet_count":0,"master_deck":["Strike_S+1","Strike_S","Strike_S","Strike_S","Defend_S","Defend_S","Defend_S","Defend_S","KidneyShot+1","Exchange","InstantArmor+1","SurpressingFire","ShatteredReality","Rearm","LightFlow","InstantArmor","Potential","TheWorld","Strike_S","InstantArmor","BottledTime+1","Collapse+1","GearUp+1","Rearm+1","TimeWarp+1","Revamp+1","Necronomicurse","Spin+1","Ricochet+1","InstantArmor+1","SilverBlades","Barrier+1","MoonPhase","Spin+1","Trip","Potential+1","BottledTime+1","TimeWarp+1","Starlight+1","Desolation"],"relics":["Uniform","Whetstone","infinitespire:Golems Mask","Peace Pipe","StuffTheSpire:Expresso","Ornamental Fan","energizedSpire:HugeHouse","NlothsMask","theForsaken:HumbleEgg","Darkstone Periapt","Necronomicon","theForsaken:Lifeblossom","Medical Kit","StuffTheSpire:ForceGauntlet","energizedSpire:MagnifyingGlass","Dream Catcher","Shuriken"],"acts_visited":["Exordium","TheCity","TheBeyond"],"potions_floor_usage":[11,11,22,23,40,40],"damage_taken":[{"damage":1,"enemies":"2 Louse","floor":1,"turns":3},{"damage":0,"enemies":"Small Slimes","floor":3,"turns":3},{"damage":30,"enemies":"Lagavulin","floor":6,"turns":10},{"damage":0,"enemies":"Cultist","floor":7,"turns":4},{"damage":15,"enemies":"3 Sentries","floor":8,"turns":8},{"damage":17,"enemies":"Lagavulin","floor":11,"turns":4},{"damage":2,"enemies":"Blue Slaver","floor":14,"turns":3},{"damage":31,"enemies":"The Guardian","floor":16,"turns":7},{"damage":17,"enemies":"2 Thieves","floor":18,"turns":4},{"damage":0,"enemies":"Spheric Guardian","floor":20,"turns":3},{"damage":3,"enemies":"Centurion and Healer","floor":21,"turns":4},{"damage":0,"enemies":"Shelled Parasite and Fungi","floor":22,"turns":4},{"damage":33,"enemies":"Slavers","floor":23,"turns":5},{"damage":0,"enemies":"Gremlin Leader","floor":25,"turns":4},{"damage":7,"enemies":"Book of Stabbing","floor":30,"turns":4},{"damage":35,"enemies":"Champ","floor":33,"turns":10},{"damage":0,"enemies":"3 Shapes","floor":35,"turns":2},{"damage":0,"enemies":"3 Darklings","floor":36,"turns":3},{"damage":0,"enemies":"Writhing Mass","floor":37,"turns":5},{"damage":47,"enemies":"Nemesis","floor":40,"turns":7},{"damage":0,"enemies":"Spire Growth","floor":42,"turns":3},{"damage":1,"enemies":"Transient","floor":45,"turns":5}],"seed_played":"-4340600765723276214","potions_obtained":[{"floor":3,"key":"Energy Potion"},{"floor":8,"key":"AttackPotion"},{"floor":16,"key":"SkillPotion"},{"floor":20,"key":"Block Potion"},{"floor":22,"key":"Explosive Potion"},{"floor":30,"key":"Dexterity Potion"},{"floor":36,"key":"Fire Potion"},{"floor":40,"key":"FearPotion"},{"floor":45,"key":"SkillPotion"}],"is_trial":false,"path_per_floor":["M","$","M","$","?","E","M","E","T","R","E","R","?","M","R","B",null,"M","?","M","M","M","E","R","E","T","?","$","R","E","?","R","B",null,"M","M","M","?","$","E","R","M","T","R","M","AVR"],"character_chosen":"THE_SERVANT","items_purchased":["InstantArmor","Whetstone","Potential","theForsaken:Lifeblossom","Enlightenment","Medical Kit","Spin+1","Spin+1","Trip"],"campfire_rested":6,"item_purchase_floors":[2,2,4,28,28,28,28,39,39],"current_hp_per_floor":[64,64,64,64,64,34,34,19,19,19,2,21,26,24,43,12,60,43,43,43,40,40,7,25,25,25,15,15,34,33,33,33,4,66,66,66,66,66,66,20,39,44,44,63,65,65,65],"gold":66,"neow_bonus":"HUNDRED_GOLD","is_daily":false,"chose_seed":false,"campfire_upgraded":1,"win_rate":0.0,"timestamp":1614438756,"path_taken":["M","$","M","$","?","E","M","E","T","R","E","R","?","?","R","BOSS","M","?","M","?","M","E","R","E","T","?","$","R","E","?","R","BOSS","M","M","M","?","$","E","R","M","T","R","?","AVR"],"items_purchased_type":["Card","Relic","Card","Relic","Card","Relic","Card","Card","Card"],"build_version":"2020-12-22","purchased_purges":0,"victory":false,"max_hp_per_floor":[65,65,65,65,65,65,65,65,65,65,65,65,65,65,65,65,60,60,60,60,60,60,60,60,60,60,66,66,66,66,66,66,66,66,66,66,66,66,66,66,66,66,66,66,66,66,66],"card_choices":[{"not_picked":["Starlight","FastForward"],"picked":"BottledTime","floor":1},{"not_picked":["Manipulate","Rearm"],"picked":"SurpressingFire","floor":3},{"not_picked":["Gouge","Replace"],"picked":"ShatteredReality","floor":6},{"not_picked":["BottledTime","StarChef"],"picked":"Rearm","floor":7},{"not_picked":["BestPractice","Moondial"],"picked":"LightFlow","floor":8},{"not_picked":["Spin","DoubleEdge"],"picked":"InstantArmor","floor":11},{"not_picked":["ReturningBlade","Barrier"],"picked":"Potential","floor":14},{"not_picked":["MurderousAura","PendulumOfEternity"],"picked":"TheWorld","floor":16},{"not_picked":["Unruled","Defy"],"picked":"BottledTime+1","floor":18},{"not_picked":["BestPractice","Potential"],"picked":"Collapse+1","floor":20},{"not_picked":["Manipulate+1","Replace"],"picked":"GearUp+1","floor":21},{"not_picked":["Comet","Barrier"],"picked":"Rearm+1","floor":22},{"not_picked":["Spin+1","Defy+1"],"picked":"TimeWarp+1","floor":23},{"not_picked":["LightFlow","BottledTime+1"],"picked":"Revamp+1","floor":25},{"not_picked":["PendulumOfEternity","Comet"],"picked":"Ricochet+1","floor":30},{"not_picked":["PendulumOfEternity","ForgedInTime"],"picked":"TheWorld","floor":33},{"not_picked":["Moonlight","Ricochet+1"],"picked":"InstantArmor+1","floor":35},{"not_picked":["Ricochet+1","Spin+1"],"picked":"SilverBlades","floor":36},{"not_picked":["Replace+1","Potential+1"],"picked":"Barrier+1","floor":37},{"not_picked":["Hightail+1","Duplication"],"picked":"Potential+1","floor":40},{"not_picked":["Rearm+1","Defy+1"],"picked":"BottledTime+1","floor":41},{"not_picked":["Alleviate+1","Foresight"],"picked":"TimeWarp+1","floor":42},{"not_picked":["FanOfKnives+1","Barrier+1"],"picked":"Starlight+1","floor":44},{"not_picked":["Unruled+1","Alleviate+1"],"picked":"Desolation","floor":45}],"player_experience":89973,"relics_obtained":[{"floor":6,"key":"infinitespire:Golems Mask"},{"floor":8,"key":"Peace Pipe"},{"floor":9,"key":"StuffTheSpire:Expresso"},{"floor":11,"key":"Ornamental Fan"},{"floor":23,"key":"theForsaken:HumbleEgg"},{"floor":25,"key":"Darkstone Periapt"},{"floor":27,"key":"Necronomicon"},{"floor":30,"key":"StuffTheSpire:ForceGauntlet"},{"floor":40,"key":"Dream Catcher"},{"floor":43,"key":"Shuriken"}],"event_choices":[{"damage_healed":0,"gold_gain":175,"player_choice":"AGREE","damage_taken":0,"max_hp_gain":0,"max_hp_loss":0,"event_name":"Liars Game","floor":5,"gold_loss":0,"cards_obtained":["Doubt"]},{"cards_removed":["BottledTime"],"damage_healed":5,"gold_gain":0,"player_choice":"Offered Common","damage_taken":0,"max_hp_gain":0,"max_hp_loss":0,"event_name":"Bonfire Elementals","floor":13,"gold_loss":0},{"cards_removed":["BottledTime"],"damage_healed":5,"gold_gain":0,"player_choice":"Offered Special","damage_taken":0,"max_hp_gain":0,"max_hp_loss":0,"event_name":"Bonfire Elementals","floor":13,"gold_loss":0},{"damage_healed":0,"gold_gain":0,"player_choice":"Trade","damage_taken":0,"relics_obtained":["NlothsMask"],"max_hp_gain":0,"max_hp_loss":0,"event_name":"FaceTrader","floor":19,"gold_loss":0},{"damage_healed":0,"gold_gain":0,"player_choice":"Obtained Book","damage_taken":16,"max_hp_gain":0,"max_hp_loss":0,"event_name":"Cursed Tome","floor":27,"gold_loss":0},{"cards_removed":["Enlightenment"],"damage_healed":0,"gold_gain":0,"player_choice":"Gave Gold","damage_taken":0,"max_hp_gain":0,"max_hp_loss":0,"event_name":"Beggar","floor":31,"gold_loss":75},{"damage_healed":0,"gold_gain":0,"cards_transformed":["TheWorld"],"player_choice":"Transformed","damage_taken":0,"max_hp_gain":0,"max_hp_loss":0,"event_name":"Transmorgrifier","floor":38,"gold_loss":0,"cards_obtained":["MoonPhase"]}],"is_beta":false,"boss_relics":[{"not_picked":["StuffTheSpire:RunicConfusion","StuffTheSpire:Kangaroo"],"picked":"energizedSpire:HugeHouse"},{"not_picked":["energizedSpire:RedRose","Runic Pyramid"],"picked":"energizedSpire:MagnifyingGlass"}],"items_purged_floors":[],"is_endless":false,"potions_floor_spawned":[3,8,16,20,22,30,36,40,45],"ascension_level":1}}