{"host":"gjwzgdilc53yxmt0","time":1614397390,"event":{"mods":["2.2 Compatiblity","BaseMod","Bestiary","Highlight Path","Minty Spire (QoL Compilation)","Relic Stats","StSLib","ojb\u0027s Info Mod"],"gold_per_floor":[359,5,25,0,0,32,48,82,82,114,129,129,162,178,178,254,254,267,10,44,44,79,145,199,199,199,21,21,48,228,298,298,392,392,430,443,148,184,184,219,248,297,322,374,374,8,40,40,40,80,100,100,100,4,34,34],"floor_reached":57,"language":"ENG","playtime":5117,"items_purged":["Strike_P","Writhe"],"score":3358,"play_id":"0ff920a0-8e02-4dad-8c37-56fa49d75668","local_time":"20210226224310","is_ascension_mode":true,"campfire_choices":[{"data":"Eruption","floor":12.0,"key":"SMITH"},{"data":"Fasting2","floor":15.0,"key":"SMITH"},{"floor":25.0,"key":"REST"},{"floor":28.0,"key":"RECALL"},{"floor":32.0,"key":"REST"},{"floor":45,"key":"REST"},{"floor":49,"key":"REST"},{"floor":53,"key":"REST"}],"circlet_count":0,"master_deck":["AscendersBane","Strike_P","Strike_P","Defend_P","Defend_P","Defend_P","Defend_P","Eruption+1","Vigilance","FollowUp","Consecrate","Perseverance","Fasting2+1","Vault","FlurryOfBlows","Establishment","FlurryOfBlows","ClearTheMind","Tantrum","Indignation","EmptyFist","DevaForm","EmptyBody","TalkToTheHand","HandOfGreed","Collect","Omniscience","EmptyMind","FearNoEvil+1","Adaptation","FlurryOfBlows","Fasting2","BattleHymn","Indignation","Scrawl","FlurryOfBlows","CutThroughFate","Indignation","FearNoEvil","MentalFortress","Scrawl+1","MasterReality","Wireheading+1","Fasting2+1","Nirvana+1","MasterReality","Finesse+1","ForeignInfluence+1","Evaluate+1","Halt+1","WaveOfTheHand+1","TalkToTheHand","Meditate+1"],"relics":["PureWater","Membership Card","Dead Branch","HornCleat","Question Card","Meat on the Bone","Ancient Tea Set","Prayer Wheel","Fusion Hammer","ClockworkSouvenir","Darkstone Periapt","Red Mask","Anchor","Pantograph","Sundial","Tiny Chest","Sozu","WingedGreaves","Frozen Eye","Toxic Egg 2","Blood Vial","Nunchaku","Dream Catcher","Mummified Hand","Medical Kit","The Courier","Bird Faced Urn","Happy Flower","Boot"],"acts_visited":["Exordium","TheCity","TheBeyond","TheEnding"],"potions_floor_usage":[56],"damage_taken":[{"damage":0.0,"enemies":"Cultist","floor":1.0,"turns":3.0},{"damage":7.0,"enemies":"Jaw Worm","floor":3.0,"turns":2.0},{"damage":8.0,"enemies":"3 Sentries","floor":6.0,"turns":4.0},{"damage":0.0,"enemies":"Small Slimes","floor":7.0,"turns":4.0},{"damage":0.0,"enemies":"Gremlin Nob","floor":8.0,"turns":2.0},{"damage":5.0,"enemies":"3 Sentries","floor":10.0,"turns":5.0},{"damage":2.0,"enemies":"Looter","floor":11.0,"turns":2.0},{"damage":2.0,"enemies":"Gremlin Nob","floor":13.0,"turns":3.0},{"damage":12.0,"enemies":"Exordium Thugs","floor":14.0,"turns":2.0},{"damage":0.0,"enemies":"Slime Boss","floor":16.0,"turns":4.0},{"damage":8.0,"enemies":"Shell Parasite","floor":18.0,"turns":4.0},{"damage":0.0,"enemies":"Spheric Guardian","floor":20.0,"turns":1.0},{"damage":0.0,"enemies":"Masked Bandits","floor":22.0,"turns":3.0},{"damage":13.0,"enemies":"Slavers","floor":23.0,"turns":10.0},{"damage":7.0,"enemies":"3 Cultists","floor":24.0,"turns":6.0},{"damage":16.0,"enemies":"Book of Stabbing","floor":29.0,"turns":4.0},{"damage":9.0,"enemies":"Slavers","floor":31.0,"turns":9.0},{"damage":0.0,"enemies":"Collector","floor":33.0,"turns":6.0},{"damage":5.0,"enemies":"3 Darklings","floor":35.0,"turns":6.0},{"damage":0.0,"enemies":"Orb Walker","floor":36.0,"turns":6.0},{"damage":0,"enemies":"4 Shapes","floor":38,"turns":3},{"damage":12,"enemies":"Nemesis","floor":40,"turns":8},{"damage":0,"enemies":"Giant Head","floor":41,"turns":5},{"damage":21,"enemies":"Reptomancer","floor":42,"turns":7},{"damage":11,"enemies":"Sphere and 2 Shapes","floor":44,"turns":8},{"damage":2,"enemies":"Giant Head","floor":47,"turns":5},{"damage":19,"enemies":"Donu and Deca","floor":50,"turns":9},{"damage":1,"enemies":"Time Eater","floor":51,"turns":7},{"damage":0,"enemies":"Shield and Spear","floor":55,"turns":5},{"damage":14,"enemies":"The Heart","floor":56,"turns":8}],"seed_played":"5288820103561132951","potions_obtained":[{"floor":6.0,"key":"ColorlessPotion"},{"floor":7.0,"key":"SteroidPotion"},{"floor":10.0,"key":"Weak Potion"},{"floor":11.0,"key":"Fire Potion"},{"floor":18.0,"key":"Swift Potion"},{"floor":20.0,"key":"AttackPotion"},{"floor":24.0,"key":"Weak Potion"},{"floor":33.0,"key":"ColorlessPotion"}],"is_trial":false,"path_per_floor":["M","$","M","?","?","E","M","E","T","E","M","R","E","M","R","B",null,"M","$","M","?","?","E","M","R","T","$","R","E","?","E","R","B",null,"M","M","$","M","?","E","E","E","T","M","R","$","E","T","R","B","B",null,"R","$","E","B",null],"character_chosen":"WATCHER","items_purchased":["Membership Card","Dead Branch","Consecrate","TalkToTheHand","ClockworkSouvenir","HandOfGreed","Pantograph","Fasting2","WingedGreaves","Frozen Eye","Mummified Hand","Medical Kit","MasterReality","Finesse+1","ForeignInfluence+1","TalkToTheHand","Happy Flower"],"campfire_rested":5,"item_purchase_floors":[2,2,2,19,19,19,27,27,37,37,46,46,46,46,46,54,54],"current_hp_per_floor":[43,43,36,36,36,28,28,28,28,35,45,45,43,43,43,43,62,54,54,54,60,60,47,40,62,62,62,62,46,27,30,52,74,74,69,69,69,69,65,53,53,46,46,49,71,71,71,71,74,67,74,74,74,74,74,74],"gold":34,"neow_bonus":"TWO_FIFTY_GOLD","is_daily":false,"chose_seed":false,"campfire_upgraded":2,"win_rate":0.0,"timestamp":1614397390,"path_taken":["M","$","M","?","?","E","M","E","T","E","M","R","E","M","R","BOSS","M","$","M","?","?","E","M","R","T","$","R","E","?","E","R","BOSS","M","M","$","M","?","E","E","E","T","?","R","?","E","?","R","BOSS","BOSS","R","$","E","BOSS"],"items_purchased_type":["Relic","Relic","Card","Card","Relic","Card","Relic","Card","Relic","Relic","Relic","Relic","Card","Card","Card","Card","Relic"],"build_version":"2020-12-22","purchased_purges":2,"victory":true,"max_hp_per_floor":[68,68,68,68,68,68,68,68,68,68,68,68,68,68,68,68,68,68,68,68,74,74,74,74,74,74,74,74,74,74,74,74,74,74,74,74,74,74,74,74,74,74,74,74,74,74,74,74,74,74,74,74,74,74,74,74],"relic_stats":{"Darkstone Periapt":6,"Happy Flower":[4],"counters":[30,151],"Dead Branch":[219],"Question Card":33,"Medical Kit":[6],"Boot":[0],"Sozu":3,"Blood Vial":8,"Nunchaku":[19],"Dream Catcher":3,"Sundial":[6],"Mummified Hand":[64],"Pantograph":27,"Bird Faced Urn":[27],"Prayer Wheel":8,"Tiny Chest":1,"obtain_stats":[{"Darkstone Periapt":21,"Ancient Tea Set":10,"Boot":55,"ClockworkSouvenir":19,"Sozu":34,"Blood Vial":41,"Frozen Eye":37,"Nunchaku":42,"Dream Catcher":43,"HornCleat":6,"Sundial":29,"Mummified Hand":46,"Pantograph":27,"Prayer Wheel":13,"Tiny Chest":31,"Fusion Hammer":17,"WingedGreaves":37,"Red Mask":22,"Toxic Egg 2":40,"Happy Flower":54,"Dead Branch":2,"The Courier":47,"Question Card":8,"Medical Kit":46,"Anchor":23,"Bird Faced Urn":48,"Membership Card":2,"PureWater":0,"Meat on the Bone":9},{"Darkstone Periapt":12,"Ancient Tea Set":6,"Boot":29,"ClockworkSouvenir":11,"Sozu":18,"Blood Vial":23,"Frozen Eye":20,"Nunchaku":24,"Dream Catcher":24,"HornCleat":3,"Sundial":16,"Mummified Hand":25,"Pantograph":15,"Prayer Wheel":8,"Tiny Chest":17,"Fusion Hammer":10,"WingedGreaves":20,"Red Mask":13,"Toxic Egg 2":22,"Happy Flower":28,"Dead Branch":1,"The Courier":26,"Question Card":5,"Medical Kit":25,"Anchor":14,"Bird Faced Urn":26,"Membership Card":1,"PureWater":0,"Meat on the Bone":5},{"Darkstone Periapt":36,"Ancient Tea Set":20,"Boot":143,"ClockworkSouvenir":35,"Sozu":74,"Blood Vial":102,"Frozen Eye":86,"Nunchaku":109,"Dream Catcher":109,"HornCleat":9,"Sundial":59,"Mummified Hand":117,"Pantograph":55,"Prayer Wheel":25,"Tiny Chest":68,"Fusion Hammer":31,"WingedGreaves":86,"Red Mask":39,"Toxic Egg 2":97,"Happy Flower":138,"Dead Branch":3,"The Courier":122,"Question Card":15,"Medical Kit":117,"Anchor":49,"Bird Faced Urn":122,"Membership Card":3,"PureWater":0,"Meat on the Bone":15}],"Meat on the Bone":72},"card_choices":[{"not_picked":["Protect","Swivel"],"picked":"FollowUp","floor":1.0},{"not_picked":["SashWhip","Vengeance"],"picked":"Perseverance","floor":3.0},{"not_picked":["EmptyFist","Consecrate"],"picked":"Vault","floor":6.0},{"not_picked":["WaveOfTheHand","ClearTheMind"],"picked":"FlurryOfBlows","floor":7.0},{"not_picked":["Consecrate","WheelKick"],"picked":"Establishment","floor":8.0},{"not_picked":["Crescendo","CutThroughFate","PathToVictory"],"picked":"FlurryOfBlows","floor":10.0},{"not_picked":["SashWhip","PathToVictory","Swivel"],"picked":"ClearTheMind","floor":11.0},{"not_picked":["Protect","Vengeance","BowlingBash"],"picked":"Tantrum","floor":13.0},{"not_picked":["LikeWater","Swivel","Perseverance"],"picked":"Indignation","floor":14.0},{"not_picked":["Swivel","SashWhip","Worship"],"picked":"EmptyFist","floor":14.0},{"not_picked":["Alpha","Blasphemy","ConjureBlade"],"picked":"DevaForm","floor":16.0},{"not_picked":["Protect","BowlingBash","Crescendo"],"picked":"EmptyBody","floor":18.0},{"not_picked":["DeceiveReality","EmptyFist","Protect","WheelKick"],"picked":"SKIP","floor":18.0},{"not_picked":["Evaluate","CutThroughFate","PathToVictory"],"picked":"Collect","floor":20.0},{"not_picked":["FearNoEvil+1","Prostrate","Weave"],"picked":"Omniscience","floor":20.0},{"not_picked":["ThirdEye","EmptyBody","WreathOfFlame"],"picked":"EmptyMind","floor":22.0},{"not_picked":["EmptyMind+1","InnerPeace","FlurryOfBlows"],"picked":"FearNoEvil+1","floor":23.0},{"not_picked":["EmptyFist","EmptyMind","Weave"],"picked":"Adaptation","floor":24.0},{"not_picked":["FollowUp","Wallop","Weave"],"picked":"FlurryOfBlows","floor":24.0},{"not_picked":["EmptyFist","Conclude","BowlingBash"],"picked":"BattleHymn","floor":29.0},{"not_picked":["Consecrate","Perseverance","BowlingBash"],"picked":"Indignation","floor":31.0},{"not_picked":["DevaForm","ConjureBlade","Vault"],"picked":"Scrawl","floor":33.0},{"not_picked":["ClearTheMind","FearNoEvil","Wallop"],"picked":"FlurryOfBlows","floor":35.0},{"not_picked":["BowlingBash","Evaluate","CrushJoints"],"picked":"CutThroughFate","floor":35.0},{"not_picked":["EmptyFist","SandsOfTime","WreathOfFlame+1"],"picked":"Indignation","floor":36.0},{"not_picked":["EmptyBody","Prostrate","Protect"],"picked":"FearNoEvil","floor":36.0},{"not_picked":["WaveOfTheHand+1","EmptyFist","Protect"],"picked":"MentalFortress","floor":38},{"not_picked":["FlyingSleeves","ThirdEye","CrushJoints+1","Evaluate+1"],"picked":"SKIP","floor":38},{"not_picked":["Wireheading","Perseverance+1","Consecrate+1"],"picked":"Scrawl+1","floor":40},{"not_picked":["WindmillStrike","FollowUp","FlurryOfBlows"],"picked":"MasterReality","floor":41},{"not_picked":["SandsOfTime+1","LikeWater","Collect+1"],"picked":"Wireheading+1","floor":42},{"not_picked":["SashWhip","ConjureBlade+1","EmptyBody+1"],"picked":"Fasting2+1","floor":44},{"not_picked":["FlyingSleeves","Perseverance+1","Evaluate+1","Crescendo+1"],"picked":"SKIP","floor":44},{"not_picked":["FlyingSleeves","Perseverance+1","Evaluate+1","Crescendo+1"],"picked":"SKIP","floor":44},{"not_picked":["Collect+1","SashWhip","WheelKick"],"picked":"Nirvana+1","floor":45},{"not_picked":["FollowUp+1","EmptyFist+1","Conclude+1"],"picked":"Evaluate+1","floor":47},{"not_picked":["CrushJoints","ClearTheMind+1","Protect+1"],"picked":"Halt+1","floor":49},{"not_picked":["Protect+1","FlurryOfBlows+1","Crescendo+1"],"picked":"WaveOfTheHand+1","floor":53},{"not_picked":["DeusExMachina+1","Crescendo+1","Conclude"],"picked":"Meditate+1","floor":55}],"player_experience":5004264,"relics_obtained":[{"floor":6.0,"key":"HornCleat"},{"floor":8.0,"key":"Question Card"},{"floor":9.0,"key":"Meat on the Bone"},{"floor":10.0,"key":"Ancient Tea Set"},{"floor":13.0,"key":"Prayer Wheel"},{"floor":22.0,"key":"Red Mask"},{"floor":23.0,"key":"Anchor"},{"floor":29.0,"key":"Sundial"},{"floor":31.0,"key":"Tiny Chest"},{"floor":40,"key":"Toxic Egg 2"},{"floor":41,"key":"Blood Vial"},{"floor":42,"key":"Nunchaku"},{"floor":43,"key":"Dream Catcher"},{"floor":47,"key":"The Courier"},{"floor":48,"key":"Bird Faced Urn"},{"floor":55,"key":"Boot"}],"event_choices":[{"damage_healed":0.0,"max_hp_gain":0.0,"max_hp_loss":0.0,"gold_gain":0.0,"event_name":"World of Goop","player_choice":"Left Gold","floor":4.0,"gold_loss":25.0,"damage_taken":0.0},{"damage_healed":0.0,"max_hp_gain":0.0,"max_hp_loss":0.0,"gold_gain":0.0,"cards_transformed":["Strike_P"],"event_name":"Living Wall","player_choice":"Change","floor":5.0,"gold_loss":0.0,"damage_taken":0.0,"cards_obtained":["Fasting2"]},{"damage_healed":0.0,"max_hp_gain":0.0,"max_hp_loss":0.0,"gold_gain":0.0,"event_name":"The Mausoleum","player_choice":"Opened","floor":21.0,"gold_loss":0.0,"damage_taken":0.0,"relics_obtained":["Darkstone Periapt"],"cards_obtained":["Writhe"]},{"damage_healed":0.0,"max_hp_gain":0.0,"max_hp_loss":0.0,"gold_gain":0.0,"event_name":"Masked Bandits","player_choice":"Fought Bandits","floor":22.0,"gold_loss":0.0,"damage_taken":0.0},{"damage_healed":0.0,"max_hp_gain":0.0,"max_hp_loss":0.0,"gold_gain":180.0,"event_name":"Knowing Skull","player_choice":"GOLD GOLD ","floor":30.0,"potions_obtained":[],"gold_loss":0.0,"damage_taken":19.0,"cards_obtained":[]},{"damage_healed":0,"gold_gain":0,"player_choice":"Bought 0 Potions","damage_taken":0,"max_hp_gain":0,"max_hp_loss":0,"event_name":"The Woman in Blue","floor":39,"gold_loss":0}],"is_beta":false,"boss_relics":[{"not_picked":["Empty Cage","Cursed Key"],"picked":"Fusion Hammer"},{"not_picked":["HolyWater","Coffee Dripper"],"picked":"Sozu"}],"items_purged_floors":[19,37],"is_endless":false,"potions_floor_spawned":[6,7,10,11,18,20,24,33,35,38,41],"ascension_level":20}}