{"host":"30jsp143e4v19aze","time":1614459394,"event":{"mods":["BaseMod","Colored Map","Colored Powertips","Curses Come First","DeckTracker","Highlight Path","Minty Spire (QoL Compilation)","Quick Restart","Relic Stats","StSLib","everything is the same but u backflip on backflip","slay the spire mod where everything is the same but ironclad has a cowboy hat"],"gold_per_floor":[109,384,54,0,17,49,49,84,163,175,175,195,229,65,65,65,65],"floor_reached":16,"language":"ENG","playtime":682,"items_purged":["Strike_R"],"score":286,"play_id":"348b8a63-e43a-4f6c-bc77-193793191723","local_time":"20210227215634","is_ascension_mode":true,"campfire_choices":[{"data":"Whirlwind","floor":7,"key":"SMITH"},{"data":"Rupture","floor":11,"key":"SMITH"},{"data":"Hemokinesis","floor":15,"key":"SMITH"}],"circlet_count":0,"master_deck":["AscendersBane","Strike_R","Strike_R","Strike_R","Strike_R","Defend_R","Defend_R","Defend_R","Defend_R","Bash","Power Through","Regret","Rupture+1","Whirlwind+1","True Grit","Heavy Blade","Hemokinesis+1","Combust"],"relics":["Burning Blood","NeowsBlessing","Ice Cream","Boot","Happy Flower","Blue Candle","Meat on the Bone","Ginger"],"acts_visited":["Exordium"],"potions_floor_usage":[16],"damage_taken":[{"damage":0,"enemies":"Cultist","floor":1,"turns":1},{"damage":0,"enemies":"2 Louse","floor":5,"turns":1},{"damage":0,"enemies":"Lagavulin","floor":6,"turns":1},{"damage":19,"enemies":"3 Sentries","floor":8,"turns":3},{"damage":13,"enemies":"Small Slimes","floor":10,"turns":3},{"damage":9,"enemies":"Looter","floor":12,"turns":4},{"damage":35,"enemies":"Gremlin Nob","floor":13,"turns":4},{"damage":43,"enemies":"The Guardian","floor":16,"turns":2}],"seed_played":"-6978743391912437411","potions_obtained":[{"floor":1,"key":"Fire Potion"},{"floor":5,"key":"SkillPotion"}],"is_trial":false,"path_per_floor":["M","?","$","?","M","E","R","E","T","M","R","M","E","$","R","B"],"character_chosen":"IRONCLAD","items_purchased":["Ice Cream","Combust"],"campfire_rested":0,"item_purchase_floors":[3,14],"current_hp_per_floor":[74,74,74,74,75,75,75,62,62,55,55,52,35,35,35,0,0],"gold":65,"neow_bonus":"THREE_ENEMY_KILL","is_daily":false,"chose_seed":false,"campfire_upgraded":3,"win_rate":0.0,"timestamp":1614459394,"path_taken":["M","?","?","?","M","E","R","E","T","M","R","M","E","$","R","BOSS"],"items_purchased_type":["Relic","Card"],"build_version":"2020-12-22","purchased_purges":1,"victory":false,"max_hp_per_floor":[75,75,75,75,75,75,75,75,75,75,75,75,75,75,75,75,75],"relic_stats":{"Happy Flower":[5],"counters":[8,19],"Blue Candle":[4],"Ginger":[0],"Boot":[1],"obtain_stats":[{"Ice Cream":3,"NeowsBlessing":0,"Happy Flower":6,"Blue Candle":8,"Ginger":13,"Boot":4,"Burning Blood":0,"Meat on the Bone":9},{"Ice Cream":1,"NeowsBlessing":0,"Happy Flower":3,"Blue Candle":4,"Ginger":7,"Boot":1,"Burning Blood":0,"Meat on the Bone":4},{"Ice Cream":1,"NeowsBlessing":0,"Happy Flower":3,"Blue Candle":6,"Ginger":17,"Boot":1,"Burning Blood":0,"Meat on the Bone":6}],"Burning Blood":31,"Meat on the Bone":12},"card_choices":[{"not_picked":["Entrench","Warcry"],"picked":"Power Through","floor":1},{"not_picked":["Pommel Strike","Infernal Blade"],"picked":"Rupture","floor":5},{"not_picked":["Uppercut","Shockwave"],"picked":"Whirlwind","floor":6},{"not_picked":["Wild Strike","Twin Strike"],"picked":"True Grit","floor":8},{"not_picked":["Wild Strike","Burning Pact"],"picked":"Heavy Blade","floor":10},{"not_picked":["Cleave","Rampage"],"picked":"Hemokinesis","floor":12},{"not_picked":["Shockwave","Twin Strike","Burning Pact"],"picked":"SKIP","floor":13}],"player_experience":3313831,"relics_obtained":[{"floor":6,"key":"Happy Flower"},{"floor":8,"key":"Blue Candle"},{"floor":9,"key":"Meat on the Bone"},{"floor":13,"key":"Ginger"}],"event_choices":[{"damage_healed":0,"gold_gain":275,"player_choice":"Desecrate","damage_taken":0,"max_hp_gain":0,"max_hp_loss":0,"event_name":"Golden Shrine","floor":2,"gold_loss":0,"cards_obtained":["Regret"]},{"damage_healed":0,"gold_gain":0,"player_choice":"Paid Gold","damage_taken":0,"relics_obtained":["Boot"],"max_hp_gain":0,"max_hp_loss":0,"event_name":"WeMeetAgain","floor":4,"gold_loss":54}],"is_beta":false,"boss_relics":[],"items_purged_floors":[14],"is_endless":false,"potions_floor_spawned":[1,5,8,13],"killed_by":"The Guardian","ascension_level":20}}