{"host":"emzatosnsokm6754","time":1614438185,"event":{"mods":["Act Like it!","BaseMod","Bossed Relics","Colored Powertips","Dota2Spire","Energized Spire","Minty Spire (QoL Compilation)","Rare Cards Sparkle","Replay The Spire","Ruina","Small Relic Pack","StSLib","The Hierophant","The Servant 0.9.4"],"gold_per_floor":[117,117,68,88,82,113,130,155,155,169,169,225,225,125,125,227,227,239,239,239,254,19,45,45,45,72,72,90,119,130,148,148,250,250,261,261,261,272,65,94,106,168,227,255,286,328,70,70,70,70,70],"floor_reached":50,"language":"ENG","playtime":1695,"items_purged":["Normality","Replace+1","Doubt"],"score":678,"play_id":"60c05bb6-5bd9-4ddf-9b56-b21ae5c0e4c4","local_time":"20210228040305","is_ascension_mode":true,"campfire_choices":[{"data":"SilverBlades","floor":11,"key":"SMITH"},{"data":"InstantArmor","floor":15,"key":"SMITH"},{"data":"SilverBlades","floor":24,"key":"SMITH"},{"floor":32,"key":"REST"},{"floor":41,"key":"REST"},{"floor":49,"key":"REST"}],"circlet_count":0,"master_deck":["Strike_S","Strike_S","Strike_S","Strike_S","Defend_S","Defend_S","Defend_S","KidneyShot","SilverBlades+1","Rearm","Starlight","Comet","Starlight","Starlight","InstantArmor+1","SoulSculpture+1","SoulSculpture+1","SilverBlades+1","FanOfKnives+1","SilverBlades","SilverBlades","Flash of Steel","Flash of Steel","InstantArmor+1","Ricochet+1","SpecialFormula+1"],"relics":["Uniform","NeowsBlessing","Ring of Fury","ReplayTheSpireMod:CursedCoin","MealTicket","Kunai","Dream Catcher","Toy Ornithopter","Runic Pyramid","Dota2Spire:LotusOrb","Dota2Spire:BladeMail","Blue Doll","Replay:Mystery Machine","relicPack:OneForAll","HornCleat","Sozu","Strange Spoon","MawBank","Replay:Multitool","Dota2Spire:MagicBottle","Dota2Spire:ArmletOfMordiggian","Blood Vial"],"acts_visited":["Exordium","ruina:Briah","TheBeyond"],"potions_floor_usage":[8,31,31,33,33,50],"damage_taken":[{"damage":0,"enemies":"2 Louse","floor":1,"turns":1},{"damage":0,"enemies":"Jaw Worm","floor":4,"turns":1},{"damage":0,"enemies":"Lagavulin","floor":6,"turns":1},{"damage":4,"enemies":"Small Slimes","floor":7,"turns":2},{"damage":15,"enemies":"3 Sentries","floor":8,"turns":4},{"damage":0,"enemies":"3 Louse","floor":10,"turns":2},{"damage":8,"enemies":"Gremlin Nob","floor":12,"turns":3},{"damage":25,"enemies":"The Guardian","floor":16,"turns":9},{"damage":9,"enemies":"ruina:2_Scarecrows","floor":18,"turns":3},{"damage":0,"enemies":"ruina:Nosferatu","floor":21,"turns":2},{"damage":21,"enemies":"ruina:ServantOfWrath","floor":23,"turns":5},{"damage":3,"enemies":"ruina:Woodsman","floor":28,"turns":2},{"damage":10,"enemies":"ruina:RoadHome","floor":29,"turns":2},{"damage":0,"enemies":"ruina:KingOfGreed","floor":30,"turns":3},{"damage":8,"enemies":"ruina:Nos_and_Bat","floor":31,"turns":3},{"damage":48,"enemies":"ruina:JesterOfNihil","floor":33,"turns":10},{"damage":15,"enemies":"3 Shapes","floor":35,"turns":3},{"damage":0,"enemies":"Orb Walker","floor":38,"turns":2},{"damage":28,"enemies":"Giant Head","floor":40,"turns":7},{"damage":0,"enemies":"Mind Bloom Boss Battle","floor":42,"turns":3},{"damage":0,"enemies":"Spire Growth","floor":44,"turns":4},{"damage":4,"enemies":"3 Darklings","floor":45,"turns":3},{"damage":14,"enemies":"Nemesis","floor":46,"turns":5},{"damage":27,"enemies":"Sphere and 2 Shapes","floor":48,"turns":4},{"damage":87,"enemies":"Awakened One","floor":50,"turns":7}],"seed_played":"1250167176325362630","potions_obtained":[{"floor":1,"key":"Block Potion"},{"floor":8,"key":"Energy Potion"},{"floor":10,"key":"Energy Potion"},{"floor":16,"key":"LifebloodPotion"},{"floor":31,"key":"DistilledChaos"},{"floor":33,"key":"ColorlessPotion"}],"is_trial":false,"path_per_floor":["M","?","$","M","$","E","M","E","T","M","R","?","?","$","R","B",null,"M","?","?","M","$","E","R","$","T","?","M","E","M","M","R","B",null,"M","?","?","M","$","E","R","?","T","M","M","E","$","M","R","B"],"character_chosen":"THE_SERVANT","items_purchased":["Rearm","ReplayTheSpireMod:CursedCoin","Starlight","Comet","Dota2Spire:BladeMail","SilverBlades","Strange Spoon","Flash of Steel","Blood Vial"],"campfire_rested":3,"item_purchase_floors":[3,5,5,5,22,22,39,39,47],"current_hp_per_floor":[65,65,65,65,65,65,61,46,46,46,46,38,38,53,53,28,65,56,56,37,37,52,31,31,46,46,46,43,33,33,35,54,16,65,50,50,50,50,65,37,56,56,56,56,52,38,53,28,47,0,0],"gold":70,"neow_bonus":"THREE_ENEMY_KILL","is_daily":false,"chose_seed":false,"campfire_upgraded":3,"win_rate":0.0,"timestamp":1614438185,"path_taken":["M","?","$","M","$","E","M","E","T","M","R","?","?","?","R","BOSS","M","?","?","M","$","E","R","$","T","?","?","E","M","M","R","BOSS","M","?","?","M","$","E","R","?","T","M","?","E","$","M","R","BOSS"],"items_purchased_type":["Card","Relic","Card","Card","Relic","Card","Relic","Card","Relic"],"build_version":"2020-12-22","purchased_purges":3,"victory":false,"max_hp_per_floor":[65,65,65,65,65,65,65,65,65,65,65,65,65,65,65,65,65,65,65,65,65,65,65,65,65,65,65,65,65,65,65,65,65,65,65,65,65,65,65,65,65,65,65,65,65,65,65,65,65,65,65],"card_choices":[{"not_picked":["Spin","Potential"],"picked":"SilverBlades","floor":1},{"not_picked":["FastForward","DancingSilver","Alleviate"],"picked":"SKIP","floor":4},{"not_picked":["WasteNot","ShatteredReality","DualDimension"],"picked":"SKIP","floor":6},{"not_picked":["Alleviate","Gouge"],"picked":"Starlight","floor":7},{"not_picked":["Spin","Replace"],"picked":"Starlight","floor":8},{"not_picked":["Starlight","Alleviate","FastForward"],"picked":"SKIP","floor":10},{"not_picked":["DoubleEdge","Luminosity"],"picked":"InstantArmor","floor":12},{"not_picked":["Dilation","ForgedInTime"],"picked":"SoulSculpture","floor":16},{"not_picked":["Replace","MoonPhase","Alleviate"],"picked":"SKIP","floor":18},{"not_picked":["Spin","FastForward+1","Barrier"],"picked":"SKIP","floor":21},{"not_picked":["Alleviate","TimeWarp","Revamp+1"],"picked":"SKIP","floor":23},{"not_picked":["Defy","Unruled","Starlight"],"picked":"SKIP","floor":28},{"not_picked":["Hightail","Unruled","DoubleEdge"],"picked":"SKIP","floor":29},{"not_picked":["Barrier+1","DualDimension","FanOfKnives"],"picked":"SKIP","floor":30},{"not_picked":["Read+1","Defy","Ricochet"],"picked":"SKIP","floor":31},{"not_picked":["Hightail","Collapse+1"],"picked":"FanOfKnives+1","floor":32},{"not_picked":["DoubleEdge+1","BottledTime"],"picked":"SilverBlades","floor":35},{"not_picked":["Defy","Rewind"],"picked":"SilverBlades","floor":38},{"not_picked":["Spin+1","ShatteredReality"],"picked":"InstantArmor+1","floor":40},{"not_picked":["ShatteredReality+1","Rewind"],"picked":"Ricochet+1","floor":44},{"not_picked":["Shuttle","TimeWarp+1","Misdirection+1"],"picked":"SKIP","floor":45},{"not_picked":["Rearm","Comet","Deny"],"picked":"SKIP","floor":46},{"not_picked":["Read+1","Rearm"],"picked":"SpecialFormula+1","floor":48}],"player_experience":236033,"relics_obtained":[{"floor":2,"key":"Ring of Fury"},{"floor":6,"key":"MealTicket"},{"floor":8,"key":"Kunai"},{"floor":9,"key":"Dream Catcher"},{"floor":23,"key":"Blue Doll"},{"floor":26,"key":"Replay:Mystery Machine"},{"floor":29,"key":"HornCleat"},{"floor":40,"key":"MawBank"},{"floor":42,"key":"Replay:Multitool"},{"floor":43,"key":"Dota2Spire:MagicBottle"},{"floor":46,"key":"Dota2Spire:ArmletOfMordiggian"}],"event_choices":[{"damage_healed":0,"gold_gain":0,"player_choice":"Searched \u00272\u0027 times","damage_taken":0,"relics_obtained":["Toy Ornithopter"],"max_hp_gain":0,"max_hp_loss":0,"event_name":"Dead Adventurer","floor":12,"gold_loss":0},{"cards_removed":["Exchange"],"damage_healed":0,"gold_gain":0,"player_choice":"Removed Skill","damage_taken":0,"max_hp_gain":0,"max_hp_loss":0,"event_name":"Falling","floor":36,"gold_loss":0},{"damage_healed":0,"gold_gain":0,"player_choice":"Ignored","damage_taken":0,"max_hp_gain":0,"max_hp_loss":0,"event_name":"Tomb of Lord Red Mask","floor":37,"gold_loss":0},{"damage_healed":0,"gold_gain":0,"player_choice":"Fight","damage_taken":0,"max_hp_gain":0,"max_hp_loss":0,"event_name":"MindBloom","floor":42,"gold_loss":0}],"is_beta":false,"boss_relics":[{"not_picked":["SlaversCollar","Tiny House"],"picked":"Runic Pyramid"},{"not_picked":["Replay:Ancient Bell","Fusion Hammer"],"picked":"Sozu"}],"items_purged_floors":[5,14,47],"is_endless":false,"potions_floor_spawned":[1,8,10,16,21,23,31,33,38,40,44,45],"killed_by":"Awakened One","ascension_level":3}}