{"host":"zefmhu9ryehjj4p1","time":1614448612,"event":{"mods":["100% Spire Juice","2.2 Compatiblity","Act Like it!","Aspiration","Aya Shameimaru","BaseMod","Beaked The Cultist","Better Note","CapriCore","ChefMod","Colored Powertips","Dark Map","DeckTracker","Downfall","Ekko","Elementarium","Friendly Minions","Gensokyo","Hallownest","Hermit","Highlight Path","Hubris","Infinite Spire","Koishi","Library of Ruina","Library of Ruina Extra","Luminous","Marisa????????","Minty Spire (QoL Compilation)","Random Character Button","Reimu??????","Reliquary","Remilia??????","Replay The Spire","Ruina","Shade Mod","Shapeshifter Mod","StSLib","The Administrix","The Blue Laboratory","The Bug Knight","The Construct","The Cursed","The Gatherer","The Hierophant","The Immortal","The Judge","The Marked","The Mystic","The Runesmith","The Senshi","The Servant 0.9.4","The Vixen","The Wild Card","TheVacant","Wandering Minibosses"],"gold_per_floor":[99,115,100,100,100,38,63,63,75,101,111,134,34,50,68,68,68,68],"floor_reached":16,"language":"ENG","playtime":631,"items_purged":[],"score":100,"play_id":"d5289bfd-1c14-4bae-a9b5-5a4410d8f7cd","local_time":"20210227185652","is_ascension_mode":false,"campfire_choices":[{"floor":1,"key":"RECALL"},{"data":"bronze:MaxOutput","floor":13,"key":"SMITH"}],"circlet_count":0,"master_deck":["bronze:Strike","bronze:Strike","bronze:Strike","bronze:Strike","bronze:Defend","bronze:Defend","bronze:Defend","bronze:Defend","bronze:Replicate","bronze:Goto","bronze:ForLoop","bronze:MaxOutput+1","bronze:Overheat+1","bronze:Repulsor","bronze:FollowUp","bronze:Iterate","bronze:FollowUp","bronze:FineTuning"],"relics":["bronze:BronzeCore","reliquary:TuningFork","Replay:PocketPolymizer","PreservedInsect","downfall:HeartBlessingGreen"],"acts_visited":["Exordium"],"potions_floor_usage":[],"damage_taken":[{"damage":1,"enemies":"2 Louse","floor":2,"turns":3},{"damage":5,"enemies":"downfall:FleeingMerchant","floor":3,"turns":4},{"damage":5,"enemies":"downfall:FleeingMerchant","floor":6,"turns":4},{"damage":3,"enemies":"Small Slimes","floor":9,"turns":4},{"damage":31,"enemies":"3 Sentries","floor":10,"turns":8},{"damage":0,"enemies":"Jaw Worm","floor":11,"turns":2},{"damage":5,"enemies":"downfall:LooterAlt","floor":14,"turns":3},{"damage":6,"enemies":"3 Louse","floor":15,"turns":3},{"damage":21,"enemies":"SI_SHIV_ARCHETYPE","floor":16,"turns":7}],"seed_played":"2121090305400265504","potions_obtained":[{"floor":9,"key":"blueLaboratory:PhilterOfMotion"},{"floor":10,"key":"hexamod:SoulburnPotion"},{"floor":15,"key":"blueLaboratory:PyrophylliteBrew"}],"is_trial":false,"path_per_floor":["R","M","$","?","?","$","T","?","M","E","M","T","R","M","M","B"],"character_chosen":"THE_AUTOMATON","items_purchased":["bronze:Overheat"],"campfire_rested":0,"item_purchase_floors":[6],"current_hp_per_floor":[77,76,71,71,71,66,66,66,63,32,32,32,32,27,21,0,0,0],"gold":68,"neow_bonus":"TEN_PERCENT_HP_BONUS","is_daily":false,"chose_seed":false,"campfire_upgraded":1,"win_rate":0.0,"timestamp":1614448612,"path_taken":["R","M","$","?","?","$","T","?","M","E","M","?","R","M","M","BOSS"],"items_purchased_type":["Card"],"build_version":"2020-12-22","purchased_purges":0,"victory":false,"max_hp_per_floor":[77,77,77,77,77,77,77,77,77,77,77,77,77,77,77,77,77,77],"card_choices":[{"not_picked":["bronze:FollowUp","bronze:WhirlingStrike"],"picked":"bronze:ForLoop","floor":2},{"not_picked":["bronze:BitShift","bronze:Branch","bronze:Frontload"],"picked":"SKIP","floor":3},{"not_picked":["bronze:ChildClass","bronze:OilSpill"],"picked":"bronze:MaxOutput","floor":6},{"not_picked":["bronze:Boost","bronze:BitShift"],"picked":"bronze:Repulsor","floor":9},{"not_picked":["bronze:Shell","bronze:OilSpill"],"picked":"bronze:FollowUp","floor":10},{"not_picked":["bronze:Invalidate","bronze:Separator"],"picked":"bronze:Iterate","floor":11},{"not_picked":["bronze:BugBarrage","bronze:ForceShield"],"picked":"bronze:FollowUp","floor":14},{"not_picked":["bronze:Overload","bronze:Shield"],"picked":"bronze:FineTuning","floor":15}],"player_experience":232060,"relics_obtained":[{"floor":5,"key":"reliquary:TuningFork"},{"floor":10,"key":"Replay:PocketPolymizer"},{"floor":12,"key":"PreservedInsect"}],"event_choices":[],"is_beta":false,"boss_relics":[],"items_purged_floors":[],"is_endless":false,"potions_floor_spawned":[9,10,15],"killed_by":"SI_SHIV_ARCHETYPE","ascension_level":0}}