{"host":"d2gh6suihlstufn7","time":1614413348,"event":{"mods":["AchievementEnabler","BaseMod","Colored Map","Colored Powertips","Minty Spire (QoL Compilation)","Permanent Neow","Quick Restart","Shop Mod","StSLib","SuperFastMode","everything is the same but u backflip on backflip"],"gold_per_floor":[110,124,124,74,74,74,149,162,162,162,10,10,46,65,65,194,194,208,208,208,226,240,240,240,240,240,240,255,265,280,290,290,290,290],"floor_reached":33,"language":"KOR","playtime":541,"items_purged":[],"score":272,"play_id":"3ef52e59-7ce9-44b3-9b5f-a6d53ca19916","local_time":"20210227170908","is_ascension_mode":false,"campfire_choices":[{"floor":6.0,"key":"REST"},{"data":"Immolate","floor":15.0,"key":"SMITH"},{"data":"Berserk","floor":23.0,"key":"SMITH"},{"data":"Battle Trance","floor":25.0,"key":"SMITH"},{"data":"Combust","floor":27.0,"key":"SMITH"},{"floor":32.0,"key":"REST"}],"circlet_count":0,"master_deck":["Strike_R","Strike_R","Strike_R","Strike_R","Defend_R","Defend_R","Defend_R","Defend_R","Bash","Immolate+1","Combust+1","Headbutt","Flex","Berserk+1","Ghostly","Ghostly","Ghostly","Ghostly","Ghostly","Pain","Battle Trance+1","Headbutt+1","Offering"],"relics":["Burning Blood","Bronze Scales","Bloody Idol","Matryoshka","Sling","GremlinMask","Strawberry","SlaversCollar","WarpedTongs","PreservedInsect","Molten Egg 2"],"acts_visited":["Exordium","TheCity"],"potions_floor_usage":[33],"damage_taken":[{"damage":4.0,"enemies":"2 Louse","floor":1.0,"turns":2.0},{"damage":2.0,"enemies":"Small Slimes","floor":2.0,"turns":3.0},{"damage":1.0,"enemies":"Cultist","floor":8.0,"turns":3.0},{"damage":28.0,"enemies":"Lagavulin","floor":13.0,"turns":5.0},{"damage":4.0,"enemies":"Large Slime","floor":14.0,"turns":4.0},{"damage":61.0,"enemies":"Slime Boss","floor":16.0,"turns":6.0},{"damage":26.0,"enemies":"2 Thieves","floor":18.0,"turns":3.0},{"damage":10.0,"enemies":"Chosen","floor":21.0,"turns":6.0},{"damage":10.0,"enemies":"Snake Plant","floor":22.0,"turns":4.0},{"damage":12.0,"enemies":"Shelled Parasite and Fungi","floor":28.0,"turns":5.0},{"damage":14.0,"enemies":"Cultist and Chosen","floor":29.0,"turns":5.0},{"damage":16.0,"enemies":"Centurion and Healer","floor":30.0,"turns":4.0},{"damage":10.0,"enemies":"Shelled Parasite and Fungi","floor":31.0,"turns":4.0},{"damage":54,"enemies":"Automaton","floor":33,"turns":6}],"seed_played":"-4412401794815496317","potions_obtained":[{"floor":8.0,"key":"Strength Potion"},{"floor":21.0,"key":"Fire Potion"},{"floor":22.0,"key":"Energy Potion"},{"floor":30.0,"key":"FearPotion"}],"is_trial":false,"path_per_floor":["M","M","?","?","?","R","?","M","T","?","$","?","E","M","R","B",null,"M","?","?","M","M","R","?","R","T","R","M","M","M","M","R","B"],"character_chosen":"IRONCLAD","items_purchased":["Sling"],"campfire_rested":2,"item_purchase_floors":[11],"current_hp_per_floor":[58,62,59,59,39,63,52,57,57,80,80,80,65,67,67,12,87,67,43,43,39,35,35,35,35,35,35,34,31,26,27,39,0,0],"gold":290,"neow_bonus":"THREE_RARE_CARDS","is_daily":false,"chose_seed":false,"campfire_upgraded":4,"win_rate":0.0,"timestamp":1614413348,"path_taken":["M","M","?","?","?","R","?","M","T","?","$","?","E","M","R","BOSS","M","?","?","?","M","R","?","R","T","R","M","M","M","M","R","BOSS"],"items_purchased_type":["Relic"],"build_version":"2020-12-22","purchased_purges":0,"victory":false,"max_hp_per_floor":[80,80,80,80,80,80,80,80,80,80,80,80,87,87,87,87,87,87,43,43,43,43,43,43,43,43,43,43,43,43,43,43,43,43],"card_choices":[{"not_picked":["Exhume","Bludgeon"],"picked":"Immolate","floor":0.0},{"not_picked":["Shrug It Off","Clash"],"picked":"Combust","floor":1.0},{"not_picked":["Shrug It Off","Heavy Blade"],"picked":"Headbutt","floor":2.0},{"not_picked":["Sword Boomerang","Pommel Strike","Rampage"],"picked":"SKIP","floor":8.0},{"not_picked":["Sword Boomerang","Cleave"],"picked":"Flex","floor":13.0},{"not_picked":["Uppercut","Clothesline","Anger"],"picked":"SKIP","floor":14.0},{"not_picked":["Reaper","Limit Break"],"picked":"Berserk","floor":16.0},{"not_picked":["Perfected Strike+1","Armaments","Warcry+1"],"picked":"SKIP","floor":18.0},{"not_picked":["Anger","Entrench","Clothesline"],"picked":"SKIP","floor":21.0},{"not_picked":["Anger","Second Wind"],"picked":"Battle Trance","floor":22.0},{"not_picked":["Thunderclap+1","Twin Strike+1"],"picked":"Headbutt+1","floor":28.0},{"not_picked":["Uppercut+1","Twin Strike+1"],"picked":"Offering","floor":29.0},{"not_picked":["Armaments+1","Dark Embrace","Thunderclap+1"],"picked":"SKIP","floor":30.0},{"not_picked":["True Grit","Wild Strike+1","Clash+1"],"picked":"SKIP","floor":31.0}],"player_experience":72060,"relics_obtained":[{"floor":9.0,"key":"Matryoshka"},{"floor":13.0,"key":"Strawberry"},{"floor":26.0,"key":"PreservedInsect"},{"floor":26.0,"key":"Molten Egg 2"}],"event_choices":[{"damage_healed":0.0,"max_hp_gain":0.0,"max_hp_loss":0.0,"gold_gain":0.0,"event_name":"Scrap Ooze","player_choice":"Success","floor":3.0,"gold_loss":0.0,"damage_taken":3.0,"relics_obtained":["Bronze Scales"]},{"cards_removed":["Strike_R"],"damage_healed":0.0,"max_hp_gain":0.0,"max_hp_loss":0.0,"gold_gain":0.0,"event_name":"The Cleric","player_choice":"Card Removal","floor":4.0,"gold_loss":50.0,"damage_taken":0.0},{"damage_healed":0.0,"max_hp_gain":0.0,"max_hp_loss":0.0,"gold_gain":0.0,"event_name":"Golden Idol","player_choice":"Take Damage","floor":5.0,"gold_loss":0.0,"damage_taken":20.0,"relics_obtained":["Golden Idol"]},{"damage_healed":0.0,"max_hp_gain":0.0,"max_hp_loss":0.0,"gold_gain":75.0,"event_name":"World of Goop","player_choice":"Gather Gold","floor":7.0,"gold_loss":0.0,"damage_taken":11.0},{"damage_healed":26.0,"max_hp_gain":0.0,"max_hp_loss":0.0,"gold_gain":0.0,"event_name":"Big Fish","player_choice":"Banana","floor":10.0,"gold_loss":0.0,"damage_taken":0.0},{"damage_healed":0.0,"max_hp_gain":0.0,"max_hp_loss":0.0,"gold_gain":0.0,"event_name":"FaceTrader","player_choice":"Trade","floor":12.0,"gold_loss":0.0,"damage_taken":0.0,"relics_obtained":["GremlinMask"]},{"damage_healed":0.0,"max_hp_gain":0.0,"max_hp_loss":44.0,"gold_gain":0.0,"event_name":"Ghosts","player_choice":"Became a Ghost","floor":19.0,"gold_loss":0.0,"damage_taken":0.0,"cards_obtained":["Ghostly","Ghostly","Ghostly","Ghostly","Ghostly"]},{"damage_healed":0.0,"max_hp_gain":0.0,"max_hp_loss":0.0,"gold_gain":0.0,"event_name":"Accursed Blacksmith","player_choice":"Rummage","floor":20.0,"gold_loss":0.0,"damage_taken":0.0,"relics_obtained":["WarpedTongs"],"cards_obtained":["Pain"]},{"damage_healed":0.0,"max_hp_gain":0.0,"max_hp_loss":0.0,"gold_gain":0.0,"event_name":"Forgotten Altar","player_choice":"Gave Idol","floor":24.0,"relics_lost":["Golden Idol"],"gold_loss":0.0,"damage_taken":0.0,"relics_obtained":["Bloody Idol"]}],"is_beta":false,"boss_relics":[{"not_picked":["Ectoplasm","SacredBark"],"picked":"SlaversCollar"}],"items_purged_floors":[],"is_endless":false,"potions_floor_spawned":[8,21,22,30],"killed_by":"Automaton","ascension_level":0}}