{"host":"x6tlfgqpy55vgxdn","time":1614438478,"event":{"mods":["AchievementEnabler","BaseMod","DeckTracker","Minty Spire (QoL Compilation)","Permanent Neow","Quick Restart","StSLib","SuperFastMode"],"gold_per_floor":[113,130,305,305,230,558,568,587,587,613,613,638,3,31,31,134,134,148,23,23,36,46,46,86,86,112,153,3,3,22,57,57,168,168,191,191,240,258,83,116,116,148,148,188,188,217,267,293,293,293,293,293,5,41,41],"floor_reached":56,"language":"KOR","playtime":3653,"items_purged":["Doubt","Strike_G","Strike_G","Strike_G","Strike_G"],"score":2369,"play_id":"1dcc84d5-a3b8-416e-81f9-612fc8c7aed2","local_time":"20210228000758","is_ascension_mode":true,"campfire_choices":[{"data":"Cloak And Dagger","floor":15.0,"key":"SMITH"},{"data":"Well Laid Plans","floor":23.0,"key":"SMITH"},{"data":"Malaise","floor":25.0,"key":"SMITH"},{"data":"Calculated Gamble","floor":29.0,"key":"SMITH"},{"data":"Footwork","floor":32.0,"key":"SMITH"},{"data":"Apotheosis","floor":41.0,"key":"SMITH"},{"floor":45.0,"key":"RECALL"},{"data":"Panacea","floor":49.0,"key":"SMITH"},{"data":"Adrenaline","floor":52.0,"key":"SMITH"}],"circlet_count":0,"master_deck":["Defend_G","Defend_G","Defend_G","Defend_G","Defend_G","Survivor","Backstab","Adrenaline+1","Malaise+1","Flechettes","Venomology","Finesse","Escape Plan","Well Laid Plans+1","Cloak And Dagger+1","PiercingWail+1","Concentrate+1","Calculated Gamble+1","Acrobatics+1","Footwork+1","Burst","Prepared+1","Apotheosis+1","Panacea+1","Blade Dance+1","After Image","Phantasmal Killer+1"],"relics":["Ring of the Serpent","NeowsBlessing","Old Coin","Mummified Hand","Dream Catcher","Shuriken","Oddly Smooth Stone","Coffee Dripper","CeramicFish","Snake Skull","Centennial Puzzle","Meat on the Bone","Pocketwatch","TungstenRod","Blood Vial","Thread and Needle","Toxic Egg 2","StoneCalendar","Ice Cream","Potion Belt","Pear"],"acts_visited":["Exordium","TheCity","TheBeyond","TheEnding"],"potions_floor_usage":[53,54,54,55,55,55,55,55,55],"damage_taken":[{"damage":0.0,"enemies":"Small Slimes","floor":1.0,"turns":1.0},{"damage":0.0,"enemies":"2 Louse","floor":2.0,"turns":1.0},{"damage":0.0,"enemies":"3 Sentries","floor":6.0,"turns":1.0},{"damage":0.0,"enemies":"Cultist","floor":7.0,"turns":3.0},{"damage":25.0,"enemies":"Large Slime","floor":8.0,"turns":11.0},{"damage":18.0,"enemies":"Lagavulin","floor":10.0,"turns":7.0},{"damage":5.0,"enemies":"Gremlin Nob","floor":14.0,"turns":4.0},{"damage":0.0,"enemies":"The Guardian","floor":16.0,"turns":11.0},{"damage":0.0,"enemies":"2 Thieves","floor":18.0,"turns":4.0},{"damage":0.0,"enemies":"Shell Parasite","floor":21.0,"turns":6.0},{"damage":0.0,"enemies":"Centurion and Healer","floor":22.0,"turns":6.0},{"damage":9.0,"enemies":"Gremlin Leader","floor":24.0,"turns":7.0},{"damage":7.0,"enemies":"Book of Stabbing","floor":27.0,"turns":9.0},{"damage":0.0,"enemies":"Chosen and Byrds","floor":30.0,"turns":8.0},{"damage":0.0,"enemies":"Gremlin Leader","floor":31.0,"turns":5.0},{"damage":0.0,"enemies":"Automaton","floor":33.0,"turns":8.0},{"damage":0.0,"enemies":"Orb Walker","floor":35.0,"turns":6.0},{"damage":5.0,"enemies":"2 Orb Walkers","floor":37.0,"turns":4.0},{"damage":0.0,"enemies":"Nemesis","floor":40.0,"turns":5.0},{"damage":1.0,"enemies":"Reptomancer","floor":42.0,"turns":5.0},{"damage":0.0,"enemies":"Nemesis","floor":44.0,"turns":7.0},{"damage":0.0,"enemies":"Giant Head","floor":46.0,"turns":6.0},{"damage":0.0,"enemies":"Mind Bloom Boss Battle","floor":47.0,"turns":5.0},{"damage":18.0,"enemies":"Awakened One","floor":50.0,"turns":11.0},{"damage":2,"enemies":"Shield and Spear","floor":54,"turns":7},{"damage":0,"enemies":"The Heart","floor":55,"turns":6}],"seed_played":"6842014981042431593","potions_obtained":[{"floor":6.0,"key":"Fire Potion"},{"floor":7.0,"key":"GhostInAJar"},{"floor":8.0,"key":"SteroidPotion"},{"floor":10.0,"key":"Block Potion"},{"floor":27.0,"key":"LiquidMemories"},{"floor":30.0,"key":"PowerPotion"},{"floor":37.0,"key":"DistilledChaos"},{"floor":42.0,"key":"SpeedPotion"},{"floor":47.0,"key":"SpeedPotion"}],"is_trial":false,"path_per_floor":["M","M","?","?","$","E","M","M","T","E","?","T","$","E","R","B",null,"M","$","?","M","M","R","E","R","T","E","$","R","M","E","R","B",null,"M","?","?","?","$","E","R","E","T","E","R","E","?","T","R","B",null,"R","$","E","B",null],"character_chosen":"THE_SILENT","items_purchased":["Shuriken","Finesse","Escape Plan","Well Laid Plans","SkillPotion","After Image","Fruit Juice","SkillPotion"],"campfire_rested":0,"item_purchase_floors":[13,13,13,13,13,53,53,53],"current_hp_per_floor":[63,63,63,63,63,63,63,38,38,20,20,20,20,15,15,15,56,56,56,56,56,56,56,47,47,47,40,40,40,40,40,40,40,63,63,63,58,48,48,48,48,59,59,61,61,63,65,65,65,49,65,65,70,80,82],"gold":41,"neow_bonus":"THREE_ENEMY_KILL","is_daily":false,"chose_seed":true,"campfire_upgraded":8,"win_rate":0.0,"timestamp":1614438478,"path_taken":["M","M","?","?","$","E","?","M","T","E","?","?","?","E","R","BOSS","M","$","?","?","M","R","E","R","T","E","$","R","M","E","R","BOSS","M","?","?","?","$","E","R","E","T","E","R","E","?","?","R","BOSS","R","$","E","BOSS"],"items_purchased_type":["Relic","Card","Card","Card","Potion","Card","Potion","Potion"],"build_version":"2020-12-22","purchased_purges":5,"victory":true,"max_hp_per_floor":[70,70,70,70,70,70,70,70,70,70,70,70,70,70,70,70,70,70,70,70,70,70,70,70,70,70,70,70,70,70,70,70,70,70,70,70,70,70,70,70,70,70,70,70,70,70,70,70,70,70,70,70,75,85,85],"card_choices":[{"not_picked":["Blade Dance","Poisoned Stab"],"picked":"Backstab","floor":1.0},{"not_picked":["Noxious Fumes","Deadly Poison","Flying Knee"],"picked":"SKIP","floor":2.0},{"not_picked":["Sucker Punch","Catalyst"],"picked":"Malaise","floor":6.0},{"not_picked":["Masterful Stab","Prepared"],"picked":"Flechettes","floor":7.0},{"not_picked":["Deflect","Deadly Poison","Quick Slash"],"picked":"SKIP","floor":8.0},{"not_picked":["Masterful Stab","Sucker Punch"],"picked":"Venomology","floor":10.0},{"not_picked":["Finisher","Predator"],"picked":"Cloak And Dagger","floor":14.0},{"not_picked":["Deflect","Dash"],"picked":"PiercingWail+1","floor":18.0},{"not_picked":["Heel Hook","Escape Plan","Bane"],"picked":"SKIP","floor":21.0},{"not_picked":["Heel Hook","Escape Plan","Bane"],"picked":"SKIP","floor":21.0},{"not_picked":["Infinite Blades","Deadly Poison"],"picked":"Concentrate+1","floor":22.0},{"not_picked":["Bouncing Flask+1","Cloak And Dagger"],"picked":"Calculated Gamble","floor":24.0},{"not_picked":["Masterful Stab","Outmaneuver"],"picked":"Acrobatics+1","floor":27.0},{"not_picked":["Blade Dance","Calculated Gamble","Backflip"],"picked":"SKIP","floor":30.0},{"not_picked":["Catalyst","Dagger Spray"],"picked":"Footwork","floor":31.0},{"not_picked":["Adrenaline","Glass Knife"],"picked":"Burst","floor":33.0},{"not_picked":["Blade Dance","Dagger Throw+1"],"picked":"Prepared+1","floor":35.0},{"not_picked":["Panache","Enlightenment"],"picked":"Apotheosis","floor":38.0},{"not_picked":["Bandage Up","Swift Strike"],"picked":"Panacea","floor":38.0},{"not_picked":["Masterful Stab+1","Quick Slash+1","Outmaneuver+1"],"picked":"SKIP","floor":40.0},{"not_picked":["Storm of Steel","Backstab","Setup+1"],"picked":"SKIP","floor":42.0},{"not_picked":["Die Die Die","Underhanded Strike"],"picked":"Blade Dance+1","floor":44.0},{"not_picked":["Concentrate+1","Footwork","Flying Knee+1"],"picked":"SKIP","floor":46.0},{"not_picked":["Sucker Punch+1","Flying Knee+1"],"picked":"Phantasmal Killer+1","floor":54}],"player_experience":262152,"relics_obtained":[{"floor":6.0,"key":"Old Coin"},{"floor":10.0,"key":"Mummified Hand"},{"floor":12.0,"key":"Dream Catcher"},{"floor":14.0,"key":"Oddly Smooth Stone"},{"floor":24.0,"key":"CeramicFish"},{"floor":26.0,"key":"Snake Skull"},{"floor":27.0,"key":"Centennial Puzzle"},{"floor":31.0,"key":"Meat on the Bone"},{"floor":37.0,"key":"Pocketwatch"},{"floor":40.0,"key":"TungstenRod"},{"floor":42.0,"key":"Blood Vial"},{"floor":43.0,"key":"Thread and Needle"},{"floor":44.0,"key":"Toxic Egg 2"},{"floor":46.0,"key":"StoneCalendar"},{"floor":47.0,"key":"Ice Cream"},{"floor":48.0,"key":"Potion Belt"},{"floor":54,"key":"Pear"}],"event_choices":[{"damage_healed":0.0,"max_hp_gain":0.0,"max_hp_loss":0.0,"gold_gain":175.0,"event_name":"Liars Game","player_choice":"AGREE","floor":3.0,"gold_loss":0.0,"damage_taken":0.0,"cards_obtained":["Doubt"]},{"damage_healed":0.0,"max_hp_gain":0.0,"max_hp_loss":0.0,"gold_gain":0.0,"event_name":"Match and Keep!","player_choice":"1 cards matched","floor":4.0,"gold_loss":0.0,"damage_taken":0.0,"cards_obtained":["Adrenaline"]},{"cards_removed":["Strike_G"],"damage_healed":0.0,"max_hp_gain":0.0,"max_hp_loss":0.0,"gold_gain":0.0,"event_name":"Living Wall","player_choice":"Forget","floor":11.0,"gold_loss":0.0,"damage_taken":0.0},{"damage_healed":0.0,"max_hp_gain":0.0,"max_hp_loss":0.0,"gold_gain":0.0,"event_name":"NoteForYourself","player_choice":"Ignored","floor":20.0,"gold_loss":0.0,"damage_taken":0.0},{"cards_removed":["Neutralize"],"damage_healed":0.0,"max_hp_gain":0.0,"max_hp_loss":0.0,"gold_gain":0.0,"event_name":"Falling","player_choice":"Removed Attack","floor":36.0,"gold_loss":0.0,"damage_taken":0.0},{"damage_healed":0.0,"max_hp_gain":0.0,"max_hp_loss":0.0,"gold_gain":0.0,"event_name":"Mysterious Sphere","player_choice":"Fight","floor":37.0,"gold_loss":0.0,"damage_taken":0.0},{"damage_healed":0.0,"max_hp_gain":0.0,"max_hp_loss":0.0,"gold_gain":0.0,"event_name":"SensoryStone","player_choice":"Memory 3","floor":38.0,"gold_loss":0.0,"damage_taken":10.0},{"damage_healed":0.0,"max_hp_gain":0.0,"max_hp_loss":0.0,"gold_gain":0.0,"event_name":"MindBloom","player_choice":"Fight","floor":47.0,"gold_loss":0.0,"damage_taken":0.0}],"is_beta":false,"boss_relics":[{"not_picked":["Snecko Eye","Busted Crown"],"picked":"Coffee Dripper"},{"not_picked":["Velvet Choker","Cursed Key"],"picked":"Ring of the Serpent"}],"items_purged_floors":[5,13,19,28,39],"is_endless":false,"potions_floor_spawned":[6,7,8,10,21,22,27,30,37,42,47],"ascension_level":9}}