{"host":"b34lfm0pg36jv5no","time":1614451299,"event":{"mods":["BaseMod","Bestiary","Colored Map","Dark Map","Minty Spire (QoL Compilation)","Relic Stats","ojb\u0027s Info Mod"],"gold_per_floor":[119,132,152,167,180,215,215,232,232,132,132,151,151,182,182,279,279,291,135,148,174,187,187,197,229,254,274,302,302,314,343,343,446,446,457,471,484,236,286,286,300,331,331,359,113,113,138,156,156,156,156,156,11,40,40],"floor_reached":56,"language":"ENG","playtime":8240,"items_purged":["Strike_R","Strike_R"],"score":1788,"play_id":"fbc29006-26af-4658-bfb9-2e36ab4075cd","local_time":"20210227184139","is_ascension_mode":true,"campfire_choices":[{"data":"Armaments","floor":7,"key":"SMITH"},{"data":"Bash","floor":13,"key":"SMITH"},{"data":"Clothesline","floor":15,"key":"SMITH"},{"data":"Offering","floor":23,"key":"SMITH"},{"data":"Uppercut","floor":32,"key":"SMITH"},{"data":"Berserk","floor":40,"key":"SMITH"},{"data":"Corruption","floor":46,"key":"SMITH"},{"floor":49,"key":"RECALL"},{"data":"Shrug It Off","floor":52,"key":"SMITH"}],"circlet_count":0,"master_deck":["Strike_R","Defend_R","Defend_R","Defend_R","Defend_R","Bash+1","Berserk+1","Hemokinesis+1","Clothesline+1","Armaments+1","Pommel Strike+1","Shrug It Off","Exhume","Corruption+1","True Grit+1","Battle Trance+1","Offering+1","Thunderclap+1","Pommel Strike+1","Dual Wield+1","Uppercut+1","Whirlwind+1","Reaper","Shockwave+1","Shrug It Off+1","Seeing Red+1","Power Through","Offering","Inflame"],"relics":["Burning Blood","Pen Nib","Kunai","Incense Burner","Vajra","Coffee Dripper","Orrery","Red Mask","Pocketwatch","MealTicket","Singing Bowl","Bronze Scales","Philosopher\u0027s Stone","Lantern","Ice Cream","Bag of Marbles","Anchor","Paper Frog","Whetstone","Bottled Tornado"],"acts_visited":["Exordium","TheCity","TheBeyond","TheEnding"],"potions_floor_usage":[14,18,28,31,33,37,55,55,55],"damage_taken":[{"damage":2,"enemies":"Cultist","floor":1,"turns":3},{"damage":0,"enemies":"2 Louse","floor":2,"turns":2},{"damage":2,"enemies":"Small Slimes","floor":3,"turns":3},{"damage":3,"enemies":"3 Louse","floor":4,"turns":4},{"damage":2,"enemies":"Large Slime","floor":5,"turns":4},{"damage":11,"enemies":"Gremlin Nob","floor":6,"turns":3},{"damage":6,"enemies":"2 Fungi Beasts","floor":8,"turns":4},{"damage":7,"enemies":"Exordium Wildlife","floor":12,"turns":4},{"damage":19,"enemies":"3 Sentries","floor":14,"turns":10},{"damage":19,"enemies":"Hexaghost","floor":16,"turns":9},{"damage":7,"enemies":"Spheric Guardian","floor":18,"turns":5},{"damage":3,"enemies":"3 Byrds","floor":20,"turns":6},{"damage":12,"enemies":"Masked Bandits","floor":21,"turns":4},{"damage":6,"enemies":"Centurion and Healer","floor":22,"turns":8},{"damage":8,"enemies":"Snecko","floor":24,"turns":5},{"damage":11,"enemies":"Gremlin Leader","floor":25,"turns":7},{"damage":6,"enemies":"Shelled Parasite and Fungi","floor":27,"turns":6},{"damage":9,"enemies":"Slavers","floor":28,"turns":5},{"damage":6,"enemies":"3 Cultists","floor":30,"turns":5},{"damage":15,"enemies":"Gremlin Leader","floor":31,"turns":8},{"damage":31,"enemies":"Champ","floor":33,"turns":8},{"damage":9,"enemies":"3 Shapes","floor":35,"turns":3},{"damage":24,"enemies":"3 Darklings","floor":36,"turns":4},{"damage":16,"enemies":"Jaw Worm Horde","floor":37,"turns":3},{"damage":7,"enemies":"Mind Bloom Boss Battle","floor":39,"turns":5},{"damage":6,"enemies":"Sphere and 2 Shapes","floor":41,"turns":5},{"damage":11,"enemies":"Reptomancer","floor":42,"turns":5},{"damage":33,"enemies":"Nemesis","floor":44,"turns":6},{"damage":12,"enemies":"Reptomancer","floor":47,"turns":2},{"damage":6,"enemies":"3 Darklings","floor":48,"turns":2},{"damage":28,"enemies":"Time Eater","floor":50,"turns":6},{"damage":29,"enemies":"Shield and Spear","floor":54,"turns":5},{"damage":58,"enemies":"The Heart","floor":55,"turns":5}],"seed_played":"8531798553853270351","potions_obtained":[{"floor":1,"key":"Weak Potion"},{"floor":4,"key":"ElixirPotion"},{"floor":8,"key":"PowerPotion"},{"floor":12,"key":"ColorlessPotion"},{"floor":14,"key":"Explosive Potion"},{"floor":20,"key":"Energy Potion"},{"floor":22,"key":"BloodPotion"},{"floor":27,"key":"CultistPotion"},{"floor":28,"key":"Swift Potion"},{"floor":31,"key":"Regen Potion"},{"floor":36,"key":"Dexterity Potion"},{"floor":39,"key":"GamblersBrew"},{"floor":42,"key":"Strength Potion"}],"is_trial":false,"path_per_floor":["M","M","M","M","M","E","R","M","T","$","?","M","R","E","R","B",null,"M","$","M","?","M","R","M","E","T","M","E","?","M","E","R","B",null,"M","M","M","$","?","R","M","E","T","E","$","R","E","M","R","B",null,"R","$","E","B",null],"character_chosen":"IRONCLAD","items_purchased":["Shrug It Off","Orrery","Lantern","Paper Frog","Offering"],"campfire_rested":0,"item_purchase_floors":[10,19,38,45,53],"current_hp_per_floor":[55,61,65,68,72,67,67,67,67,67,67,66,66,53,53,40,70,69,69,72,66,66,66,64,59,59,59,56,56,58,49,49,24,68,82,84,76,86,86,86,88,88,88,72,87,87,92,92,92,75,88,88,92,76,63],"gold":40,"neow_bonus":"TRANSFORM_TWO_CARDS","is_daily":false,"chose_seed":false,"campfire_upgraded":8,"win_rate":0.0,"timestamp":1614451299,"path_taken":["M","?","M","M","M","E","R","M","T","$","?","M","R","E","R","BOSS","M","$","M","?","M","R","M","E","T","M","E","?","?","E","R","BOSS","M","M","M","$","?","R","M","E","T","E","$","R","E","M","R","BOSS","R","$","E","BOSS"],"items_purchased_type":["Card","Relic","Relic","Relic","Card"],"build_version":"2020-12-22","purchased_purges":2,"victory":true,"max_hp_per_floor":[80,80,80,80,80,80,80,80,80,80,80,80,80,80,80,80,80,80,80,80,80,80,80,80,80,80,80,80,80,82,82,82,82,82,84,84,86,86,86,86,88,90,90,90,90,90,92,92,92,92,92,92,92,92,92],"relic_stats":{"Singing Bowl":12,"counters":[33,164],"Bronze Scales":[184],"MealTicket":29,"Pen Nib":[29],"Kunai":[49],"Whetstone":["Pommel Strike","Hemokinesis"],"obtain_stats":[{"Ice Cream":39,"Lantern":38,"Singing Bowl":28,"Vajra":14,"Pen Nib":6,"Incense Burner":11,"Whetstone":47,"Bottled Tornado":54,"Burning Blood":0,"Anchor":44,"Bronze Scales":31,"Orrery":19,"MealTicket":26,"Philosopher\u0027s Stone":34,"Coffee Dripper":17,"Red Mask":21,"Bag of Marbles":42,"Kunai":9,"Pocketwatch":25,"Paper Frog":45},{"Ice Cream":25,"Lantern":24,"Singing Bowl":18,"Vajra":9,"Pen Nib":6,"Incense Burner":7,"Whetstone":29,"Bottled Tornado":32,"Burning Blood":0,"Anchor":28,"Bronze Scales":20,"Orrery":11,"MealTicket":16,"Philosopher\u0027s Stone":21,"Coffee Dripper":10,"Red Mask":13,"Bag of Marbles":27,"Kunai":7,"Pocketwatch":16,"Paper Frog":28},{"Ice Cream":128,"Lantern":123,"Singing Bowl":92,"Vajra":37,"Pen Nib":19,"Incense Burner":23,"Whetstone":146,"Bottled Tornado":159,"Burning Blood":0,"Anchor":144,"Bronze Scales":105,"Orrery":51,"MealTicket":81,"Philosopher\u0027s Stone":113,"Coffee Dripper":46,"Red Mask":61,"Bag of Marbles":138,"Kunai":23,"Pocketwatch":81,"Paper Frog":144}],"Burning Blood":177,"Pocketwatch":[51]},"card_choices":[{"not_picked":["Rupture","Flex"],"picked":"Clothesline","floor":1},{"not_picked":["Havoc","Metallicize"],"picked":"Armaments","floor":2},{"not_picked":["Hemokinesis","Flex","Entrench"],"picked":"SKIP","floor":3},{"not_picked":["Hemokinesis","Flex","Entrench"],"picked":"SKIP","floor":3},{"not_picked":["Wild Strike","Thunderclap","Infernal Blade"],"picked":"SKIP","floor":4},{"not_picked":["Searing Blow","Pummel"],"picked":"Pommel Strike","floor":5},{"not_picked":["Bludgeon","Wild Strike","True Grit"],"picked":"SKIP","floor":6},{"not_picked":["Wild Strike","Rampage","True Grit"],"picked":"SKIP","floor":8},{"not_picked":["Iron Wave","Infernal Blade"],"picked":"Exhume","floor":12},{"not_picked":["Pommel Strike","Body Slam","Armaments"],"picked":"SKIP","floor":14},{"not_picked":["Demon Form","Exhume"],"picked":"Corruption","floor":16},{"not_picked":["Combust+1","Rupture"],"picked":"True Grit+1","floor":18},{"not_picked":["Evolve","Thunderclap"],"picked":"Battle Trance+1","floor":19},{"not_picked":["Twin Strike","Havoc+1"],"picked":"Offering","floor":19},{"not_picked":["Burning Pact","True Grit+1"],"picked":"Thunderclap+1","floor":19},{"not_picked":["Perfected Strike","Sword Boomerang","Twin Strike"],"picked":"SKIP","floor":20},{"not_picked":["Entrench","Evolve","Dark Embrace"],"picked":"SKIP","floor":22},{"not_picked":["Entrench","Evolve","Dark Embrace"],"picked":"SKIP","floor":22},{"not_picked":["Shrug It Off","Infernal Blade"],"picked":"Pommel Strike+1","floor":24},{"not_picked":["Searing Blow","Combust","Twin Strike"],"picked":"SKIP","floor":25},{"not_picked":["Berserk","Armaments"],"picked":"Dual Wield+1","floor":27},{"not_picked":["Havoc","Wild Strike+1"],"picked":"Uppercut","floor":28},{"not_picked":["Clash","Flex","Pommel Strike"],"picked":"Singing Bowl","floor":30},{"not_picked":["Dual Wield","Shockwave"],"picked":"Whirlwind+1","floor":31},{"not_picked":["Fiend Fire","Juggernaut"],"picked":"Reaper","floor":33},{"not_picked":["Body Slam","Metallicize+1","Whirlwind+1"],"picked":"Singing Bowl","floor":35},{"not_picked":["Rampage","Havoc"],"picked":"Shockwave+1","floor":36},{"not_picked":["Shockwave+1","Armaments+1","Fire Breathing+1"],"picked":"Singing Bowl","floor":37},{"not_picked":["Headbutt","True Grit"],"picked":"Shrug It Off","floor":39},{"not_picked":["Corruption","Perfected Strike+1","Twin Strike+1"],"picked":"Singing Bowl","floor":41},{"not_picked":["Thunderclap+1","Cleave","Flex"],"picked":"Singing Bowl","floor":42},{"not_picked":["Bloodletting","Wild Strike+1"],"picked":"Seeing Red+1","floor":44},{"not_picked":["Combust","Flex","Clash+1"],"picked":"Singing Bowl","floor":47},{"not_picked":["Shrug It Off","Iron Wave"],"picked":"Power Through","floor":48},{"not_picked":["Body Slam+1","Sever Soul+1"],"picked":"Inflame","floor":54}],"player_experience":2736002,"relics_obtained":[{"floor":6,"key":"Pen Nib"},{"floor":9,"key":"Kunai"},{"floor":14,"key":"Vajra"},{"floor":21,"key":"Red Mask"},{"floor":25,"key":"Pocketwatch"},{"floor":26,"key":"MealTicket"},{"floor":28,"key":"Singing Bowl"},{"floor":31,"key":"Bronze Scales"},{"floor":39,"key":"Ice Cream"},{"floor":42,"key":"Bag of Marbles"},{"floor":44,"key":"Anchor"},{"floor":47,"key":"Whetstone"},{"floor":54,"key":"Bottled Tornado"}],"event_choices":[{"damage_healed":0,"gold_gain":0,"player_choice":"Gave Potion","damage_taken":0,"relics_obtained":["Incense Burner"],"max_hp_gain":0,"max_hp_loss":0,"event_name":"WeMeetAgain","floor":11,"gold_loss":0},{"damage_healed":0,"gold_gain":0,"player_choice":"Fought Bandits","damage_taken":0,"max_hp_gain":0,"max_hp_loss":0,"event_name":"Masked Bandits","floor":21,"gold_loss":0},{"damage_healed":0,"gold_gain":0,"player_choice":"0 cards matched","damage_taken":0,"max_hp_gain":0,"max_hp_loss":0,"event_name":"Match and Keep!","floor":29,"gold_loss":0,"cards_obtained":[]},{"damage_healed":0,"gold_gain":0,"player_choice":"Fight","damage_taken":0,"max_hp_gain":0,"max_hp_loss":0,"event_name":"MindBloom","floor":39,"gold_loss":0}],"is_beta":false,"boss_relics":[{"not_picked":["Velvet Choker","Fusion Hammer"],"picked":"Coffee Dripper"},{"not_picked":["Runic Dome","Cursed Key"],"picked":"Philosopher\u0027s Stone"}],"items_purged_floors":[10,38],"is_endless":false,"potions_floor_spawned":[1,4,8,12,14,20,22,27,28,30,31,36,39,41,42,48],"ascension_level":9}}