{"host":"vhikgave70uorr7d","time":1614393586,"event":{"mods":["100% Spire Juice","Ascension Reborn","Ascension Unlocker","BaseMod","Beaked The Cultist","Better Altar","Better Match","Better Note","Better Sensory Stone","Better Skull","Better Third Choice","BetterRewards","Colored Powertips","Dark Map","Defuse TimeMaze Blight","Downfall","Energized Spire","Evolution","Googly Eyes","Highlight Path","Hubris","Infinite Spire","Minty Spire (QoL Compilation)","MostiFishMod","Permanent Neow","Poor People Problems","Quick Restart","Rare Cards Sparkle","Reliquary","Remove Card Discount Mod","Replay The Spire","Small Relic Pack","Spicy Shops","StSLib","The Alterego","The Blue Laboratory","The Bug Knight","The Construct","The Hayseed","The Hierophant","The Runesmith","The Servant 0.9.4","The Vixen","The Wild Card","TheVacant","Transform Curses"],"gold_per_floor":[113,126,107,107,127,154,154,218,294,294,294,294,304,315,315,413,413,427,445,464,424,424,454,454,454,454,454,473,473,508,519,519,622,622,638,414,626,626,641,666,678,678,678,678,678,778,805,702,702,702,702,702,554,585,585],"floor_reached":56,"language":"ENG","playtime":5384,"items_purged":["Runesmith:Defend_RS","Runesmith:Defend_RS","Runesmith:Defend_RS","Runesmith:Strike_RS","Runesmith:CraftFirestone","Runesmith:Strike_RS","Runesmith:Strike_RS","Runesmith:Strike_RS","Decay","Runesmith:HeatExchange+1","Runesmith:HeatedChisel+1","Runesmith:EnergizedChisel+1","Runesmith:FieryHammer+1","Runesmith:Fortify+1","Runesmith:Fortify+1","Runesmith:CraftProtectio+1","Runesmith:CraftVitae","Runesmith:ReplicatingBarrier","MostiFishMod:EE1D","MostiFishMod:EE1D"],"score":1473,"play_id":"db1e5294-8c30-4c61-98f0-3612ea7be0a4","local_time":"20210226213946","is_ascension_mode":true,"campfire_choices":[{"data":"Runesmith:Fortify","floor":7,"key":"SMITH"},{"data":"Runesmith:CraftMagma","floor":12,"key":"SMITH"},{"data":"Runesmith:Fortify","floor":15,"key":"SMITH"},{"floor":27,"key":"RECALL"},{"data":"Runesmith:Firestorm","floor":29,"key":"SMITH"},{"data":"Runesmith:PerfectChisel","floor":32,"key":"SMITH"},{"data":"hubris:InfiniteBlow+8","floor":42,"key":"SMITH"},{"data":"Runesmith:GrandSlam","floor":44,"key":"SMITH"},{"data":"hubris:InfiniteBlow+9","floor":49,"key":"SMITH"},{"data":"hubris:InfiniteBlow+10","floor":49,"key":"SMITH"},{"data":"hubris:InfiniteBlow+11","floor":52,"key":"SMITH"},{"data":"hubris:InfiniteBlow+12","floor":52,"key":"SMITH"}],"circlet_count":0,"master_deck":["Runesmith:PerfectChisel+1","Runesmith:CraftMagma+1","Runesmith:RuneHurl+1","Runesmith:CreatorForm","Runesmith:Firestorm+1","Runesmith:PoweredAnvil+1","Runesmith:Grindstone+1","MostiFishMod:EE1D+1","hubris:InfiniteBlow+13","Runesmith:GrandSlam+1","Double Tap+1","Runesmith:UnlimitedPower","Runesmith:Firestorm+1","Runesmith:CraftIndustria"],"relics":["EVO:Axolotl","DaveBox","SynthV:TestCard","Nloth\u0027s Gift","ChiXiaoBlade","Runesmith:MiniCore","Whetstone","reliquary:RosewoodLute","Snack Pack","m_RuneBlood","ExusiaiGun","hubris:DisguiseKit","ReplayTheSpireMod:CursedCoin","reliquary:WritOfMandamus","hubris:MobiusCoin","Quantum Egg","Mercury Hourglass","EE1DDrone","relicPack:InfinityGauntlet","reliquary:Bookmark","reliquary:BrokenClock","DianDianMeat","Bottled Lightning","Regal Pillow","Gambling Chip","Replay:Arrowhead","War Paint","Blood Vial"],"acts_visited":["Exordium","TheCity","TheBeyond","TheEnding"],"potions_floor_usage":[],"damage_taken":[{"damage":3,"enemies":"2 Louse","floor":1,"turns":2},{"damage":0,"enemies":"Small Slimes","floor":2,"turns":4},{"damage":2,"enemies":"Jaw Worm","floor":5,"turns":3},{"damage":22,"enemies":"Lagavulin","floor":6,"turns":4},{"damage":4,"enemies":"Looter","floor":13,"turns":3},{"damage":0,"enemies":"Exordium Thugs","floor":14,"turns":3},{"damage":14,"enemies":"Slime Boss","floor":16,"turns":7},{"damage":0,"enemies":"Spheric Guardian","floor":18,"turns":3},{"damage":4,"enemies":"Shell Parasite","floor":19,"turns":2},{"damage":16,"enemies":"Shelled Parasite and Fungi","floor":20,"turns":2},{"damage":0,"enemies":"Sentry and Sphere","floor":28,"turns":2},{"damage":1,"enemies":"Gremlin Leader","floor":30,"turns":2},{"damage":0,"enemies":"3 Cultists","floor":31,"turns":3},{"damage":0,"enemies":"Collector","floor":33,"turns":3},{"damage":0,"enemies":"Orb Walker","floor":35,"turns":2},{"damage":10,"enemies":"3 Darklings","floor":37,"turns":2},{"damage":0,"enemies":"Spire Growth","floor":39,"turns":1},{"damage":0,"enemies":"Reptomancer","floor":40,"turns":2},{"damage":0,"enemies":"Transient","floor":41,"turns":3},{"damage":0,"enemies":"Nemesis","floor":47,"turns":1},{"damage":0,"enemies":"Donu and Deca","floor":50,"turns":4},{"damage":0,"enemies":"Shield and Spear","floor":54,"turns":2},{"damage":54,"enemies":"The Heart","floor":55,"turns":7}],"seed_played":"-277544339317079871","potions_obtained":[{"floor":1,"key":"blueLaboratory:BottledHope"},{"floor":2,"key":"DistilledChaos"},{"floor":28,"key":"Strength Potion"}],"is_trial":false,"path_per_floor":["M","M","$","?","M","E","R","?","T","?","?","R","M","M","R","B",null,"M","M","M","?","T","$","?","AVR","T","R","M","R","E","M","R","B",null,"M","$","M","AVR","M","E","M","R","T","R","?","?","E","$","R","B",null,"R","$","E","B",null],"character_chosen":"RUNESMITH_CLASS","items_purchased":["Runesmith:CraftMagma","Runesmith:MiniCore","ReplayTheSpireMod:CursedCoin","Runesmith:CraftVitae","Runesmith:PoweredAnvil","relicPack:InfinityGauntlet","reliquary:Bookmark","Gambling Chip","Runesmith:Firestorm+1","War Paint"],"campfire_rested":0,"item_purchase_floors":[3,3,23,23,23,36,36,48,48,53],"current_hp_per_floor":[67,67,67,67,65,43,43,43,43,28,28,28,29,34,34,23,70,70,69,64,64,64,64,64,64,64,64,70,70,70,70,70,70,70,70,70,70,70,70,71,73,73,73,73,73,73,76,80,80,80,80,80,80,85,50],"gold":585,"neow_bonus":"REMOVE_CARD","is_daily":false,"chose_seed":false,"campfire_upgraded":11,"win_rate":0.0,"timestamp":1614393586,"path_taken":["M","M","$","?","M","E","R","?","T","?","?","R","M","?","R","BOSS","M","M","M","?","?","$","?","AVR","T","R","M","R","E","M","R","BOSS","M","$","M","AVR","M","E","M","R","T","R","?","?","E","$","R","BOSS","R","$","E","BOSS"],"items_purchased_type":["Card","Relic","Relic","Card","Card","Relic","Relic","Relic","Card","Relic"],"build_version":"2020-12-22","purchased_purges":20,"victory":true,"max_hp_per_floor":[70,70,70,70,70,70,70,70,70,70,70,70,70,70,70,70,70,70,70,70,70,70,70,70,70,70,70,70,70,70,70,70,70,70,70,70,70,70,70,71,73,73,73,73,73,73,76,80,80,80,80,80,80,85,85],"card_choices":[{"not_picked":["Runesmith:HeatExchange","Runesmith:ChargedHammer"],"picked":"Runesmith:PerfectChisel","floor":1},{"not_picked":["Runesmith:HammerAndChisel","Runesmith:ChiselStab","Runesmith:CraftObretio","Runesmith:Superposition","Runesmith:ShiftingStrike"],"picked":"SKIP","floor":2},{"not_picked":["Runesmith:LastStand","Runesmith:ShiftingStrike","Runesmith:Permafrost","Runesmith:CraftReservo"],"picked":"Runesmith:RuneHurl","floor":5},{"not_picked":["Runesmith:Repurpose","Runesmith:Accelerate","Runesmith:MakeshiftArmor","Runesmith:NanitesCloud"],"picked":"Runesmith:EnergizedChisel","floor":6},{"not_picked":["Bash","Runesmith:Accelerate","Runesmith:DoubleUp","Runesmith:CraftObretio"],"picked":"Runesmith:CraftProtectio","floor":13},{"not_picked":["Runesmith:MakeshiftArmor","Runesmith:Grindstone","Runesmith:Duplicate","Runesmith:ChiselStab"],"picked":"Runesmith:Fortify","floor":14},{"not_picked":["Runesmith:CraftIndustria","Runesmith:Supernova","Runesmith:DuctTape","Runesmith:GenerateForcefield"],"picked":"Runesmith:CreatorForm","floor":16},{"not_picked":["Runesmith:Permafrost","Runesmith:Retool","Runesmith:Overpower+1","Runesmith:CraftReservo"],"picked":"Runesmith:HeatedChisel+1","floor":18},{"not_picked":["Runesmith:CraftProtectio","Runesmith:Empowerment","Runesmith:EarthShield","Runesmith:Overpower"],"picked":"Runesmith:HeatExchange+1","floor":19},{"not_picked":["Runesmith:ElementalConversion","Runesmith:Accelerate","Runesmith:Firewall","Runesmith:Augment"],"picked":"Runesmith:Firestorm","floor":20},{"not_picked":["Runesmith:Reinforce","Runesmith:Permafrost","Runesmith:CraftReservo+1","Runesmith:UnstableHammer","Runesmith:MakeshiftArmor","Flex"],"picked":"SKIP","floor":28},{"not_picked":["Runesmith:CraftMedicinae","Runesmith:CraftProtectio","Runesmith:Retool","Runesmith:HammerThrow","Fire Breathing"],"picked":"Runesmith:Grindstone+1","floor":30},{"not_picked":["Runesmith:Attraction+1","Runesmith:Permafrost+1","Runesmith:Reinforce+1","Runesmith:CraftMedicinae","Runesmith:Overpower+1","Body Slam"],"picked":"SKIP","floor":31},{"not_picked":["Runesmith:RuneHurl","Runesmith:Augment+1","Runesmith:Grindstone+1","Runesmith:MetallurgicalResearch","Runesmith:CraftProtectio","Anger"],"picked":"SKIP","floor":35},{"not_picked":["Runesmith:BackupBattery+1","Runesmith:ChiselStab+1","Runesmith:Overpower","Runesmith:Permafrost","Runesmith:EarthShield+1","Run Through"],"picked":"SKIP","floor":37},{"not_picked":["Runesmith:EnergizedChisel+1","Runesmith:CraftProtectio+1","Runesmith:HeatExchange+1","Runesmith:RuneHurl","Entrench"],"picked":"Runesmith:ReplicatingBarrier","floor":39},{"not_picked":["Runesmith:CraftProtectio","Runesmith:HeatedChisel","Runesmith:Malloc+1","Runesmith:ArcReactor","Headbutt"],"picked":"Runesmith:GrandSlam","floor":40},{"not_picked":["Runesmith:CraftReservo","Runesmith:ChargedHammer","Runesmith:ChiselStab+1","Runesmith:UnstableHammer","Runesmith:Grindstone"],"picked":"Double Tap","floor":41},{"not_picked":["Runesmith:Grindstone+1","Runesmith:BackupBattery","Runesmith:RuneHurl","Runesmith:CraftMagma+1","Warcry"],"picked":"Runesmith:UnlimitedPower","floor":47},{"not_picked":["Runesmith:LithiumIon","Runesmith:CraftProtectio+1","Runesmith:NegativeSpace+1","Runesmith:StaticCage+1","Run Through"],"picked":"Runesmith:CraftIndustria","floor":54}],"player_experience":325444,"relics_obtained":[{"floor":1,"key":"SynthV:TestCard"},{"floor":6,"key":"Whetstone"},{"floor":22,"key":"hubris:DisguiseKit"},{"floor":26,"key":"Quantum Egg"},{"floor":30,"key":"Mercury Hourglass"},{"floor":40,"key":"DianDianMeat"},{"floor":43,"key":"Bottled Lightning"},{"floor":47,"key":"Regal Pillow"},{"floor":54,"key":"Blood Vial"}],"event_choices":[{"damage_healed":0,"gold_gain":64,"player_choice":"Gained Gold","damage_taken":0,"max_hp_gain":0,"max_hp_loss":0,"event_name":"Golden Wing","floor":8,"gold_loss":0},{"damage_healed":0,"gold_gain":1,"player_choice":"Relic Relic ","damage_taken":15,"max_hp_gain":0,"max_hp_loss":0,"event_name":"betterThird:BetterScrap","floor":10,"gold_loss":0,"cards_obtained":["MostiFishMod:Listen"]},{"damage_healed":0,"gold_gain":0,"player_choice":"Upgraded Two","damage_taken":0,"max_hp_gain":0,"max_hp_loss":0,"event_name":"Designer","floor":21,"gold_loss":40,"cards_upgraded":["Runesmith:EnergizedChisel","Runesmith:CraftProtectio"]},{"damage_healed":0,"gold_gain":0,"player_choice":"Forge","damage_taken":0,"max_hp_gain":0,"max_hp_loss":0,"event_name":"Accursed Blacksmith","floor":24,"gold_loss":0,"cards_upgraded":["Runesmith:PoweredAnvil"]},{"damage_healed":0,"gold_gain":100,"player_choice":"Pray","damage_taken":0,"max_hp_gain":0,"max_hp_loss":0,"event_name":"Golden Shrine","floor":46,"gold_loss":0}],"is_beta":false,"boss_relics":[{"not_picked":["energizedSpire:DeadBattery","ChewingGum"],"picked":"ExusiaiGun"},{"not_picked":["JellyFishMachine","Tiny House"],"picked":"EE1DDrone"}],"items_purged_floors":[3,3,3,3,3,3,3,3,23,23,23,23,23,23,23,36,48,48,53,53],"is_endless":false,"potions_floor_spawned":[1,2,13,14,16,18,28,31,39,41],"ascension_level":0}}