{"host":"n2sr453jcjz6vvl4","time":1614390670,"event":{"mods":["BaseMod","Colored Map","Minty Spire (QoL Compilation)","Permanent Neow","Relic Stats","StSLib"],"gold_per_floor":[359,359,378,398,8,8,37,37,37,37,56,76,76,87,87,87,87],"floor_reached":16,"language":"ENG","playtime":3144,"items_purged":[],"score":128,"play_id":"0e969492-3b97-49ff-81aa-9b79d9437805","local_time":"20210226215110","is_ascension_mode":true,"campfire_choices":[{"floor":6.0,"key":"REST"},{"data":"Blade Dance","floor":8.0,"key":"SMITH"},{"data":"Well Laid Plans","floor":10.0,"key":"SMITH"},{"floor":15,"key":"REST"}],"circlet_count":0,"master_deck":["Strike_G","Strike_G","Strike_G","Strike_G","Defend_G","Defend_G","Defend_G","Defend_G","Defend_G","Survivor","Neutralize","Well Laid Plans+1","Terror","Sucker Punch","Blade Dance+1","Blur","Dodge and Roll","Dash"],"relics":["Ring of the Snake","Mummified Hand","Happy Flower","Ice Cream","Calipers"],"acts_visited":["Exordium"],"potions_floor_usage":[],"damage_taken":[{"damage":0.0,"enemies":"Cultist","floor":1.0,"turns":3.0},{"damage":7.0,"enemies":"2 Louse","floor":3.0,"turns":3.0},{"damage":3.0,"enemies":"Jaw Worm","floor":4.0,"turns":4.0},{"damage":21.0,"enemies":"3 Sentries","floor":7.0,"turns":16.0},{"damage":7.0,"enemies":"Exordium Thugs","floor":11.0,"turns":4.0},{"damage":18.0,"enemies":"Exordium Wildlife","floor":12.0,"turns":4.0},{"damage":0,"enemies":"3 Louse","floor":14,"turns":5},{"damage":17,"enemies":"Hexaghost","floor":16,"turns":11}],"seed_played":"-7563098408145595620","potions_obtained":[{"floor":1.0,"key":"ColorlessPotion"},{"floor":7.0,"key":"Explosive Potion"},{"floor":12.0,"key":"BlessingOfTheForge"}],"is_trial":false,"path_per_floor":["M","?","M","M","$","R","E","R","T","R","M","M","?","M","R","B"],"character_chosen":"THE_SILENT","items_purchased":["Mummified Hand","Happy Flower"],"campfire_rested":2,"item_purchase_floors":[5,5],"current_hp_per_floor":[49,49,42,39,39,60,39,39,39,39,32,14,14,14,35,18,18],"gold":87,"neow_bonus":"TWO_FIFTY_GOLD","is_daily":false,"chose_seed":false,"campfire_upgraded":2,"win_rate":0.0,"timestamp":1614390670,"path_taken":["M","?","M","?","$","R","E","R","T","R","M","M","?","M","R","BOSS"],"items_purchased_type":["Relic","Relic"],"build_version":"2020-12-22","purchased_purges":0,"victory":false,"max_hp_per_floor":[70,70,70,70,70,70,70,70,70,70,70,70,70,70,70,70,70],"relic_stats":{"Happy Flower":[13],"counters":[8,50],"Mummified Hand":[5],"obtain_stats":[{"Ice Cream":7,"Calipers":9,"Happy Flower":5,"Mummified Hand":5,"Ring of the Snake":0},{"Ice Cream":4,"Calipers":4,"Happy Flower":3,"Mummified Hand":3,"Ring of the Snake":0},{"Ice Cream":26,"Calipers":26,"Happy Flower":10,"Mummified Hand":10,"Ring of the Snake":0}],"Ring of the Snake":[16]},"card_choices":[{"not_picked":["All Out Attack","PiercingWail"],"picked":"Well Laid Plans","floor":1.0},{"not_picked":["Escape Plan","Setup"],"picked":"Terror","floor":3.0},{"not_picked":["Finisher","Poisoned Stab"],"picked":"Sucker Punch","floor":4.0},{"not_picked":["Poisoned Stab","Outmaneuver"],"picked":"Blade Dance","floor":7.0},{"not_picked":["Dagger Spray","Catalyst"],"picked":"Blur","floor":11.0},{"not_picked":["Blade Dance","PiercingWail"],"picked":"Dodge and Roll","floor":12.0},{"not_picked":["Riddle With Holes","Escape Plan"],"picked":"Dash","floor":14}],"player_experience":257113,"relics_obtained":[{"floor":7.0,"key":"Ice Cream"},{"floor":9.0,"key":"Calipers"}],"event_choices":[{"cards_removed":["Strike_G"],"damage_healed":0.0,"max_hp_gain":0.0,"max_hp_loss":0.0,"gold_gain":0.0,"event_name":"Purifier","player_choice":"Purged","floor":2.0,"gold_loss":0.0,"damage_taken":0.0},{"damage_healed":0,"gold_gain":0,"player_choice":"Ignored","damage_taken":0,"max_hp_gain":0,"max_hp_loss":0,"event_name":"Liars Game","floor":13,"gold_loss":0}],"is_beta":false,"boss_relics":[],"items_purged_floors":[],"is_endless":false,"potions_floor_spawned":[1,7,12],"killed_by":"Hexaghost","ascension_level":5}}