{"host":"test","time":1614440138,"event":{"mods":["BaseMod","Bestiary","Colored Map","Colored Powertips","Minty Spire (QoL Compilation)","Relic Stats","Slay the Relics Exporter","SpireBot","StSLib","ojb\u0027s Better Paths Mod","ojb\u0027s Info Mod: The sequel"],"gold_per_floor":[213,227,227,7,32,32,32,67,67,92,130,130,168,193,193,292,292,310,330,380,393,393,393,417,417,443,443,479,77,77,90,90,189,189,210,22,22,41,59,100,124,124,198,231,231,256,256,256,256,256,256],"floor_reached":50,"language":"JPN","playtime":3005,"items_purged":["Strike_G"],"score":1130,"play_id":"10621854-6123-49db-baec-3635586e85a1","local_time":"20210228003538","is_ascension_mode":true,"campfire_choices":[{"data":"Dagger Spray","floor":6.0,"key":"SMITH"},{"data":"Neutralize","floor":12.0,"key":"SMITH"},{"data":"Deadly Poison","floor":15.0,"key":"SMITH"},{"floor":23.0,"key":"REST"},{"floor":25.0,"key":"REST"},{"floor":27.0,"key":"REST"},{"floor":32.0,"key":"REST"},{"floor":45.0,"key":"REST"},{"floor":47.0,"key":"REST"},{"floor":49.0,"key":"RECALL"}],"circlet_count":0,"master_deck":["AscendersBane","Strike_G","Strike_G","Strike_G","Strike_G","Defend_G","Defend_G","Defend_G+1","Defend_G","Survivor+1","Neutralize+1","Dagger Spray+1","Cloak And Dagger","Blade Dance","Deadly Poison+1","Infinite Blades","Poisoned Stab","Burst","Dagger Throw+1","Accuracy","Crippling Poison+1","Calculated Gamble","Outmaneuver","Venomology","Backflip+1","Noxious Fumes","Calculated Gamble","Bouncing Flask","Well Laid Plans","Deflect","Acrobatics","Clumsy","Cloak And Dagger+1"],"relics":["Ring of the Snake","Golden Idol","TwistedFunnel","Kunai","TungstenRod","War Paint","Potion Belt","Black Star","Bag of Preparation","The Courier","Nunchaku","The Specimen","Toolbox","Cursed Key","Happy Flower","Ancient Tea Set","CeramicFish","Snake Skull"],"acts_visited":["Exordium","TheCity","TheBeyond"],"potions_floor_usage":[50,50,50],"damage_taken":[{"damage":1.0,"enemies":"2 Louse","floor":1.0,"turns":3.0},{"damage":2.0,"enemies":"Jaw Worm","floor":2.0,"turns":6.0},{"damage":0.0,"enemies":"Small Slimes","floor":5.0,"turns":3.0},{"damage":22.0,"enemies":"Lagavulin","floor":8.0,"turns":6.0},{"damage":0.0,"enemies":"Exordium Thugs","floor":10.0,"turns":2.0},{"damage":0.0,"enemies":"Gremlin Nob","floor":11.0,"turns":3.0},{"damage":11.0,"enemies":"Lagavulin","floor":13.0,"turns":6.0},{"damage":0.0,"enemies":"3 Louse","floor":14.0,"turns":2.0},{"damage":4.0,"enemies":"The Guardian","floor":16.0,"turns":10.0},{"damage":4.0,"enemies":"Shell Parasite","floor":18.0,"turns":6.0},{"damage":12.0,"enemies":"Spheric Guardian","floor":19.0,"turns":6.0},{"damage":10.0,"enemies":"Snecko","floor":21.0,"turns":7.0},{"damage":24.0,"enemies":"Snake Plant","floor":24.0,"turns":5.0},{"damage":11.0,"enemies":"Slavers","floor":28.0,"turns":4.0},{"damage":10.0,"enemies":"Centurion and Healer","floor":31.0,"turns":6.0},{"damage":33.0,"enemies":"Collector","floor":33.0,"turns":6.0},{"damage":10.0,"enemies":"3 Darklings","floor":35.0,"turns":3.0},{"damage":0.0,"enemies":"Orb Walker","floor":38.0,"turns":4.0},{"damage":9.0,"enemies":"Writhing Mass","floor":39.0,"turns":8.0},{"damage":46.0,"enemies":"Giant Head","floor":40.0,"turns":8.0},{"damage":13.0,"enemies":"4 Shapes","floor":41.0,"turns":5.0},{"damage":8.0,"enemies":"Reptomancer","floor":44.0,"turns":4.0},{"damage":11.0,"enemies":"Transient","floor":46.0,"turns":6.0},{"damage":37,"enemies":"Time Eater","floor":50,"turns":9}],"seed_played":"-7284425191585389145","potions_obtained":[{"floor":2.0,"key":"PowerPotion"},{"floor":10.0,"key":"Block Potion"},{"floor":11.0,"key":"BlessingOfTheForge"},{"floor":13.0,"key":"FearPotion"},{"floor":16.0,"key":"Energy Potion"},{"floor":21.0,"key":"Strength Potion"},{"floor":28.0,"key":"AttackPotion"},{"floor":33.0,"key":"FairyPotion"},{"floor":35.0,"key":"SpeedPotion"},{"floor":38.0,"key":"GhostInAJar"},{"floor":41.0,"key":"Block Potion"},{"floor":44.0,"key":"LiquidBronze"}],"is_trial":false,"path_per_floor":["M","M","?","$","M","R","?","E","T","M","E","R","E","M","R","B",null,"M","M","?","M","?","R","M","R","T","R","E","$","?","M","R","B",null,"M","$","?","M","M","E","M","?","T","E","R","M","R","?","R","B"],"character_chosen":"THE_SILENT","items_purchased":["TwistedFunnel","AttackPotion","The Specimen","Toolbox","Noxious Fumes","Calculated Gamble"],"campfire_rested":6,"item_purchase_floors":[4,4,29,29,36,36],"current_hp_per_floor":[58,56,56,56,56,56,49,27,27,27,27,27,16,16,16,12,48,44,32,27,17,17,35,11,29,29,47,36,36,36,26,44,11,48,38,38,60,60,51,5,10,10,10,2,20,9,27,27,27,0,0],"gold":256,"neow_bonus":"HUNDRED_GOLD","is_daily":false,"chose_seed":true,"campfire_upgraded":3,"win_rate":0.0,"timestamp":1614440138,"path_taken":["M","M","?","$","M","R","?","E","T","M","E","R","E","M","R","BOSS","M","M","?","?","?","R","M","R","T","R","E","$","?","M","R","BOSS","M","$","?","M","M","E","?","?","T","E","R","M","R","?","R","BOSS"],"items_purchased_type":["Relic","Potion","Relic","Relic","Card","Card"],"build_version":"2020-12-18","purchased_purges":1,"victory":false,"max_hp_per_floor":[66,66,60,60,60,60,60,60,60,60,60,60,60,60,60,60,60,60,60,60,60,60,60,60,60,60,60,60,60,60,60,60,60,60,60,60,60,60,60,60,60,60,60,60,60,60,60,60,60,60,60],"relic_stats":{"Happy Flower":[8],"counters":[24,128],"Golden Idol":139,"CeramicFish":9,"Snake Skull":[28],"Bag of Preparation":[22],"War Paint":["Survivor","Defend_G"],"Cursed Key":1,"Nunchaku":[13],"Black Star":3,"Kunai":[48],"obtain_stats":[{"TwistedFunnel":4,"Potion Belt":13,"The Specimen":29,"Happy Flower":40,"Golden Idol":3,"CeramicFish":44,"The Courier":28,"Snake Skull":44,"Bag of Preparation":26,"War Paint":11,"Cursed Key":34,"Ancient Tea Set":40,"Nunchaku":28,"Toolbox":29,"Black Star":17,"Kunai":8,"TungstenRod":9,"Ring of the Snake":0},{"TwistedFunnel":2,"Potion Belt":7,"The Specimen":14,"Happy Flower":20,"Golden Idol":2,"CeramicFish":22,"The Courier":14,"Snake Skull":22,"Bag of Preparation":13,"War Paint":6,"Cursed Key":16,"Ancient Tea Set":20,"Nunchaku":14,"Toolbox":14,"Black Star":9,"Kunai":4,"TungstenRod":4,"Ring of the Snake":0},{"TwistedFunnel":9,"Potion Belt":29,"The Specimen":69,"Happy Flower":104,"Golden Idol":9,"CeramicFish":113,"The Courier":69,"Snake Skull":113,"Bag of Preparation":65,"War Paint":23,"Cursed Key":81,"Ancient Tea Set":104,"Nunchaku":69,"Toolbox":69,"Black Star":41,"Kunai":18,"TungstenRod":18,"Ring of the Snake":0}],"TungstenRod":49,"Ring of the Snake":[48]},"card_choices":[{"not_picked":["Slice","Prepared"],"picked":"Dagger Spray","floor":1.0},{"not_picked":["Flechettes","Expertise"],"picked":"Cloak And Dagger","floor":2.0},{"not_picked":["Flechettes","Slice"],"picked":"Blade Dance","floor":5.0},{"not_picked":["Heel Hook","Deflect"],"picked":"All Out Attack","floor":8.0},{"not_picked":["Outmaneuver","Dagger Throw"],"picked":"Deadly Poison","floor":10.0},{"not_picked":["Flying Knee","Slice","Predator"],"picked":"SKIP","floor":11.0},{"not_picked":["Quick Slash","Slice"],"picked":"Infinite Blades","floor":13.0},{"not_picked":["Heel Hook","Eviscerate"],"picked":"Poisoned Stab","floor":14.0},{"not_picked":["Tools of the Trade","A Thousand Cuts"],"picked":"Burst","floor":16.0},{"not_picked":["Acrobatics","Cloak And Dagger"],"picked":"Dagger Throw+1","floor":18.0},{"not_picked":["Sucker Punch","Dagger Throw","Quick Slash"],"picked":"SKIP","floor":19.0},{"not_picked":["Crippling Poison","Flying Knee"],"picked":"Accuracy","floor":21.0},{"not_picked":["Skewer+1","Dagger Spray"],"picked":"Crippling Poison","floor":24.0},{"not_picked":["Deflect","Flying Knee"],"picked":"Calculated Gamble","floor":28.0},{"not_picked":["Calculated Gamble","Riddle With Holes"],"picked":"Outmaneuver","floor":31.0},{"not_picked":["Envenom","Burst"],"picked":"Venomology","floor":33.0},{"not_picked":["Flying Knee","Bane"],"picked":"Backflip+1","floor":35.0},{"not_picked":["Terror+1","Acrobatics"],"picked":"Bouncing Flask","floor":38.0},{"not_picked":["Leg Sweep","Crippling Poison+1"],"picked":"Well Laid Plans","floor":39.0},{"not_picked":["Finisher","Underhanded Strike"],"picked":"Deflect","floor":40.0},{"not_picked":["Bouncing Flask","Deadly Poison+1"],"picked":"Acrobatics","floor":41.0},{"not_picked":["Poisoned Stab+1","Deadly Poison","Outmaneuver"],"picked":"SKIP","floor":44.0},{"not_picked":["Dash+1","Expertise"],"picked":"Cloak And Dagger+1","floor":46.0}],"player_experience":2148656,"relics_obtained":[{"floor":8.0,"key":"Kunai"},{"floor":9.0,"key":"TungstenRod"},{"floor":11.0,"key":"War Paint"},{"floor":13.0,"key":"Potion Belt"},{"floor":26.0,"key":"Bag of Preparation"},{"floor":28.0,"key":"The Courier"},{"floor":28.0,"key":"Nunchaku"},{"floor":40.0,"key":"Happy Flower"},{"floor":40.0,"key":"Ancient Tea Set"},{"floor":44.0,"key":"CeramicFish"},{"floor":44.0,"key":"Snake Skull"}],"event_choices":[{"damage_healed":0.0,"max_hp_gain":0.0,"max_hp_loss":6.0,"gold_gain":0.0,"event_name":"Golden Idol","player_choice":"Lose Max HP","floor":3.0,"gold_loss":0.0,"damage_taken":0.0,"relics_obtained":["Golden Idol"]},{"cards_removed":["Defend_G"],"damage_healed":0.0,"max_hp_gain":0.0,"max_hp_loss":0.0,"gold_gain":0.0,"event_name":"Golden Wing","player_choice":"Card Removal","floor":7.0,"gold_loss":0.0,"damage_taken":7.0},{"damage_healed":0.0,"max_hp_gain":0.0,"max_hp_loss":0.0,"gold_gain":50.0,"event_name":"FaceTrader","player_choice":"Touch","floor":20.0,"gold_loss":0.0,"damage_taken":6.0},{"damage_healed":0.0,"max_hp_gain":0.0,"max_hp_loss":0.0,"gold_gain":0.0,"event_name":"The Mausoleum","player_choice":"Ignored","floor":22.0,"gold_loss":0.0,"damage_taken":0.0},{"damage_healed":0.0,"max_hp_gain":0.0,"max_hp_loss":0.0,"gold_gain":0.0,"event_name":"Upgrade Shrine","player_choice":"Upgraded","floor":30.0,"gold_loss":0.0,"damage_taken":0.0,"cards_upgraded":["Crippling Poison"]},{"cards_removed":["All Out Attack"],"damage_healed":22.0,"max_hp_gain":0.0,"max_hp_loss":0.0,"gold_gain":0.0,"event_name":"Bonfire Elementals","player_choice":"Offered Uncommon","floor":37.0,"gold_loss":0.0,"damage_taken":0.0},{"damage_healed":0.0,"max_hp_gain":0.0,"max_hp_loss":0.0,"gold_gain":0.0,"event_name":"Mysterious Sphere","player_choice":"Ignored","floor":42.0,"gold_loss":0.0,"damage_taken":0.0},{"damage_healed":0.0,"max_hp_gain":0.0,"max_hp_loss":0.0,"gold_gain":0.0,"event_name":"Match and Keep!","player_choice":"0 cards matched","floor":48.0,"gold_loss":0.0,"damage_taken":0.0,"cards_obtained":[]}],"is_beta":true,"boss_relics":[{"not_picked":["Fusion Hammer","Pandora\u0027s Box"],"picked":"Black Star"},{"not_picked":["Philosopher\u0027s Stone","SacredBark"],"picked":"Cursed Key"}],"items_purged_floors":[36],"is_endless":false,"potions_floor_spawned":[2,5,10,11,13,16,21,28,33,35,38,41,44],"killed_by":"Time Eater","ascension_level":20}}