{"host":"1a9bbjeis3rg03b1","time":1614404860,"event":{"mods":["Act Like it!","BaseMod","Decade(???)","Gensokyo","Googly Eyes","Hermit","Mimic Mod","Minty Spire (QoL Compilation)","Morshu Shopkeeper","Reliquary","Replay The Spire","StSLib","The Administrix","The Jungle","The Servant 0.9.4","Wide Potions","everything is the same but u backflip on backflip"],"gold_per_floor":[114,125,125,145,157,157,184,184,184,69,99,99,99,119,119,215,315,325,325,170,570,450,450,477,477,549,509,522,522,522,552,552,647,647,661,661,661,661,661,661,309,341,364,364,179,204,204,215,215,215,215,215,16,44,44,44],"floor_reached":55,"language":"ENG","playtime":9794,"items_purged":["Pain"],"score":888,"play_id":"b192ca90-6080-462b-bede-2fb00126927a","local_time":"20210226224740","is_ascension_mode":false,"campfire_choices":[{"data":"KamenRide","floor":6.0,"key":"SMITH"},{"floor":12.0,"key":"DIG"},{"floor":13.0,"key":"DIG"},{"floor":15.0,"key":"DIG"},{"floor":23.0,"key":"DIG"},{"data":"Kabuto_ClockUp","floor":25.0,"key":"SMITH"},{"floor":32.0,"key":"DIG"},{"floor":40,"key":"RECALL"},{"floor":44,"key":"DIG"},{"floor":47,"key":"REST"},{"floor":52,"key":"DIG"}],"circlet_count":0,"master_deck":["Decade_Attack","Decade_Attack","Decade_Attack","Decade_Attack","KamenRide+1","Decade_SpecialSkill","Decade_Defend","Decade_Defend","Decade_Defend","Decade_Defend","DragShield","DragClaw","UnarmedAttack5+1","DragClaw","Kabuto_ClockUp","Kabuto_ClockUp+1","Blade_Mach","Kabuto_ClockUp+1","Decade_Illusion+1","UnarmedAttack7","Blade_Mach","NMDAZYYGL+1","DecadeViolentEmotion+1","DragShield","Gensokyo:UnhurriedMind","Gensokyo:Apocalypse","KamenRideDecade","Flash of Steel","Kabuto_ClockUp","KamenRideDecade","PhotonAcceleration+1"],"relics":["Decadriver","TOEIDeficitBill","Gensokyo:LunaticRedEyes","Gensokyo:PortableGap","Shovel","Replay:Towering Pillar of Hats","Chameleon Ring","Sundial","Boot","Replay:Wanted Poster","Dead Branch","DollysMirror","Gensokyo:MaskOfHope","reliquary:Stiletto","reliquary:PartyBalloon","Strawberry","Pen Nib","Replay:Fungal Core","Gensokyo:DualWield","Guide Book","PreservedInsect","Omamori","Pet Ghost","Dream Catcher","Replay:Bottled Steam","reliquary:RoseTintedGlasses"],"acts_visited":["Exordium","Gensokyo:Gensokyo","Gensokyo:Gensokyoer","TheEnding"],"potions_floor_usage":[46,48,48,55],"damage_taken":[{"damage":2.0,"enemies":"Gensokyo:Gryphon","floor":1.0,"turns":5.0},{"damage":0.0,"enemies":"Gensokyo:3_Fairies","floor":2.0,"turns":4.0},{"damage":16.0,"enemies":"Gensokyo:Python","floor":4.0,"turns":3.0},{"damage":5.0,"enemies":"Gensokyo:VengefulSpirit","floor":5.0,"turns":3.0},{"damage":4.0,"enemies":"Gensokyo:Aya","floor":7.0,"turns":3.0},{"damage":3.0,"enemies":"Gensokyo:Mamizou","floor":11.0,"turns":5.0},{"damage":11.0,"enemies":"Gensokyo:3_Kodama","floor":14.0,"turns":4.0},{"damage":36.0,"enemies":"Gensokyo:Kokoro","floor":16.0,"turns":9.0},{"damage":4.0,"enemies":"Gensokyo:3_Dogs","floor":18.0,"turns":3.0},{"damage":13.0,"enemies":"Gensokyo:Reisen","floor":24.0,"turns":5.0},{"damage":0.0,"enemies":"Gensokyo:CosmicMonolith","floor":28.0,"turns":3.0},{"damage":0.0,"enemies":"Gensokyo:Tenshi","floor":31.0,"turns":2.0},{"damage":21.0,"enemies":"Gensokyo:Kaguya","floor":33.0,"turns":7.0},{"damage":4.0,"enemies":"Gensokyo:3_Boulders","floor":35.0,"turns":3.0},{"damage":20,"enemies":"Gensokyo:3_Boulders","floor":38,"turns":4},{"damage":3,"enemies":"Gensokyo:AncientGuardian","floor":39,"turns":2},{"damage":3,"enemies":"Gensokyo:Kasen","floor":42,"turns":2},{"damage":54,"enemies":"Gensokyo:Doremy","floor":46,"turns":3},{"damage":0,"enemies":"Gensokyo:SeedOfUnknown","floor":48,"turns":3},{"damage":1,"enemies":"Gensokyo:Shinki","floor":50,"turns":7},{"damage":43,"enemies":"Shield and Spear","floor":54,"turns":3},{"damage":1,"enemies":"The Heart","floor":55,"turns":1}],"seed_played":"2077483329820555004","potions_obtained":[{"floor":1.0,"key":"Elixir"},{"floor":2.0,"key":"SkillPotion"},{"floor":14.0,"key":"SteroidPotion"},{"floor":29.0,"key":"Strength Potion"},{"floor":29.0,"key":"Toxic Potion"},{"floor":42,"key":"SteroidPotion"},{"floor":46,"key":"Dexterity Potion"},{"floor":54,"key":"FearPotion"}],"is_trial":false,"path_per_floor":["M","M","?","M","M","R","E","?","T","$","E","R","R","M","R","B",null,"M","?","COS","?","?","R","E","R","T","?","M","R","?","E","R","B",null,"M","?","?","?","M","R","COS","E","T","R","$","E","R","M","R","B",null,"R","$","E","B"],"character_chosen":"Decade","items_purchased":["Blade_Mach","UnarmedAttack7","KamenRideDecade","Flash of Steel","RideBooker_Skill_2","KamenRideDecade","Enlightenment"],"campfire_rested":1,"item_purchase_floors":[10,10,45,45,53,53,53],"current_hp_per_floor":[75,75,75,59,54,54,50,50,50,50,67,67,64,53,53,20,64,66,58,55,55,55,55,42,42,42,42,45,45,45,53,53,32,53,53,53,53,50,47,47,47,44,44,44,44,9,23,22,35,43,44,44,44,1,0,0],"gold":44,"neow_bonus":"TEN_PERCENT_HP_BONUS","is_daily":false,"chose_seed":false,"campfire_upgraded":2,"win_rate":0.0,"timestamp":1614404860,"path_taken":["M","?","?","M","M","R","E","?","T","$","E","R","R","?","R","BOSS","M","?","COS","?","?","R","E","R","T","?","?","R","?","E","R","BOSS","M","?","?","?","?","R","COS","E","T","R","$","E","R","?","R","BOSS","R","$","E","BOSS"],"items_purchased_type":["Card","Card","Card","Card","Card","Card","Card"],"build_version":"2020-12-22","purchased_purges":1,"victory":false,"max_hp_per_floor":[77,77,77,77,77,77,77,70,70,70,70,67,64,64,64,64,64,66,58,55,55,55,55,55,52,52,49,49,46,46,53,53,53,53,53,53,53,50,50,50,50,50,50,50,50,47,44,44,44,44,44,44,44,44,44,44],"card_choices":[{"not_picked":["UnarmedAttack8","AutoVajin"],"picked":"DragShield","floor":1.0},{"not_picked":["PrometheusPower","UnarmedAttack1"],"picked":"DragClaw","floor":2.0},{"not_picked":["Decade_Dash2","AutoVajin"],"picked":"UnarmedAttack5","floor":4.0},{"not_picked":["UnarmedAttack1","FormRideAxel"],"picked":"DragClaw","floor":5.0},{"not_picked":["AutoVajin","DragClaw"],"picked":"Kabuto_ClockUp","floor":14.0},{"not_picked":["TimeVent","DecadeViolentEmotion"],"picked":"Kabuto_ClockUp","floor":16.0},{"not_picked":["DragShield","FormRideGaruru"],"picked":"Blade_Mach","floor":18.0},{"not_picked":["FormRideFlame","FormRideDragon+1"],"picked":"RideBooker_Skill_2","floor":24.0},{"not_picked":["FormRideJack+1","DragShield"],"picked":"Decade_Illusion+1","floor":24.0},{"not_picked":["KamenRideAgito","FormRideBasshaa"],"picked":"UnarmedAttack7","floor":28.0},{"not_picked":["FormRideAxel","TimeVent"],"picked":"NMDAZYYGL","floor":33.0},{"not_picked":["UnarmedAttack9","TimeVent"],"picked":"DecadeViolentEmotion","floor":33.0},{"not_picked":["UnarmedAttack7+1","UnarmedAttack1"],"picked":"DragShield","floor":35},{"not_picked":["Gensokyo:Dawn","Gensokyo:RisingWorld"],"picked":"Gensokyo:UnhurriedMind","floor":38},{"not_picked":["KamenRideKuuga","Blade_Mach"],"picked":"Kabuto_ClockUp","floor":46},{"not_picked":["DenO_Climax","NMDAZYYGL"],"picked":"PhotonAcceleration+1","floor":54}],"player_experience":675815,"relics_obtained":[{"floor":7.0,"key":"Replay:PocketPolymizer"},{"floor":9.0,"key":"Shovel"},{"floor":11.0,"key":"Replay:Towering Pillar of Hats"},{"floor":12.0,"key":"Chameleon Ring"},{"floor":13.0,"key":"Sundial"},{"floor":15.0,"key":"Boot"},{"floor":23.0,"key":"reliquary:Stiletto"},{"floor":24.0,"key":"reliquary:PartyBalloon"},{"floor":31.0,"key":"Strawberry"},{"floor":32.0,"key":"Pen Nib"},{"floor":42,"key":"PreservedInsect"},{"floor":43,"key":"Omamori"},{"floor":44,"key":"Pet Ghost"},{"floor":46,"key":"Dream Catcher"},{"floor":52,"key":"Replay:Bottled Steam"},{"floor":54,"key":"reliquary:RoseTintedGlasses"}],"event_choices":[],"is_beta":false,"boss_relics":[{"not_picked":["Ectoplasm","Replay:Ancient Bell"],"picked":"Replay:Wanted Poster"},{"not_picked":["Sozu","Empty Cage"],"picked":"Replay:Fungal Core"}],"items_purged_floors":[45],"is_endless":false,"potions_floor_spawned":[1,2,4,14,42,46,54],"killed_by":"The Heart","ascension_level":0}}