{"host":"sc0o2qwpf9j16a4i","time":1614414001,"event":{"mods":["AchievementEnabler","BaseMod","BetterRewards","Block Reminder","Colored Map","Colored Powertips","Custom Start","Highlight Path","Minty Spire (QoL Compilation)","Relic Stats"],"gold_per_floor":[118,136,136,156,171,205,380,391,415,427,427,471,471,514,514,624,624,649,649,676,703,730,768,768,803,864,789,827,868,889,86,86,190,190,207,207,231,254,107,107,151,151,185,211,244,265,323,335,335,335],"floor_reached":51,"language":"ENG","playtime":3337,"items_purged":["Regret"],"score":1009,"play_id":"857861c7-7a1a-4a61-9624-b904f352836c","local_time":"20210227102001","daily_mods":["Chimera","Green Cards","DeadlyEvents"],"is_ascension_mode":false,"campfire_choices":[{"data":"Armaments","floor":11,"key":"SMITH"},{"data":"Juggernaut","floor":13,"key":"SMITH"},{"data":"Well Laid Plans","floor":15,"key":"SMITH"},{"data":"Burst","floor":24,"key":"SMITH"},{"data":"Feel No Pain","floor":32,"key":"SMITH"},{"data":"Infinite Blades","floor":40,"key":"SMITH"},{"data":"Impervious","floor":42,"key":"SMITH"},{"data":"Malaise","floor":49,"key":"SMITH"}],"circlet_count":0,"master_deck":["Bash","Survivor","Zap","Eruption","Strike_G","Strike_B","Defend_R","Defend_G","Defend_P","Feel No Pain+1","Carnage","Well Laid Plans+1","Deadly Poison","Juggernaut+1","Iron Wave","Armaments+1","Cloak And Dagger","Shrug It Off","Demon Form","Whirlwind","Endless Agony+1","Leg Sweep+1","Dagger Throw","Burst+1","Second Wind+1","Blur+1","Burning Pact","Acrobatics+1","Finesse","Shrug It Off","Impervious+1","Dark Embrace+1","Power Through+1","Infinite Blades+1","PiercingWail","PiercingWail+1","Regret","Dark Embrace","Malaise+1","Decay"],"relics":["Burning Blood","Oddly Smooth Stone","Red Skull","Happy Flower","CeramicFish","Akabeko","Cursed Key","Nilry\u0027s Codex","MealTicket","Lantern","Vajra","Ginger","Champion Belt","Bag of Preparation","Ancient Tea Set","Frozen Eye","Snecko Eye","Torii","Bag of Marbles","Unceasing Top","Orichalcum"],"acts_visited":["Exordium","TheCity","TheBeyond"],"potions_floor_usage":[6,8,12,16,22,22,25,25,33,33,45,45,45,50],"damage_taken":[{"damage":2.0,"enemies":"2 Louse","floor":1.0,"turns":2.0},{"damage":0.0,"enemies":"Cultist","floor":2.0,"turns":4.0},{"damage":0.0,"enemies":"Small Slimes","floor":4.0,"turns":3.0},{"damage":3.0,"enemies":"Blue Slaver","floor":5.0,"turns":5.0},{"damage":9,"enemies":"Lagavulin","floor":6,"turns":9},{"damage":4,"enemies":"Exordium Thugs","floor":8,"turns":7},{"damage":6,"enemies":"2 Fungi Beasts","floor":10,"turns":4},{"damage":12,"enemies":"3 Sentries","floor":12,"turns":8},{"damage":4,"enemies":"Lagavulin","floor":14,"turns":8},{"damage":9,"enemies":"The Guardian","floor":16,"turns":9},{"damage":6,"enemies":"Shell Parasite","floor":18,"turns":5},{"damage":11,"enemies":"2 Thieves","floor":20,"turns":3},{"damage":0,"enemies":"Centurion and Healer","floor":21,"turns":6},{"damage":0,"enemies":"Snecko","floor":22,"turns":4},{"damage":1,"enemies":"Gremlin Leader","floor":23,"turns":9},{"damage":18,"enemies":"Slavers","floor":25,"turns":4},{"damage":1,"enemies":"Book of Stabbing","floor":28,"turns":5},{"damage":5,"enemies":"Gremlin Leader","floor":29,"turns":7},{"damage":0,"enemies":"Cultist and Chosen","floor":30,"turns":5},{"damage":0,"enemies":"Automaton","floor":33,"turns":9},{"damage":0,"enemies":"3 Darklings","floor":35,"turns":3},{"damage":0,"enemies":"3 Shapes","floor":37,"turns":3},{"damage":0,"enemies":"Jaw Worm Horde","floor":38,"turns":3},{"damage":0,"enemies":"Giant Head","floor":41,"turns":7},{"damage":0,"enemies":"3 Darklings","floor":44,"turns":3},{"damage":0,"enemies":"Reptomancer","floor":45,"turns":4},{"damage":4,"enemies":"Writhing Mass","floor":46,"turns":6},{"damage":0,"enemies":"Maw","floor":48,"turns":4},{"damage":0,"enemies":"Time Eater","floor":50,"turns":13}],"seed_played":"3140343813991618873","potions_obtained":[{"floor":1.0,"key":"Weak Potion"},{"floor":2.0,"key":"ColorlessPotion"},{"floor":6,"key":"Swift Potion"},{"floor":14,"key":"AttackPotion"},{"floor":18,"key":"LiquidMemories"},{"floor":21,"key":"BlessingOfTheForge"},{"floor":22,"key":"SteroidPotion"},{"floor":23,"key":"PowerPotion"},{"floor":25,"key":"BloodPotion"},{"floor":37,"key":"Block Potion"},{"floor":45,"key":"Dexterity Potion"}],"is_trial":true,"path_per_floor":["M","M","?","M","M","E","?","M","T","M","R","E","R","E","R","B",null,"M","?","M","M","M","E","R","E","T","?","E","E","M","$","R","B",null,"M","?","M","M","$","R","E","R","T","M","E","M","T","M","R","B",null],"character_chosen":"IRONCLAD","items_purchased":["Bag of Preparation","Finesse","Shrug It Off","LiquidMemories","Dexterity Potion","Ancient Tea Set","Block Potion","Frozen Eye","Infinite Blades","PiercingWail","DistilledChaos"],"campfire_rested":0,"item_purchase_floors":[31,31,31,31,31,31,31,31,39,39,39],"current_hp_per_floor":[80,80,77,80,80,77,77,79,79,79,79,73,73,75,75,72,80,80,64,59,65,71,76,76,64,64,64,69,70,76,80,80,80,80,80,80,80,80,80,80,80,80,80,80,80,80,80,80,80,80],"gold":335,"neow_bonus":"","is_daily":false,"chose_seed":false,"campfire_upgraded":8,"win_rate":0.0,"timestamp":1614414001,"path_taken":["M","M","?","M","M","E","?","M","T","?","R","?","R","E","R","BOSS","M","?","M","M","?","E","R","E","T","?","E","?","?","$","R","BOSS","M","?","M","?","?","R","E","R","T","M","E","M","?","M","R","BOSS"],"items_purchased_type":["Relic","Card","Card","Potion","Potion","Relic","Potion","Relic","Card","Card","Potion"],"build_version":"2020-12-22","purchased_purges":1,"victory":true,"max_hp_per_floor":[80,80,80,80,80,80,80,80,80,80,80,80,80,80,80,80,80,80,80,80,80,80,80,80,80,80,80,80,80,80,80,80,80,80,80,80,80,80,80,80,80,80,80,80,80,80,80,80,80,80],"relic_stats":{"Happy Flower":[44],"Torii":0,"counters":[29,162],"CeramicFish":225,"Bag of Preparation":[20],"Ginger":[9],"Orichalcum":[6],"Cursed Key":3,"Burning Blood":102,"Snecko Eye":[110,122,105,113],"MealTicket":4,"Champion Belt":[15],"obtain_stats":[{"Lantern":25,"Happy Flower":9,"Torii":41,"Nilry\u0027s Codex":19,"CeramicFish":12,"Oddly Smooth Stone":3,"Vajra":26,"Bag of Preparation":31,"Ginger":28,"Orichalcum":47,"Cursed Key":17,"Ancient Tea Set":31,"Burning Blood":0,"Akabeko":14,"Frozen Eye":31,"Snecko Eye":34,"MealTicket":23,"Bag of Marbles":43,"Champion Belt":29,"Red Skull":6,"Unceasing Top":45},{"Lantern":16,"Happy Flower":6,"Torii":24,"Nilry\u0027s Codex":11,"CeramicFish":8,"Oddly Smooth Stone":2,"Vajra":16,"Bag of Preparation":19,"Ginger":17,"Orichalcum":27,"Cursed Key":10,"Ancient Tea Set":19,"Burning Blood":0,"Akabeko":9,"Frozen Eye":19,"Snecko Eye":20,"MealTicket":15,"Bag of Marbles":24,"Champion Belt":18,"Red Skull":5,"Unceasing Top":26},{"Lantern":90,"Happy Flower":30,"Torii":132,"Nilry\u0027s Codex":64,"CeramicFish":42,"Oddly Smooth Stone":6,"Vajra":90,"Bag of Preparation":107,"Ginger":95,"Orichalcum":145,"Cursed Key":59,"Ancient Tea Set":107,"Burning Blood":0,"Akabeko":50,"Frozen Eye":107,"Snecko Eye":116,"MealTicket":86,"Bag of Marbles":132,"Champion Belt":102,"Red Skull":23,"Unceasing Top":139}],"Unceasing Top":[0]},"card_choices":[{"not_picked":["Masterful Stab","Body Slam"],"picked":"Feel No Pain","floor":1.0},{"not_picked":["Flying Knee","Armaments"],"picked":"Carnage","floor":2.0},{"not_picked":["Pummel","Body Slam"],"picked":"Well Laid Plans","floor":4.0},{"not_picked":["Sword Boomerang","Flex"],"picked":"Deadly Poison","floor":5.0},{"not_picked":["Eviscerate","Dark Embrace"],"picked":"Juggernaut","floor":6},{"not_picked":["Backflip","Entrench"],"picked":"Iron Wave","floor":8},{"not_picked":["Reckless Charge","Clash"],"picked":"Armaments","floor":10},{"not_picked":["Rampage","Armaments"],"picked":"Cloak And Dagger","floor":12},{"not_picked":["Perfected Strike","Carnage"],"picked":"Shrug It Off","floor":14},{"not_picked":["A Thousand Cuts","Glass Knife"],"picked":"Demon Form","floor":16},{"not_picked":["Rupture","Bane"],"picked":"Whirlwind","floor":18},{"not_picked":["Armaments","Distraction"],"picked":"Endless Agony+1","floor":20},{"not_picked":["Acrobatics","Cleave"],"picked":"Leg Sweep+1","floor":21},{"not_picked":["Distraction","Deadly Poison"],"picked":"Dagger Throw","floor":22},{"not_picked":["Deadly Poison+1","Dual Wield"],"picked":"Burst","floor":23},{"not_picked":["Flying Knee","Clash"],"picked":"Second Wind+1","floor":25},{"not_picked":["Metallicize+1","Quick Slash"],"picked":"Blur+1","floor":28},{"not_picked":["Phantasmal Killer","Bouncing Flask"],"picked":"Burning Pact","floor":29},{"not_picked":["Deflect","Clash+1"],"picked":"Acrobatics+1","floor":30},{"not_picked":["Glass Knife","Double Tap"],"picked":"Impervious","floor":33},{"not_picked":["Dagger Throw","Dagger Spray+1","Cloak And Dagger"],"picked":"SKIP","floor":35},{"not_picked":["Riddle With Holes","Underhanded Strike+1"],"picked":"Dark Embrace+1","floor":37},{"not_picked":["Havoc","Blur"],"picked":"Power Through+1","floor":38},{"not_picked":["Dash","Carnage"],"picked":"PiercingWail+1","floor":41},{"not_picked":["Prepared+1","Havoc+1"],"picked":"Dark Embrace","floor":44},{"not_picked":["Dagger Spray+1","Pummel+1","Poisoned Stab"],"picked":"SKIP","floor":45},{"not_picked":["Body Slam","Twin Strike+1"],"picked":"Malaise","floor":46},{"not_picked":["Armaments","Concentrate","Acrobatics"],"picked":"SKIP","floor":48}],"player_experience":1573926,"relics_obtained":[{"floor":6,"key":"Red Skull"},{"floor":9,"key":"Happy Flower"},{"floor":12,"key":"CeramicFish"},{"floor":14,"key":"Akabeko"},{"floor":19,"key":"Nilry\u0027s Codex"},{"floor":23,"key":"MealTicket"},{"floor":25,"key":"Lantern"},{"floor":26,"key":"Vajra"},{"floor":28,"key":"Ginger"},{"floor":29,"key":"Champion Belt"},{"floor":41,"key":"Torii"},{"floor":43,"key":"Bag of Marbles"},{"floor":45,"key":"Unceasing Top"},{"floor":47,"key":"Orichalcum"}],"event_choices":[{"damage_healed":0.0,"max_hp_gain":0.0,"max_hp_loss":0.0,"gold_gain":0.0,"event_name":"Scrap Ooze","player_choice":"Success","floor":3.0,"gold_loss":0.0,"damage_taken":3.0,"relics_obtained":["Oddly Smooth Stone"]},{"damage_healed":0,"gold_gain":175,"player_choice":"AGREE","damage_taken":0,"max_hp_gain":0,"max_hp_loss":0,"event_name":"Liars Game","floor":7,"gold_loss":0,"cards_obtained":["Doubt"]},{"damage_healed":0,"gold_gain":0,"player_choice":"Obtained Book","damage_taken":16,"max_hp_gain":0,"max_hp_loss":0,"event_name":"Cursed Tome","floor":19,"gold_loss":0},{"cards_removed":["Doubt"],"damage_healed":0,"gold_gain":0,"player_choice":"Gave Gold","damage_taken":0,"max_hp_gain":0,"max_hp_loss":0,"event_name":"Beggar","floor":27,"gold_loss":75},{"cards_removed":["Strike_R"],"damage_healed":0,"gold_gain":0,"player_choice":"Removed Attack","damage_taken":0,"max_hp_gain":0,"max_hp_loss":0,"event_name":"Falling","floor":36,"gold_loss":0}],"is_beta":false,"boss_relics":[{"not_picked":["SlaversCollar","SacredBark"],"picked":"Cursed Key"},{"not_picked":["Busted Crown","Runic Dome"],"picked":"Snecko Eye"}],"items_purged_floors":[31],"is_endless":false,"potions_floor_spawned":[1,2,6,14,18,21,22,23,25,37,41,45],"ascension_level":0}}