{"host":"ja7dzuhhg5v29gue","time":1614442716,"event":{"mods":["Aspiration","BaseMod","Colored Powertips","Energized Spire","Hubris","Infinite Spire","Minty Spire (QoL Compilation)","Quarter Circle Forward PUNCH!","Replay The Spire","StSLib"],"gold_per_floor":[110,110,110,128,145,129,129,140,140,101,27,37,48,68,68,169,169,185,202,202,213,213,213],"floor_reached":22,"language":"ENG","playtime":691,"items_purged":[],"score":242,"play_id":"fb6a3bf9-1d9a-4ffc-bba9-5a4732b00017","local_time":"20210227171836","is_ascension_mode":false,"campfire_choices":[{"data":"Replay:Undeath\u0027s Touch","floor":7,"key":"SMITH"},{"data":"ReplayTheSpireMod:Corrosion Curse","floor":15,"key":"SMITH"}],"circlet_count":0,"master_deck":["Strike_R","Strike_R","Strike_R","Strike_R","Strike_R","Defend_R","Defend_R","Defend_R","Defend_R","ReplayTheSpireMod:Corrosion Curse+1","Replay:Undeath\u0027s Touch+1","Twin Strike","Whirlwind","Dropkick","Inflame","Twin Strike","Replay:Undeath\u0027s Touch","Thunderclap+1","Flex+1"],"relics":["Burning Blood","hubris:Icosahedron","qcfpunch:Wrestler\u0027s_Cloak","Iron Hammer","SlaversCollar"],"acts_visited":["Exordium","TheCity"],"potions_floor_usage":[6,12,16,16,16,19,19],"damage_taken":[{"damage":5,"enemies":"Cultist","floor":1,"turns":3},{"damage":4,"enemies":"2 Louse","floor":4,"turns":3},{"damage":3,"enemies":"Small Slimes","floor":5,"turns":2},{"damage":15,"enemies":"Gremlin Nob","floor":6,"turns":3},{"damage":22,"enemies":"Gremlin Gang","floor":8,"turns":3},{"damage":9,"enemies":"3 Louse","floor":10,"turns":3},{"damage":0,"enemies":"Exordium Wildlife","floor":12,"turns":2},{"damage":0,"enemies":"2 Fungi Beasts","floor":13,"turns":1},{"damage":0,"enemies":"Lots of Slimes","floor":14,"turns":1},{"damage":0,"enemies":"Slime Boss","floor":16,"turns":3},{"damage":11,"enemies":"3 Byrds","floor":18,"turns":3},{"damage":48,"enemies":"Shell Parasite","floor":19,"turns":5},{"damage":29,"enemies":"Snake Plant","floor":21,"turns":4},{"damage":18,"enemies":"Centurion and Healer","floor":22,"turns":2}],"seed_played":"-4917144407958699807","potions_obtained":[{"floor":5,"key":"FearPotion"},{"floor":8,"key":"AttackPotion"},{"floor":10,"key":"SteroidPotion"},{"floor":12,"key":"Ancient Potion"},{"floor":13,"key":"Energy Potion"},{"floor":16,"key":"EssenceOfSteel"},{"floor":18,"key":"SkillPotion"},{"floor":21,"key":"GamblersBrew"}],"is_trial":false,"path_per_floor":["M","?","?","M","M","E","R","M","T","M","$","M","M","M","R","B",null,"M","M","?","M","M"],"character_chosen":"IRONCLAD","items_purchased":["LiquidMemories"],"campfire_rested":0,"item_purchase_floors":[11],"current_hp_per_floor":[80,80,80,80,80,71,71,55,55,52,52,58,64,70,70,76,80,75,33,33,10,0,0],"gold":213,"neow_bonus":"RANDOM_EVENT","is_daily":false,"chose_seed":false,"campfire_upgraded":2,"win_rate":0.0,"timestamp":1614442716,"path_taken":["M","?","?","?","M","E","R","M","T","M","$","M","M","M","R","BOSS","M","?","?","M","M"],"items_purchased_type":["Potion"],"build_version":"2020-12-22","purchased_purges":0,"victory":false,"max_hp_per_floor":[80,80,80,80,80,80,80,80,80,80,80,80,80,80,80,80,80,80,80,80,80,80,80],"card_choices":[{"not_picked":["Sword Boomerang","Dark Embrace"],"picked":"Replay:Undeath\u0027s Touch","floor":1},{"not_picked":["Body Slam","Battle Trance"],"picked":"Twin Strike","floor":4},{"not_picked":["Uppercut","True Grit"],"picked":"Whirlwind","floor":5},{"not_picked":["Havoc","Carnage","Pommel Strike"],"picked":"SKIP","floor":6},{"not_picked":["Havoc","ReplayTheSpireMod:LeadingStrike"],"picked":"Thunderclap","floor":8},{"not_picked":["Bludgeon","ReplayTheSpireMod:Strike From Hell","Armaments"],"picked":"SKIP","floor":10},{"not_picked":["Wild Strike","Life Link"],"picked":"Dropkick","floor":12},{"not_picked":["True Grit","hubris:CleavingFinish"],"picked":"Inflame","floor":13},{"not_picked":["Flex","Body Slam"],"picked":"Twin Strike","floor":14},{"not_picked":["Body Slam","Power Through+1"],"picked":"Replay:Undeath\u0027s Touch","floor":18},{"not_picked":["Shrug It Off","ReplayTheSpireMod:Limb From Limb"],"picked":"Thunderclap+1","floor":19},{"not_picked":["Clothesline","ReplayTheSpireMod:Corrosion Curse"],"picked":"Flex+1","floor":21}],"player_experience":126551,"relics_obtained":[{"floor":6,"key":"qcfpunch:Wrestler\u0027s_Cloak"},{"floor":9,"key":"Iron Hammer"}],"event_choices":[{"cards_removed":["Bash"],"damage_healed":0,"gold_gain":0,"player_choice":"Purged","damage_taken":0,"max_hp_gain":0,"max_hp_loss":0,"event_name":"Purifier","floor":3,"gold_loss":0},{"cards_removed":["Thunderclap"],"damage_healed":0,"gold_gain":0,"player_choice":"Purged","damage_taken":0,"max_hp_gain":0,"max_hp_loss":0,"event_name":"Purifier","floor":20,"gold_loss":0}],"is_beta":false,"boss_relics":[{"not_picked":["hubris:CrackedHourglass","Ooze Armor"],"picked":"SlaversCollar"}],"items_purged_floors":[],"is_endless":false,"potions_floor_spawned":[5,8,10,12,13,16,18,21],"killed_by":"Centurion and Healer","ascension_level":0}}