{"host":"rmu5lyz1fk95wg3z","time":1614387654,"event":{"mods":["BaseMod","Bestiary","Curses Come First","Minty Spire (QoL Compilation)","Relic Stats","StSLib"],"gold_per_floor":[116,136,136,61,75,75,100,100,125,136,171,184,184,214,214,289,289,304,304,323,340,10,45,55,55,55,66,97,109,139,139,139,212,212,232,243,243,26,39,73,73,104,155,155,180,180,180,193,193,193,193,193],"floor_reached":51,"language":"ENG","playtime":8792,"items_purged":["Strike_G","Strike_G","Defend_G"],"score":1680,"play_id":"720e424b-47ac-4cb7-8ad2-b715a30cecd7","local_time":"20210226200054","is_ascension_mode":true,"campfire_choices":[{"data":"Dagger Spray","floor":6.0,"key":"SMITH"},{"data":"Neutralize","floor":8.0,"key":"SMITH"},{"data":"Tactician","floor":13.0,"key":"SMITH"},{"data":"Adrenaline","floor":15.0,"key":"SMITH"},{"floor":25.0,"key":"REST"},{"data":"Envenom","floor":32.0,"key":"SMITH"},{"floor":41.0,"key":"RECALL"},{"floor":44.0,"key":"REST"},{"floor":46.0,"key":"REST"},{"floor":49.0,"key":"REST"}],"circlet_count":0,"master_deck":["AscendersBane","Strike_G","Strike_G","Strike_G","Defend_G","Survivor","Neutralize+1","Masterful Stab","Poisoned Stab","Dagger Spray+1","Well Laid Plans","Tactician+1","Flying Knee","Adrenaline+1","After Image","Acrobatics","Blade Dance","Blade Dance","Envenom+1","Escape Plan","Noxious Fumes","Crippling Poison","Blade Dance","After Image","After Image","Night Terror","Finisher"],"relics":["Ring of the Snake","Bronze Scales","Regal Pillow","Shuriken","Vajra","Empty Cage","MutagenicStrength","Membership Card","Oddly Smooth Stone","MealTicket","Blood Vial","Happy Flower","Smiling Mask","Fusion Hammer","DollysMirror","Lantern","Strawberry","Bag of Marbles","Tingsha"],"acts_visited":["Exordium","TheCity","TheBeyond"],"potions_floor_usage":[50],"damage_taken":[{"damage":6.0,"enemies":"Cultist","floor":1.0,"turns":6.0},{"damage":0.0,"enemies":"2 Louse","floor":2.0,"turns":4.0},{"damage":4.0,"enemies":"Small Slimes","floor":5.0,"turns":3.0},{"damage":8.0,"enemies":"3 Sentries","floor":7.0,"turns":6.0},{"damage":3.0,"enemies":"Looter","floor":10.0,"turns":3.0},{"damage":1.0,"enemies":"Lagavulin","floor":11.0,"turns":7.0},{"damage":0.0,"enemies":"Large Slime","floor":12.0,"turns":5.0},{"damage":8.0,"enemies":"Gremlin Nob","floor":14.0,"turns":3.0},{"damage":4.0,"enemies":"Hexaghost","floor":16.0,"turns":8.0},{"damage":15.0,"enemies":"Shell Parasite","floor":18.0,"turns":4.0},{"damage":11.0,"enemies":"Spheric Guardian","floor":20.0,"turns":3.0},{"damage":0.0,"enemies":"3 Cultists","floor":21.0,"turns":4.0},{"damage":7.0,"enemies":"Slavers","floor":23.0,"turns":3.0},{"damage":1.0,"enemies":"Centurion and Healer","floor":24.0,"turns":3.0},{"damage":12.0,"enemies":"Shelled Parasite and Fungi","floor":27.0,"turns":3.0},{"damage":0.0,"enemies":"Book of Stabbing","floor":28.0,"turns":3.0},{"damage":0.0,"enemies":"Snecko","floor":29.0,"turns":3.0},{"damage":0.0,"enemies":"Gremlin Leader","floor":30.0,"turns":4.0},{"damage":25.0,"enemies":"Collector","floor":33.0,"turns":6.0},{"damage":0.0,"enemies":"Orb Walker","floor":35.0,"turns":2.0},{"damage":14.0,"enemies":"3 Darklings","floor":36.0,"turns":3.0},{"damage":4.0,"enemies":"Sphere and 2 Shapes","floor":39.0,"turns":5.0},{"damage":6.0,"enemies":"Reptomancer","floor":40.0,"turns":5.0},{"damage":33.0,"enemies":"Nemesis","floor":42.0,"turns":7.0},{"damage":0.0,"enemies":"Reptomancer","floor":45.0,"turns":6.0},{"damage":15.0,"enemies":"Maw","floor":48.0,"turns":6.0},{"damage":44,"enemies":"Awakened One","floor":50,"turns":8},{"damage":42,"enemies":"Time Eater","floor":51,"turns":4}],"seed_played":"5464187291319520794","potions_obtained":[{"floor":2.0,"key":"CultistPotion"},{"floor":5.0,"key":"EssenceOfSteel"},{"floor":10.0,"key":"Dexterity Potion"},{"floor":11.0,"key":"Poison Potion"},{"floor":20.0,"key":"Weak Potion"},{"floor":24.0,"key":"SneckoOil"},{"floor":29.0,"key":"BlessingOfTheForge"},{"floor":30.0,"key":"PowerPotion"},{"floor":33.0,"key":"LiquidMemories"},{"floor":45.0,"key":"Explosive Potion"},{"floor":48.0,"key":"Swift Potion"}],"is_trial":false,"path_per_floor":["M","M","?","$","M","R","E","R","T","M","E","M","R","E","R","B",null,"M","?","M","M","$","E","M","R","T","M","E","M","E","?","R","B",null,"M","M","?","$","M","E","R","E","T","R","E","R","?","M","R","B","B"],"character_chosen":"THE_SILENT","items_purchased":["Membership Card","Blade Dance","Oddly Smooth Stone","DollysMirror","Lantern"],"campfire_rested":4,"item_purchase_floors":[22,22,22,38,38],"current_hp_per_floor":[59,59,64,64,60,60,52,52,52,49,48,48,48,40,40,36,67,52,52,41,41,41,34,33,71,71,61,63,65,67,67,67,44,69,71,59,59,74,72,75,75,44,44,84,84,84,84,69,84,40,0,0],"gold":193,"neow_bonus":"TEN_PERCENT_HP_BONUS","is_daily":false,"chose_seed":false,"campfire_upgraded":5,"win_rate":0.0,"timestamp":1614387654,"path_taken":["M","M","?","$","M","R","E","R","T","M","E","M","R","E","R","BOSS","M","?","M","M","$","E","M","R","T","M","E","M","E","?","R","BOSS","M","M","?","$","M","E","R","E","T","R","E","R","?","M","R","BOSS","BOSS"],"items_purchased_type":["Relic","Card","Relic","Relic","Relic"],"build_version":"2020-12-22","purchased_purges":3,"victory":false,"max_hp_per_floor":[72,72,77,77,77,77,77,77,77,77,77,77,77,77,77,77,77,77,77,77,77,77,77,77,77,77,77,77,77,77,77,77,77,77,77,77,77,77,77,84,84,84,84,84,84,84,84,84,84,84,84,84],"relic_stats":{"Blood Vial":22,"Regal Pillow":30,"Happy Flower":[19],"counters":[28,127],"Shuriken":[92],"Bronze Scales":[231],"MealTicket":15,"Tingsha":[24],"Smiling Mask":13,"obtain_stats":[{"Regal Pillow":9,"Lantern":38,"Happy Flower":28,"Vajra":14,"Oddly Smooth Stone":22,"Tingsha":45,"Empty Cage":17,"Smiling Mask":30,"Blood Vial":26,"Shuriken":11,"DollysMirror":38,"Bronze Scales":7,"MutagenicStrength":19,"Strawberry":40,"MealTicket":23,"Fusion Hammer":34,"Bag of Marbles":42,"Membership Card":22,"Ring of the Snake":0},{"Regal Pillow":4,"Lantern":21,"Happy Flower":16,"Vajra":8,"Oddly Smooth Stone":12,"Tingsha":25,"Empty Cage":9,"Smiling Mask":18,"Blood Vial":14,"Shuriken":6,"DollysMirror":21,"Bronze Scales":4,"MutagenicStrength":10,"Strawberry":23,"MealTicket":13,"Fusion Hammer":19,"Bag of Marbles":24,"Membership Card":12,"Ring of the Snake":0},{"Regal Pillow":19,"Lantern":86,"Happy Flower":68,"Vajra":37,"Oddly Smooth Stone":56,"Tingsha":109,"Empty Cage":45,"Smiling Mask":75,"Blood Vial":62,"Shuriken":29,"DollysMirror":86,"Bronze Scales":19,"MutagenicStrength":49,"Strawberry":96,"MealTicket":59,"Fusion Hammer":81,"Bag of Marbles":103,"Membership Card":56,"Ring of the Snake":0}],"Ring of the Snake":[56]},"card_choices":[{"not_picked":["Deadly Poison","Underhanded Strike"],"picked":"Masterful Stab","floor":1.0},{"not_picked":["PiercingWail","Flying Knee"],"picked":"Poisoned Stab","floor":2.0},{"not_picked":["Prepared","Dagger Throw"],"picked":"Dagger Spray","floor":5.0},{"not_picked":["Flying Knee","Terror"],"picked":"Well Laid Plans","floor":7.0},{"not_picked":["Deadly Poison","Dagger Spray","Finisher"],"picked":"SKIP","floor":10.0},{"not_picked":["Bane","Finisher"],"picked":"Tactician","floor":11.0},{"not_picked":["Well Laid Plans","Dodge and Roll"],"picked":"Flying Knee","floor":12.0},{"not_picked":["Deflect","Bane"],"picked":"Adrenaline","floor":14.0},{"not_picked":["Die Die Die","Corpse Explosion"],"picked":"After Image","floor":16.0},{"not_picked":["Poisoned Stab","Deflect"],"picked":"Acrobatics","floor":18.0},{"not_picked":["Tactician","Outmaneuver"],"picked":"Blade Dance","floor":20.0},{"not_picked":["Outmaneuver","Cloak And Dagger","Catalyst"],"picked":"SKIP","floor":21.0},{"not_picked":["Deadly Poison+1","Poisoned Stab"],"picked":"Envenom","floor":23.0},{"not_picked":["Riddle With Holes","Prepared"],"picked":"Escape Plan","floor":24.0},{"not_picked":["Concentrate","Choke","Masterful Stab"],"picked":"SKIP","floor":27.0},{"not_picked":["Leg Sweep","Heel Hook","Distraction"],"picked":"SKIP","floor":28.0},{"not_picked":["Deadly Poison","Flying Knee"],"picked":"Noxious Fumes","floor":29.0},{"not_picked":["Endless Agony","Deadly Poison+1"],"picked":"Crippling Poison","floor":30.0},{"not_picked":["Storm of Steel","Phantasmal Killer"],"picked":"After Image","floor":33.0},{"not_picked":["Poisoned Stab","Heel Hook","Bane"],"picked":"SKIP","floor":35.0},{"not_picked":["Choke","Deadly Poison","Accuracy"],"picked":"SKIP","floor":36.0},{"not_picked":["Prepared","Poisoned Stab","Acrobatics"],"picked":"SKIP","floor":39.0},{"not_picked":["Flying Knee","Sucker Punch+1","Slice"],"picked":"SKIP","floor":40.0},{"not_picked":["Bane","Doppelganger"],"picked":"Night Terror","floor":42.0},{"not_picked":["Slice","Setup","Dodge and Roll"],"picked":"SKIP","floor":45.0},{"not_picked":["PiercingWail","Backflip"],"picked":"Finisher","floor":48.0}],"player_experience":1356913,"relics_obtained":[{"floor":7.0,"key":"Bronze Scales"},{"floor":9.0,"key":"Regal Pillow"},{"floor":11.0,"key":"Shuriken"},{"floor":14.0,"key":"Vajra"},{"floor":23.0,"key":"MealTicket"},{"floor":26.0,"key":"Blood Vial"},{"floor":28.0,"key":"Happy Flower"},{"floor":30.0,"key":"Smiling Mask"},{"floor":40.0,"key":"Strawberry"},{"floor":42.0,"key":"Bag of Marbles"},{"floor":45.0,"key":"Tingsha"}],"event_choices":[{"damage_healed":0.0,"max_hp_gain":5.0,"max_hp_loss":0.0,"gold_gain":0.0,"event_name":"Big Fish","player_choice":"Donut","floor":3.0,"gold_loss":0.0,"damage_taken":0.0},{"damage_healed":0.0,"max_hp_gain":0.0,"max_hp_loss":0.0,"gold_gain":0.0,"event_name":"Drug Dealer","player_choice":"Inject Mutagens","floor":19.0,"gold_loss":0.0,"damage_taken":0.0,"relics_obtained":["MutagenicStrength"]},{"damage_healed":0.0,"max_hp_gain":0.0,"max_hp_loss":0.0,"gold_gain":0.0,"event_name":"The Library","player_choice":"Read","floor":31.0,"gold_loss":0.0,"damage_taken":0.0,"cards_obtained":["Blade Dance"]},{"cards_removed":["Defend_G"],"damage_healed":0.0,"max_hp_gain":0.0,"max_hp_loss":0.0,"gold_gain":0.0,"event_name":"Falling","player_choice":"Removed Skill","floor":37.0,"gold_loss":0.0,"damage_taken":0.0},{"damage_healed":0.0,"max_hp_gain":0.0,"max_hp_loss":0.0,"gold_gain":0.0,"event_name":"Tomb of Lord Red Mask","player_choice":"Ignored","floor":47.0,"gold_loss":0.0,"damage_taken":0.0}],"is_beta":false,"boss_relics":[{"not_picked":["Sozu","Busted Crown"],"picked":"Empty Cage"},{"not_picked":["Tiny House","Astrolabe"],"picked":"Fusion Hammer"}],"items_purged_floors":[4,22,38],"is_endless":false,"potions_floor_spawned":[2,5,10,11,20,24,29,30,33,45,48],"killed_by":"Time Eater","ascension_level":20}}