{"host":"5vxoi0a3x57fg5l4","time":1614438186,"event":{"mods":["Act Like it!","BaseMod","Better Third Choice","Colored Map","GifTheSpireLib","Hallownest","Highlight Path","Minty Spire (QoL Compilation)","Permanent Neow","Quick Restart","Relic Sorter","Relic Stats","StSLib","The Bug Knight","UnlockEverythingMod"],"gold_per_floor":[112,152,112,141,99,99,39,39,39,77,77,99,99,127,127,235,235,263,286,60,89,89,89],"floor_reached":22,"language":"ENG","playtime":1812,"items_purged":["HollowMod:NailStrikeStart"],"score":194,"play_id":"55d1ec65-ecb6-432d-8a13-d11cd7908430","local_time":"20210227120306","is_ascension_mode":false,"campfire_choices":[{"data":"Sadistic Nature","floor":6.0,"key":"SMITH"},{"data":"HollowMod:MothsMistake","floor":8.0,"key":"SMITH"},{"floor":11.0,"key":"REST"},{"floor":13.0,"key":"REST"},{"data":"HollowMod:TaintedHusks","floor":15.0,"key":"SMITH"}],"circlet_count":0,"master_deck":["HollowMod:NailStrikeStart","HollowMod:NailStrikeStart","HollowMod:NailStrikeStart","HollowMod:QuickDashStart","HollowMod:QuickDashStart","HollowMod:QuickDashStart","HollowMod:QuickDashStart","HollowMod:FocusHealStart","HollowMod:PogoStrike","Sadistic Nature+1","HollowMod:QuirrelsAssistance","HollowMod:NewInfectedGuardian","HollowMod:LuriensSpire","HollowMod:InfectedAttack","HollowMod:MothsMistake+1","HollowMod:QuirrelsAssistance","HollowMod:PerfectDash","HollowMod:TaintedHusks+1","HollowMod:SlysStrikes","HollowMod:NewLittleFool","HollowMod:SoulSplash","Backflip"],"relics":["HollowMod:VesselMask","CeramicFish","HollowMod:LumaflyLanternRelic","Boot","SlaversCollar","PrismaticShard"],"acts_visited":["Hallownest:Greenpath","Hallownest:CityofTears"],"potions_floor_usage":[22],"damage_taken":[{"damage":4.0,"enemies":"Hallownest:2_Baldur","floor":1.0,"turns":3.0},{"damage":33.0,"enemies":"Hallownest:eliteVengeflyKing","floor":2.0,"turns":7.0},{"damage":10.0,"enemies":"Hallownest:monsterHuskWarrior","floor":4.0,"turns":3.0},{"damage":16.0,"enemies":"Hallownest:eliteVengeflyKing","floor":10.0,"turns":4.0},{"damage":1.0,"enemies":"Hallownest:monsterHuskGuard","floor":12.0,"turns":3.0},{"damage":13.0,"enemies":"Hallownest:MossCreep_and_Mosskin","floor":14.0,"turns":4.0},{"damage":36.0,"enemies":"Hallownest:BossFalseKnight","floor":16.0,"turns":5.0},{"damage":9.0,"enemies":"Hallownest:3_Youths","floor":18.0,"turns":4.0},{"damage":21.0,"enemies":"Hallownest:2_Mistakes","floor":19.0,"turns":4.0},{"damage":33.0,"enemies":"Hallownest:3_Mistakes","floor":21.0,"turns":6.0},{"damage":12,"enemies":"Hallownest:Master_and_Novice","floor":22,"turns":1}],"seed_played":"4205413768332429981","potions_obtained":[{"floor":2.0,"key":"Energy Potion"},{"floor":4.0,"key":"SkillPotion"},{"floor":14.0,"key":"Energy Potion"},{"floor":19.0,"key":"FearPotion"},{"floor":21.0,"key":"Explosive Potion"}],"is_trial":false,"path_per_floor":["M","?","?","M","$","R","$","R","T","E","R","M","R","M","R","B",null,"M","M","$","M","M"],"character_chosen":"THE_BUGKNIGHT","items_purchased":["HollowMod:InfectedAttack","HollowMod:MothsMistake","PrismaticShard"],"campfire_rested":2,"item_purchase_floors":[5,7,20],"current_hp_per_floor":[50,17,46,42,42,42,42,42,42,32,54,53,75,68,68,42,75,66,45,45,12,0,0],"gold":89,"neow_bonus":"RANDOM_COLORLESS_2","is_daily":false,"chose_seed":false,"campfire_upgraded":3,"win_rate":0.0,"timestamp":1614438186,"path_taken":["M","?","?","M","?","R","$","R","T","E","R","?","R","M","R","BOSS","M","M","$","M","M"],"items_purchased_type":["Card","Card","Relic"],"build_version":"2020-12-22","purchased_purges":1,"victory":false,"max_hp_per_floor":[75,75,75,75,75,75,75,75,75,75,75,75,75,75,75,75,75,75,75,75,75,75,75],"relic_stats":{"counters":[11,44],"CeramicFish":99,"Boot":[37],"obtain_stats":[{"SlaversCollar":17,"HollowMod:LumaflyLanternRelic":9,"CeramicFish":2,"HollowMod:VesselMask":0,"Boot":10,"PrismaticShard":20},{"SlaversCollar":7,"HollowMod:LumaflyLanternRelic":3,"CeramicFish":2,"HollowMod:VesselMask":0,"Boot":4,"PrismaticShard":9},{"SlaversCollar":29,"HollowMod:LumaflyLanternRelic":13,"CeramicFish":10,"HollowMod:VesselMask":0,"Boot":17,"PrismaticShard":37}]},"card_choices":[{"not_picked":["Chrysalis","The Bomb"],"picked":"Sadistic Nature","floor":0.0},{"not_picked":["HollowMod:CycloneSlash","HollowMod:NewGlowingWomb"],"picked":"HollowMod:QuirrelsAssistance","floor":1.0},{"not_picked":["HollowMod:HeavyBlow","HollowMod:SiblingsSouls"],"picked":"HollowMod:NewInfectedGuardian","floor":2.0},{"not_picked":["HollowMod:DescendingDark","HollowMod:SoulStrike"],"picked":"HollowMod:LuriensSpire","floor":4.0},{"not_picked":["HollowMod:Grubsong","HollowMod:SiblingsShadow"],"picked":"HollowMod:QuirrelsAssistance","floor":10.0},{"not_picked":["HollowMod:InfectionAssault","HollowMod:SharpenedNail"],"picked":"HollowMod:PerfectDash","floor":12.0},{"not_picked":["HollowMod:BlackTendrils","HollowMod:DreamGate"],"picked":"HollowMod:TaintedHusks","floor":14.0},{"not_picked":["HollowMod:SoulMaster","HollowMod:AwokenDreamNail"],"picked":"HollowMod:SlysStrikes","floor":16.0},{"not_picked":["HollowMod:CycloneSlash","HollowMod:GoodIntentions"],"picked":"HollowMod:NewLittleFool","floor":18.0},{"not_picked":["HollowMod:Grubsong","HollowMod:VengefulVoid"],"picked":"HollowMod:SoulSplash","floor":19.0},{"not_picked":["Rupture","Wild Strike"],"picked":"Backflip","floor":21.0}],"player_experience":47517,"relics_obtained":[{"floor":2.0,"key":"CeramicFish"},{"floor":9.0,"key":"HollowMod:LumaflyLanternRelic"},{"floor":10.0,"key":"Boot"}],"event_choices":[],"is_beta":false,"boss_relics":[{"not_picked":["SacredBark","Runic Dome"],"picked":"SlaversCollar"}],"items_purged_floors":[20],"is_endless":false,"potions_floor_spawned":[2,4,14,19,21],"killed_by":"Hallownest:Master_and_Novice","ascension_level":0}}