{"host":"3l94tha3a4jgu0q4","time":1614403292,"event":{"mods":["2.2 Compatiblity","AchievementEnabler","Aspiration","BaseMod","Better Altar","Better Match","Better Note","Better Sensory Stone","Better Skull","Better Third Choice","Colored Map","Colored Powertips","Fox Events","Hermit","Highlight Path","Hubris","Humility","Minty Spire (QoL Compilation)","Monster B Gone","Permanent Neow","Relic Stats","Replay The Spire","StSLib","SuperFastMode","The IronCluck","Wandering Minibosses","slay the spire mod where everything is the same but ironclad has a cowboy hat"],"gold_per_floor":[119,119,136,147,147,147,147],"floor_reached":6,"language":"ENG","playtime":244,"items_purged":[],"score":70,"play_id":"9fc170fa-fbdc-407b-ad40-fb220b3b3ef4","local_time":"20210226212132","is_ascension_mode":true,"campfire_choices":[],"circlet_count":0,"master_deck":["AscendersBane","Strike_P","Strike_P","Strike_P","Defend_P","Defend_P","Defend_P","Defend_P","Eruption","Vigilance","InnerPeace","Study","Crescendo","Armaments"],"relics":["aspiration:IroncladSkillbook"],"acts_visited":["Exordium"],"potions_floor_usage":[6,6],"damage_taken":[{"damage":3.0,"enemies":"Small Slimes","floor":1.0,"turns":3.0},{"damage":9.0,"enemies":"Cultist","floor":3.0,"turns":5.0},{"damage":29.0,"enemies":"Jaw Worm","floor":4.0,"turns":5.0},{"damage":71,"enemies":"Lagavulin","floor":6,"turns":6}],"seed_played":"1841368874198683655","potions_obtained":[{"floor":1.0,"key":"FearPotion"},{"floor":4.0,"key":"Adrenaline Potion"}],"is_trial":false,"path_per_floor":["M","?","M","M","T","E"],"character_chosen":"WATCHER","items_purchased":[],"campfire_rested":0,"item_purchase_floors":[],"current_hp_per_floor":[62,62,57,32,32,0,0],"gold":147,"neow_bonus":"BOSS_RELIC","is_daily":false,"chose_seed":false,"campfire_upgraded":0,"win_rate":0.0,"timestamp":1614403292,"path_taken":["M","?","?","M","?","E"],"items_purchased_type":[],"build_version":"2020-12-22","purchased_purges":0,"victory":false,"max_hp_per_floor":[68,68,68,68,68,68,68],"relic_stats":{"counters":[4,19],"obtain_stats":[{"PureWater":0,"aspiration:IroncladSkillbook":0},{"PureWater":0,"aspiration:IroncladSkillbook":0},{"PureWater":0,"aspiration:IroncladSkillbook":0}]},"card_choices":[{"not_picked":["Shockwave","Sword Boomerang","Replay:Battleflow"],"picked":"InnerPeace","floor":1.0},{"not_picked":["Halt","CutThroughFate","ReplayTheSpireMod:Strike From Hell"],"picked":"Crescendo","floor":3.0},{"not_picked":["Power Through","CutThroughFate","Clothesline"],"picked":"Armaments","floor":4.0}],"player_experience":1999795,"relics_obtained":[],"event_choices":[{"damage_healed":0.0,"max_hp_gain":0.0,"max_hp_loss":0.0,"gold_gain":0.0,"cards_transformed":["Strike_P"],"event_name":"Transmorgrifier","player_choice":"Transformed","floor":2.0,"gold_loss":0.0,"damage_taken":0.0,"cards_obtained":["Study"]}],"is_beta":false,"boss_relics":[],"items_purged_floors":[],"is_endless":false,"potions_floor_spawned":[1,4],"killed_by":"Lagavulin","ascension_level":19,"is_humility":true}}