{"host":"7cp3z5w0tcrrm8ys","time":1614428711,"event":{"mods":["AchievementEnabler","BaseMod","DeckTracker","Minty Spire (QoL Compilation)","StSLib","SuperFastMode"],"gold_per_floor":[116,266,285,210,180,205,217,217,242,253,20,20,39,71,71,71,71],"floor_reached":16,"language":"KOR","playtime":308,"items_purged":["Strike_R"],"score":270,"play_id":"1b0c7d99-94d4-4212-9d12-5880b92a45f1","local_time":"20210227212511","is_ascension_mode":true,"campfire_choices":[{"data":"Flex","floor":12,"key":"SMITH"},{"data":"Burning Pact","floor":15,"key":"SMITH"}],"circlet_count":0,"master_deck":["AscendersBane","Strike_R","Strike_R","Strike_R","Strike_R","Defend_R","Defend_R","Defend_R","Defend_R","Bash","Iron Wave","Pummel","Reckless Charge","Flex+1","Burning Pact+1"],"relics":["Burning Blood","NeowsBlessing","Vajra","Happy Flower","Bag of Marbles","Letter Opener"],"acts_visited":["Exordium"],"potions_floor_usage":[16,16],"damage_taken":[{"damage":0,"enemies":"Cultist","floor":1,"turns":1},{"damage":0,"enemies":"Small Slimes","floor":3,"turns":1},{"damage":0,"enemies":"Lagavulin","floor":6,"turns":1},{"damage":5,"enemies":"2 Louse","floor":7,"turns":3},{"damage":5,"enemies":"Lots of Slimes","floor":10,"turns":5},{"damage":0,"enemies":"Looter","floor":13,"turns":1},{"damage":8,"enemies":"Gremlin Nob","floor":14,"turns":3},{"damage":80,"enemies":"Hexaghost","floor":16,"turns":11}],"seed_played":"-3250817795255070670","potions_obtained":[{"floor":1,"key":"FearPotion"},{"floor":5,"key":"LiquidMemories"},{"floor":10,"key":"HeartOfIron"}],"is_trial":false,"path_per_floor":["M","?","M","?","?","E","M","?","T","M","$","R","M","E","R","B"],"character_chosen":"IRONCLAD","items_purchased":["Bag of Marbles"],"campfire_rested":0,"item_purchase_floors":[11],"current_hp_per_floor":[74,74,75,75,75,75,75,75,75,75,75,75,75,73,73,0,0],"gold":71,"neow_bonus":"THREE_ENEMY_KILL","is_daily":false,"chose_seed":false,"campfire_upgraded":2,"win_rate":0.0,"timestamp":1614428711,"path_taken":["M","?","M","?","?","E","?","?","T","M","$","R","M","E","R","BOSS"],"items_purchased_type":["Relic"],"build_version":"2020-12-22","purchased_purges":1,"victory":false,"max_hp_per_floor":[75,75,75,75,75,75,75,75,75,75,75,75,75,75,75,75,75],"card_choices":[{"not_picked":["Feel No Pain","Heavy Blade"],"picked":"Iron Wave","floor":1},{"not_picked":["Clash","Clothesline","Bloodletting"],"picked":"SKIP","floor":3},{"not_picked":["Inflame","Iron Wave","Fire Breathing"],"picked":"SKIP","floor":6},{"not_picked":["Clash","Sever Soul"],"picked":"Pummel","floor":7},{"not_picked":["Anger","Iron Wave"],"picked":"Flex","floor":10},{"not_picked":["Spot Weakness","True Grit"],"picked":"Burning Pact","floor":13},{"not_picked":["Warcry","Iron Wave","Combust"],"picked":"SKIP","floor":14}],"player_experience":839944,"relics_obtained":[{"floor":6,"key":"Vajra"},{"floor":9,"key":"Happy Flower"},{"floor":14,"key":"Letter Opener"}],"event_choices":[{"damage_healed":0,"gold_gain":150,"player_choice":"AGREE","damage_taken":0,"max_hp_gain":0,"max_hp_loss":0,"event_name":"Liars Game","floor":2,"gold_loss":0,"cards_obtained":["Doubt"]},{"cards_removed":["Doubt"],"damage_healed":0,"gold_gain":0,"player_choice":"Card Removal","damage_taken":0,"max_hp_gain":0,"max_hp_loss":0,"event_name":"The Cleric","floor":4,"gold_loss":75},{"damage_healed":0,"gold_gain":0,"player_choice":"Bought 2 Potions","damage_taken":0,"max_hp_gain":0,"max_hp_loss":0,"event_name":"The Woman in Blue","floor":5,"gold_loss":0},{"damage_healed":0,"gold_gain":0,"player_choice":"1 cards matched","damage_taken":0,"max_hp_gain":0,"max_hp_loss":0,"event_name":"Match and Keep!","floor":8,"gold_loss":0,"cards_obtained":["Reckless Charge"]}],"is_beta":false,"boss_relics":[],"items_purged_floors":[11],"is_endless":false,"potions_floor_spawned":[1,10,14],"killed_by":"Hexaghost","ascension_level":20}}