{"host":"d0btaf6p0msba79e","time":1614408767,"event":{"mods":["BaseMod","BetterRewards","Minty Spire (QoL Compilation)"],"gold_per_floor":[117,134,152,102,277,309,106,106,106,106,135,146,246,261,261,361,361,378,477,457,34,49,49,65,100,100,100,133,150,169,188,188,287,287,301,314,95,95,118,147,147,176,176,176,193,193,193,219,219,219,219,219,68,95,95],"floor_reached":56,"language":"ENG","playtime":3925,"items_purged":["Strike_P","Doubt","Defend_P"],"score":2307,"play_id":"53936179-0a3e-4e48-b99f-749e4dcb2961","local_time":"20210227175247","is_ascension_mode":true,"campfire_choices":[{"floor":8,"key":"REST"},{"floor":15,"key":"DIG"},{"floor":23,"key":"DIG"},{"floor":32,"key":"REST"},{"data":"Apotheosis","floor":41,"key":"SMITH"},{"floor":44,"key":"DIG"},{"floor":46,"key":"DIG"},{"floor":49,"key":"RECALL"},{"floor":52,"key":"DIG"}],"circlet_count":0,"master_deck":["AscendersBane","Defend_P","Defend_P","Eruption+1","Vigilance","WheelKick","BattleHymn","Wallop","Protect","FollowUp","CutThroughFate","Consecrate+1","CutThroughFate+1","FlurryOfBlows+1","CutThroughFate+1","FearNoEvil+1","DevaForm","Alpha+1","InnerPeace+1","Tantrum+1","SashWhip+1","DeusExMachina","WaveOfTheHand","TalkToTheHand+1","MasterReality","TalkToTheHand+1","Apotheosis+1","CutThroughFate+1","SpiritShield"],"relics":["PureWater","Dream Catcher","HandDrill","GoldenEye","Mummified Hand","CaptainsWheel","Shovel","Vajra","Peace Pipe","Lizard Tail","Molten Egg 2","Bottled Tornado","Singing Bowl","Du-Vu Doll","Astrolabe","Medical Kit","Regal Pillow","Thread and Needle","Damaru","Sozu","Pen Nib","Boot","Dead Branch","Gambling Chip","Kunai","Bronze Scales","TeardropLocket","Toy Ornithopter","Shuriken","Orichalcum"],"acts_visited":["Exordium","TheCity","TheBeyond","TheEnding"],"potions_floor_usage":[6,18,24,28,29,36,47],"damage_taken":[{"damage":0,"enemies":"Cultist","floor":1,"turns":2},{"damage":0,"enemies":"2 Louse","floor":2,"turns":2},{"damage":0,"enemies":"Small Slimes","floor":3,"turns":2},{"damage":0,"enemies":"Lagavulin","floor":6,"turns":3},{"damage":0,"enemies":"Gremlin Nob","floor":11,"turns":2},{"damage":6,"enemies":"Red Slaver","floor":12,"turns":2},{"damage":0,"enemies":"2 Fungi Beasts","floor":14,"turns":2},{"damage":3,"enemies":"The Guardian","floor":16,"turns":5},{"damage":7,"enemies":"3 Byrds","floor":18,"turns":3},{"damage":8,"enemies":"Chosen","floor":22,"turns":2},{"damage":1,"enemies":"Centurion and Healer","floor":24,"turns":3},{"damage":12,"enemies":"Gremlin Leader","floor":25,"turns":3},{"damage":11,"enemies":"Book of Stabbing","floor":28,"turns":4},{"damage":24,"enemies":"Shelled Parasite and Fungi","floor":29,"turns":3},{"damage":0,"enemies":"Sentry and Sphere","floor":30,"turns":2},{"damage":0,"enemies":"Snecko","floor":31,"turns":2},{"damage":5,"enemies":"Collector","floor":33,"turns":6},{"damage":7,"enemies":"Orb Walker","floor":35,"turns":2},{"damage":10,"enemies":"3 Darklings","floor":36,"turns":3},{"damage":3,"enemies":"Nemesis","floor":40,"turns":5},{"damage":5,"enemies":"Reptomancer","floor":42,"turns":3},{"damage":0,"enemies":"Jaw Worm Horde","floor":45,"turns":2},{"damage":0,"enemies":"Writhing Mass","floor":47,"turns":1},{"damage":43,"enemies":"Time Eater","floor":50,"turns":5},{"damage":29,"enemies":"Shield and Spear","floor":54,"turns":3},{"damage":49,"enemies":"The Heart","floor":55,"turns":6}],"seed_played":"2488461401287694762","potions_obtained":[{"floor":1,"key":"ColorlessPotion"},{"floor":2,"key":"SkillPotion"},{"floor":18,"key":"Swift Potion"},{"floor":20,"key":"SmokeBomb"},{"floor":25,"key":"PowerPotion"},{"floor":28,"key":"Swift Potion"},{"floor":29,"key":"LiquidMemories"}],"is_trial":false,"path_per_floor":["M","M","M","?","?","E","$","R","T","?","E","M","?","M","R","B",null,"M","?","?","$","M","R","M","E","T","$","E","M","M","M","R","B",null,"M","M","$","?","T","E","R","E","T","R","M","R","M","T","R","B",null,"R","$","E","B",null],"character_chosen":"WATCHER","items_purchased":["Dream Catcher","HandDrill","WheelKick","BattleHymn","Mummified Hand","CaptainsWheel","Vajra","Peace Pipe","Wallop","CutThroughFate+1","FlurryOfBlows+1","Medical Kit","DeusExMachina","TalkToTheHand+1","Pen Nib","SpiritShield"],"campfire_rested":2,"item_purchase_floors":[0,0,0,0,0,0,0,0,0,7,7,21,21,37,37,53],"current_hp_per_floor":[23,23,23,23,23,23,23,44,44,44,46,40,40,42,42,39,67,60,60,60,60,54,54,53,41,41,41,32,10,12,14,56,51,79,74,66,66,66,66,63,63,60,60,60,62,62,62,62,62,19,77,77,77,50,1],"gold":95,"neow_bonus":"","is_daily":false,"chose_seed":false,"campfire_upgraded":1,"win_rate":0.0,"timestamp":1614408767,"path_taken":["M","?","M","?","?","E","$","R","T","?","E","?","?","?","R","BOSS","M","?","?","$","M","R","?","E","T","?","E","M","?","M","R","BOSS","M","M","$","?","?","E","R","E","T","R","M","R","M","?","R","BOSS","R","$","E","BOSS"],"items_purchased_type":["Relic","Relic","Card","Card","Relic","Relic","Relic","Relic","Card","Card","Card","Relic","Card","Card","Relic","Card"],"build_version":"2020-12-22","purchased_purges":3,"victory":true,"max_hp_per_floor":[72,72,72,72,72,72,72,72,72,72,74,74,74,76,76,76,76,76,76,76,76,78,78,78,78,78,78,80,82,84,86,88,88,88,90,92,92,92,92,92,92,94,94,94,96,96,96,96,96,96,96,96,96,98,98],"card_choices":[{"not_picked":["Prostrate","WreathOfFlame"],"picked":"Protect","floor":1},{"not_picked":["Consecrate","ClearTheMind"],"picked":"FollowUp","floor":2},{"not_picked":["WaveOfTheHand","MentalFortress"],"picked":"CutThroughFate","floor":3},{"not_picked":["EmptyBody","Worship"],"picked":"Consecrate+1","floor":6},{"not_picked":["EmptyBody","LikeWater"],"picked":"CutThroughFate+1","floor":8},{"not_picked":["Nirvana","Blasphemy","Study"],"picked":"Singing Bowl","floor":11},{"not_picked":["CrushJoints+1","Collect"],"picked":"FearNoEvil+1","floor":12},{"not_picked":["EmptyFist+1","FlyingSleeves+1","Pray"],"picked":"Singing Bowl","floor":14},{"not_picked":["ConjureBlade","Omniscience"],"picked":"DevaForm","floor":16},{"not_picked":["SignatureMove+1","FlyingSleeves+1"],"picked":"SashWhip+1","floor":18},{"not_picked":["Halt","Consecrate+1","InnerPeace+1"],"picked":"Singing Bowl","floor":22},{"not_picked":["Consecrate+1","BattleHymn"],"picked":"WaveOfTheHand","floor":24},{"not_picked":["Tantrum+1","CarveReality+1"],"picked":"TalkToTheHand+1","floor":25},{"not_picked":["Brilliance+1","FlyingSleeves+1","CutThroughFate+1"],"picked":"Singing Bowl","floor":28},{"not_picked":["WindmillStrike+1","Vengeance","Worship"],"picked":"Singing Bowl","floor":29},{"not_picked":["Fasting2","Wireheading","WaveOfTheHand+1"],"picked":"Singing Bowl","floor":30},{"not_picked":["Nirvana","Evaluate","FlyingSleeves+1"],"picked":"Singing Bowl","floor":31},{"not_picked":["Evaluate+1","Perseverance","Pray"],"picked":"Singing Bowl","floor":32},{"not_picked":["SpiritShield","Judgement"],"picked":"MasterReality","floor":33},{"not_picked":["ClearTheMind+1","EmptyBody","SashWhip+1"],"picked":"Singing Bowl","floor":35},{"not_picked":["JustLucky+1","CutThroughFate+1","Meditate+1"],"picked":"Singing Bowl","floor":36},{"not_picked":["Swift Strike+1","Sadistic Nature"],"picked":"Apotheosis","floor":38},{"not_picked":["PathToVictory+1","Protect"],"picked":"CutThroughFate+1","floor":40},{"not_picked":["Crescendo","BowlingBash+1","DevaForm"],"picked":"Singing Bowl","floor":42},{"not_picked":["ThirdEye+1","EmptyFist+1","Crescendo+1"],"picked":"Singing Bowl","floor":45},{"not_picked":["CarveReality+1","LikeWater+1","EmptyBody"],"picked":"Singing Bowl","floor":54}],"player_experience":1112350,"relics_obtained":[{"floor":6,"key":"Molten Egg 2"},{"floor":9,"key":"Bottled Tornado"},{"floor":11,"key":"Singing Bowl"},{"floor":15,"key":"Du-Vu Doll"},{"floor":23,"key":"Regal Pillow"},{"floor":25,"key":"Thread and Needle"},{"floor":28,"key":"Damaru"},{"floor":39,"key":"Boot"},{"floor":40,"key":"Dead Branch"},{"floor":42,"key":"Gambling Chip"},{"floor":43,"key":"Kunai"},{"floor":44,"key":"Bronze Scales"},{"floor":46,"key":"TeardropLocket"},{"floor":48,"key":"Toy Ornithopter"},{"floor":52,"key":"Shuriken"},{"floor":54,"key":"Orichalcum"}],"event_choices":[{"cards_removed":["Strike_P"],"damage_healed":0,"gold_gain":0,"player_choice":"Card Removal","damage_taken":0,"max_hp_gain":0,"max_hp_loss":0,"event_name":"The Cleric","floor":4,"gold_loss":50},{"damage_healed":0,"gold_gain":175,"player_choice":"AGREE","damage_taken":0,"max_hp_gain":0,"max_hp_loss":0,"event_name":"Liars Game","floor":5,"gold_loss":0,"cards_obtained":["Doubt"]},{"damage_healed":0,"gold_gain":0,"player_choice":"Forge","damage_taken":0,"max_hp_gain":0,"max_hp_loss":0,"event_name":"Accursed Blacksmith","floor":10,"gold_loss":0,"cards_upgraded":["Eruption"]},{"damage_healed":0,"gold_gain":100,"player_choice":"Pray","damage_taken":0,"max_hp_gain":0,"max_hp_loss":0,"event_name":"Golden Shrine","floor":13,"gold_loss":0},{"damage_healed":0,"gold_gain":99,"player_choice":"Stole From Cult","damage_taken":0,"max_hp_gain":0,"max_hp_loss":0,"event_name":"Nest","floor":19,"gold_loss":0},{"damage_healed":0,"gold_gain":0,"player_choice":"Bought 1 Potion","damage_taken":0,"max_hp_gain":0,"max_hp_loss":0,"event_name":"The Woman in Blue","floor":20,"gold_loss":0},{"damage_healed":0,"gold_gain":0,"player_choice":"Memory 1","damage_taken":0,"max_hp_gain":0,"max_hp_loss":0,"event_name":"SensoryStone","floor":38,"gold_loss":0}],"is_beta":false,"boss_relics":[{"not_picked":["Calling Bell","Tiny House"],"picked":"Astrolabe"},{"not_picked":["SacredBark","HolyWater"],"picked":"Sozu"}],"items_purged_floors":[0,7,21],"is_endless":false,"potions_floor_spawned":[1,2,18,25,28,29,31,42,47],"ascension_level":11}}