{"host":"6r762osam2bvfm66","time":1614434817,"event":{"mods":["AchievementEnabler","BaseMod","Colored Map","Highlight Path","Minty Spire (QoL Compilation)","Relic Stats","ojb\u0027s Info Mod"],"gold_per_floor":[113,132,132,143,163,163,189,189,268,298,298,308,324,324,324,423,423,435,435,452,227,264,289,289,324,403,417,516,552,552,587,587,713,713,753,363,406,56,56,56,82,82,82],"floor_reached":42,"language":"ENG","playtime":7504,"items_purged":["JustLucky"],"score":737,"play_id":"407a8599-1d81-492b-b098-31a910a8bea2","local_time":"20210227080657","is_ascension_mode":true,"campfire_choices":[{"data":"Wireheading","floor":6.0,"key":"SMITH"},{"data":"ClearTheMind","floor":8.0,"key":"SMITH"},{"floor":11.0,"key":"REST"},{"floor":15.0,"key":"REST"},{"data":"SandsOfTime","floor":24,"key":"SMITH"},{"data":"Wallop","floor":30,"key":"SMITH"},{"floor":32,"key":"REST"},{"data":"TalkToTheHand","floor":40,"key":"SMITH"}],"circlet_count":0,"master_deck":["Eruption","Vigilance","Wireheading+1","Tantrum","ThirdEye","WaveOfTheHand","ClearTheMind+1","Wallop+1","Tantrum","Blasphemy","Conclude","Wish","LikeWater","SandsOfTime+1","Establishment","ThirdEye","Evaluate","Nirvana","Halt","EmptyBody","Wallop","Protect+1","BattleHymn+1","ClearTheMind+1","Judgement+1","ThirdEye+1","Worship+1","TalkToTheHand+1","Indignation+1","Apotheosis+1","Prostrate+1","Weave+1"],"relics":["PureWater","NeowsBlessing","Ice Cream","Kunai","Lantern","Pandora\u0027s Box","Ancient Tea Set","Blue Candle","Toxic Egg 2","Incense Burner","Snecko Eye","Happy Flower","Bag of Preparation","Juzu Bracelet"],"acts_visited":["Exordium","TheCity","TheBeyond"],"potions_floor_usage":[23,29,29,31,41],"damage_taken":[{"damage":0.0,"enemies":"Cultist","floor":1.0,"turns":1.0},{"damage":0.0,"enemies":"Jaw Worm","floor":2.0,"turns":1.0},{"damage":0.0,"enemies":"2 Louse","floor":4.0,"turns":1.0},{"damage":8.0,"enemies":"Lots of Slimes","floor":5.0,"turns":4.0},{"damage":15.0,"enemies":"Gremlin Nob","floor":7.0,"turns":3.0},{"damage":50.0,"enemies":"3 Sentries","floor":10.0,"turns":8.0},{"damage":3.0,"enemies":"Blue Slaver","floor":12.0,"turns":5.0},{"damage":0.0,"enemies":"3 Louse","floor":13.0,"turns":3.0},{"damage":0.0,"enemies":"The Guardian","floor":16.0,"turns":10.0},{"damage":0,"enemies":"Spheric Guardian","floor":18,"turns":2},{"damage":5,"enemies":"Shell Parasite","floor":20,"turns":3},{"damage":9,"enemies":"Centurion and Healer","floor":22,"turns":7},{"damage":7,"enemies":"Slavers","floor":23,"turns":5},{"damage":10,"enemies":"Gremlin Leader","floor":25,"turns":2},{"damage":1,"enemies":"Chosen and Byrds","floor":27,"turns":4},{"damage":14,"enemies":"Cultist and Chosen","floor":29,"turns":5},{"damage":14,"enemies":"Book of Stabbing","floor":31,"turns":6},{"damage":14,"enemies":"Champ","floor":33,"turns":9},{"damage":0,"enemies":"3 Shapes","floor":35,"turns":3},{"damage":13,"enemies":"Orb Walker","floor":37,"turns":3},{"damage":47,"enemies":"Nemesis","floor":41,"turns":5},{"damage":19,"enemies":"Maw","floor":42,"turns":2}],"seed_played":"9069306415350569531","potions_obtained":[{"floor":1.0,"key":"AttackPotion"},{"floor":3.0,"key":"ColorlessPotion"},{"floor":3.0,"key":"LiquidMemories"},{"floor":7.0,"key":"Regen Potion"},{"floor":13.0,"key":"Explosive Potion"},{"floor":16.0,"key":"BottledMiracle"},{"floor":18,"key":"SteroidPotion"},{"floor":20,"key":"GamblersBrew"},{"floor":29,"key":"Weak Potion"},{"floor":35,"key":"PowerPotion"},{"floor":41,"key":"SpeedPotion"}],"is_trial":false,"path_per_floor":["M","M","?","M","M","R","E","R","T","E","R","M","M","?","R","B",null,"M","?","M","$","M","E","R","E","T","M","?","M","R","E","R","B",null,"M","$","M","$","?","R","E","M"],"character_chosen":"WATCHER","items_purchased":["Nirvana","Halt","EmptyBody","Wallop","Happy Flower","ThirdEye+1","Worship+1","TalkToTheHand","Bag of Preparation","Apotheosis+1","Prostrate+1"],"campfire_rested":3,"item_purchase_floors":[21,21,21,21,36,36,36,36,38,38,38],"current_hp_per_floor":[65,65,65,65,57,57,42,42,42,6,27,24,24,17,38,38,64,64,82,77,77,68,61,61,51,51,50,50,36,36,22,46,32,70,70,70,57,57,57,57,10,0,0],"gold":82,"neow_bonus":"THREE_ENEMY_KILL","is_daily":false,"chose_seed":false,"campfire_upgraded":5,"win_rate":0.0,"timestamp":1614434817,"path_taken":["M","?","?","M","M","R","E","R","T","E","R","M","?","?","R","BOSS","M","?","M","$","M","E","R","E","T","?","?","M","R","E","R","BOSS","M","$","M","$","?","R","E","M"],"items_purchased_type":["Card","Card","Card","Card","Relic","Card","Card","Card","Relic","Card","Card"],"build_version":"2020-12-22","purchased_purges":1,"victory":false,"max_hp_per_floor":[72,72,72,72,72,72,72,72,72,72,72,72,72,72,72,72,72,72,82,82,82,82,82,82,82,82,82,82,82,82,82,82,82,82,82,82,82,82,82,82,82,82,82],"relic_stats":{"Happy Flower":[3],"counters":[22,92],"Blue Candle":[0],"Snecko Eye":[19,29,26,15],"Pandora\u0027s Box":["Conclude","Wish","LikeWater","Establishment","SandsOfTime","Establishment","SashWhip"],"Bag of Preparation":[4],"Juzu Bracelet":0,"Kunai":[27],"obtain_stats":[{"Ice Cream":7,"Lantern":10,"NeowsBlessing":0,"Happy Flower":36,"Blue Candle":25,"Incense Burner":31,"Bag of Preparation":38,"Juzu Bracelet":41,"Ancient Tea Set":23,"Snecko Eye":34,"Pandora\u0027s Box":17,"Kunai":9,"PureWater":0,"Toxic Egg 2":26},{"Ice Cream":5,"Lantern":6,"NeowsBlessing":0,"Happy Flower":19,"Blue Candle":14,"Incense Burner":17,"Bag of Preparation":20,"Juzu Bracelet":21,"Ancient Tea Set":13,"Snecko Eye":18,"Pandora\u0027s Box":9,"Kunai":5,"PureWater":0,"Toxic Egg 2":14},{"Ice Cream":10,"Lantern":18,"NeowsBlessing":0,"Happy Flower":82,"Blue Candle":55,"Incense Burner":70,"Bag of Preparation":85,"Juzu Bracelet":90,"Ancient Tea Set":53,"Snecko Eye":79,"Pandora\u0027s Box":36,"Kunai":10,"PureWater":0,"Toxic Egg 2":55}]},"card_choices":[{"not_picked":["Crescendo","SashWhip"],"picked":"Wireheading","floor":1.0},{"not_picked":["ThirdEye","EmptyFist"],"picked":"Tantrum","floor":2.0},{"not_picked":["Crescendo","Prostrate"],"picked":"ThirdEye","floor":4.0},{"not_picked":["ThirdEye","SashWhip"],"picked":"WaveOfTheHand","floor":5.0},{"not_picked":["EmptyBody","DeceiveReality"],"picked":"ClearTheMind","floor":7.0},{"not_picked":["Pray","Ragnarok"],"picked":"Wallop","floor":10.0},{"not_picked":["CutThroughFate","SashWhip"],"picked":"Tantrum","floor":12.0},{"not_picked":["Fasting2","CarveReality"],"picked":"JustLucky","floor":13.0},{"not_picked":["Scrawl","Vault"],"picked":"Blasphemy","floor":16.0},{"not_picked":["CrushJoints","PathToVictory"],"picked":"ThirdEye","floor":18},{"not_picked":["Conclude","Consecrate"],"picked":"Evaluate","floor":20},{"not_picked":["Halt","Evaluate"],"picked":"Protect+1","floor":22},{"not_picked":["SashWhip+1","WaveOfTheHand"],"picked":"BattleHymn+1","floor":23},{"not_picked":["Sanctity","Wallop","Protect+1"],"picked":"SKIP","floor":25},{"not_picked":["CutThroughFate","JustLucky","DevaForm"],"picked":"SKIP","floor":27},{"not_picked":["FlyingSleeves","JustLucky","CutThroughFate"],"picked":"SKIP","floor":29},{"not_picked":["FlyingSleeves","EmptyFist+1"],"picked":"ClearTheMind+1","floor":31},{"not_picked":["Devotion","Blasphemy+1"],"picked":"Judgement+1","floor":33},{"not_picked":["FollowUp+1","FlurryOfBlows+1","ClearTheMind+1"],"picked":"SKIP","floor":35},{"not_picked":["Tantrum","Vengeance+1"],"picked":"Indignation+1","floor":37},{"not_picked":["Swivel+1","FollowUp"],"picked":"Weave+1","floor":41}],"player_experience":158593,"relics_obtained":[{"floor":7.0,"key":"Ice Cream"},{"floor":9.0,"key":"Kunai"},{"floor":10.0,"key":"Lantern"},{"floor":23,"key":"Ancient Tea Set"},{"floor":25,"key":"Blue Candle"},{"floor":26,"key":"Toxic Egg 2"},{"floor":31,"key":"Incense Burner"},{"floor":41,"key":"Juzu Bracelet"}],"event_choices":[{"damage_healed":0.0,"max_hp_gain":0.0,"max_hp_loss":0.0,"gold_gain":0.0,"event_name":"Lab","player_choice":"Got Potions","floor":3.0,"gold_loss":0.0,"damage_taken":0.0},{"cards_removed":["Strike_P"],"damage_healed":0.0,"max_hp_gain":0.0,"max_hp_loss":0.0,"gold_gain":0.0,"event_name":"Golden Wing","player_choice":"Card Removal","floor":14.0,"gold_loss":0.0,"damage_taken":7.0},{"cards_removed":["Establishment"],"damage_healed":8,"gold_gain":0,"player_choice":"Offered Rare","damage_taken":0,"max_hp_gain":10,"max_hp_loss":0,"event_name":"Bonfire Elementals","floor":19,"gold_loss":0},{"damage_healed":0,"gold_gain":99,"player_choice":"Stole From Cult","damage_taken":0,"max_hp_gain":0,"max_hp_loss":0,"event_name":"Nest","floor":28,"gold_loss":0},{"cards_removed":["SashWhip"],"damage_healed":0,"gold_gain":0,"player_choice":"Removed Attack","damage_taken":0,"max_hp_gain":0,"max_hp_loss":0,"event_name":"Falling","floor":39,"gold_loss":0}],"is_beta":false,"boss_relics":[{"not_picked":["Calling Bell","HolyWater"],"picked":"Pandora\u0027s Box"},{"not_picked":["Astrolabe","VioletLotus"],"picked":"Snecko Eye"}],"items_purged_floors":[36],"is_endless":false,"potions_floor_spawned":[1,4,7,13,16,18,20,22,29,35,41],"killed_by":"Maw","ascension_level":7}}