{"host":"nv1rw0372aj1kj6e","time":1614424015,"event":{"mods":["AchievementEnabler","BaseMod","Minty Spire (QoL Compilation)","Rare Cards Sparkle","Replay The Spire","StSLib","everything is the same but u backflip on backflip"],"gold_per_floor":[113,13,88,88,8,8,38,48,94,109,126,126,126,143,143,239,239,254,10,24,35,45,45,45,45],"floor_reached":24,"language":"ENG","playtime":2187,"items_purged":["Strike_G"],"score":307,"play_id":"bec8d99a-1892-4f3a-9ad4-e278190110ac","local_time":"20210227120655","is_ascension_mode":true,"campfire_choices":[{"data":"Neutralize","floor":6,"key":"SMITH"},{"floor":12,"key":"REST"},{"floor":15,"key":"REST"},{"floor":23,"key":"REST"}],"circlet_count":0,"master_deck":["AscendersBane","Strike_G","Strike_G+1","Strike_G","Defend_G","Defend_G","Defend_G","Defend_G","Defend_G","Survivor","Neutralize+1","Atom Bomb","Outmaneuver+1","Flying Knee","Well Laid Plans","Backflip","Backflip","Burst","ReplayTheSpireMod:Brewmster","Calculated Gamble+1","Backstab"],"relics":["Ring of the Snake","Replay:Bottled Snecko","Gremlin Food","Fusion Hammer","Membership Card"],"acts_visited":["Exordium","TheCity"],"potions_floor_usage":[16,18,21,21,22,24,24,24],"damage_taken":[{"damage":0,"enemies":"Cultist","floor":1,"turns":5},{"damage":48,"enemies":"3 Sentries","floor":7,"turns":18},{"damage":1,"enemies":"2 Louse","floor":8,"turns":5},{"damage":0,"enemies":"Jaw Worm","floor":10,"turns":2},{"damage":0,"enemies":"Red Slaver","floor":11,"turns":1},{"damage":0,"enemies":"3 Louse","floor":14,"turns":4},{"damage":19,"enemies":"The Guardian","floor":16,"turns":13},{"damage":11,"enemies":"3 Byrds","floor":18,"turns":4},{"damage":1,"enemies":"Shell Parasite","floor":20,"turns":2},{"damage":8,"enemies":"Snake Plant","floor":21,"turns":6},{"damage":12,"enemies":"Snecko","floor":22,"turns":5},{"damage":64,"enemies":"Gremlin Leader","floor":24,"turns":6}],"seed_played":"-3006601705612119310","potions_obtained":[{"floor":7,"key":"PowerPotion"},{"floor":16,"key":"LiquidBronze"},{"floor":20,"key":"SpeedPotion"},{"floor":21,"key":"Fruit Juice"}],"is_trial":false,"path_per_floor":["M","$","?","?","$","R","E","M","T","M","M","R","?","M","R","B",null,"M","$","M","M","M","R","E"],"character_chosen":"THE_SILENT","items_purchased":["Flying Knee","Well Laid Plans","Membership Card","ReplayTheSpireMod:Brewmster"],"campfire_rested":3,"item_purchase_floors":[2,5,19,19],"current_hp_per_floor":[63,63,52,57,57,57,9,8,8,8,8,30,30,30,52,33,65,54,54,53,50,38,62,0,0],"gold":45,"neow_bonus":"ONE_RANDOM_RARE_CARD","is_daily":false,"chose_seed":false,"campfire_upgraded":1,"win_rate":0.0,"timestamp":1614424015,"path_taken":["M","$","?","?","$","R","E","M","T","M","M","R","?","M","R","BOSS","M","$","M","M","M","R","E"],"items_purchased_type":["Card","Card","Relic","Card"],"build_version":"2020-12-22","purchased_purges":1,"victory":false,"max_hp_per_floor":[70,70,70,75,75,75,75,75,75,75,75,75,75,75,75,75,75,75,75,75,80,80,80,80,80],"card_choices":[{"not_picked":["Concentrate","Replay:Poison Smokescreen"],"picked":"Outmaneuver","floor":1},{"not_picked":["Quick Slash","Wraith Form v2","Deadly Poison"],"picked":"SKIP","floor":7},{"not_picked":["Flechettes","Outmaneuver"],"picked":"Backflip","floor":8},{"not_picked":["ReplayTheSpireMod:The Works","Underhanded Strike"],"picked":"Backflip","floor":10},{"not_picked":["Backflip","PiercingWail","Bouncing Flask"],"picked":"SKIP","floor":11},{"not_picked":["ReplayTheSpireMod:The Works","ReplayTheSpireMod:Tripwire","Acrobatics"],"picked":"SKIP","floor":14},{"not_picked":["Malaise","ReplayTheSpireMod:Necrosis"],"picked":"Burst","floor":16},{"not_picked":["PiercingWail","Prepared","Acrobatics"],"picked":"SKIP","floor":18},{"not_picked":["Flying Knee","Slice"],"picked":"Calculated Gamble","floor":20},{"not_picked":["Poisoned Stab","Cloak And Dagger","ReplayTheSpireMod:Shiv Toss"],"picked":"SKIP","floor":21},{"not_picked":["Fluid Movement","Tools of the Trade"],"picked":"Backstab","floor":22}],"player_experience":247223,"relics_obtained":[{"floor":7,"key":"Replay:Bottled Snecko"},{"floor":9,"key":"Gremlin Food"}],"event_choices":[{"damage_healed":0,"gold_gain":75,"player_choice":"Gather Gold","damage_taken":11,"max_hp_gain":0,"max_hp_loss":0,"event_name":"World of Goop","floor":3,"gold_loss":0},{"damage_healed":0,"gold_gain":0,"player_choice":"Donut","damage_taken":0,"max_hp_gain":5,"max_hp_loss":0,"event_name":"Big Fish","floor":4,"gold_loss":0}],"is_beta":false,"boss_relics":[{"not_picked":["Tiny House","Replay:Ancient Bell"],"picked":"Fusion Hammer"}],"items_purged_floors":[2],"is_endless":false,"potions_floor_spawned":[7,16,20,21],"killed_by":"Gremlin Leader","ascension_level":11}}