{"host":"h3yie3u3olngyjol","time":1614431603,"event":{"mods":["BaseMod","Colored Powertips","Downfall","Highlight Path","Infinite Spire","Lobotomy","LobotomyExtend","Marked Mod","Minty Spire (QoL Compilation)","Prisma Mod","Replay The Spire","RumiaBox-露米娅的神秘盒子","Shop Mod","StSLib","The Hierophant","The Runesmith"],"gold_per_floor":[260,273,289,289,306,509,509,509,520,104,124,144,144,172,188,283,283,283,297,310,410,2,2,56,56,69,84,84,96,106,116,130,229,229,129,142,142,102,147,147,147,147,147,166,180,180,180,196,208,208],"floor_reached":51,"language":"ZHS","playtime":3835,"items_purged":["downfall:Malfunctioning","Slimebound:Defend_Slimebound"],"score":721,"play_id":"02387456-4df7-453c-91a8-91ed1108ae07","local_time":"20210227211323","is_ascension_mode":true,"campfire_choices":[{"data":"Slimebound:Split","floor":8.0,"key":"SMITH"},{"data":"expansioncontent:StudyTheSpire","floor":13.0,"key":"SMITH"},{"data":"Slimebound:GoopSpray","floor":18.0,"key":"SMITH"},{"data":"1","floor":25.0,"key":"LIFT"},{"data":"2","floor":28.0,"key":"LIFT"},{"data":"3","floor":35.0,"key":"LIFT"},{"floor":40.0,"key":"REST"},{"data":"Slimebound:SamplingLick","floor":42.0,"key":"SMITH"},{"data":"Slimebound:Darklings","floor":47.0,"key":"SMITH"}],"circlet_count":0,"master_deck":["Slimebound:Strike_Slimebound","Slimebound:Strike_Slimebound+1","Slimebound:Strike_Slimebound+1","Slimebound:Tackle","Slimebound:Defend_Slimebound","Slimebound:Defend_Slimebound","Slimebound:Defend_Slimebound","Slimebound:Split+1","Slimebound:CorrosiveSpit+1","Slimebound:HauntingLick","Slimebound:HauntingLick","Slimebound:ItLooksTasty","Slimebound:Schlurp","Slimebound:RainOfGoop","Slimebound:GoopSpray+1","Slimebound:MassRepurpose","Slimebound:SamplingLick+1","Slimebound:SplitLeeching","Slimebound:SplitBruiser","Slimebound:Recycling+1","Slimebound:SplitAcid","Slimebound:RejuvenatingLick+1","Slimebound:SamplingLick+1","Slimebound:Nibble+1","Slimebound:ProtectTheBoss","Slimebound:SelfFormingGoo","Slimebound:RejuvenatingLick+1","Slimebound:Nibble+1","Slimebound:ComboTackle+1","Slimebound:SplitAcid+1","Slimebound:SlimeTap+1","Slimebound:Darklings+1","Slimebound:PressTheAttack+1","Slimebound:SamplingLick+1"],"relics":["Slimebound:AbsorbEndCombat","LetterFromLob","White Beast Statue","Anchor","SoulBox","Molten Egg 2","Gambling Chip","Girya","downfall:HeartBlessingBlue","infinitespire:Lychee Nut","Blue Candle","Sling"],"acts_visited":["Exordium","TheCity","TheBeyond"],"potions_floor_usage":[50,50,50,50],"damage_taken":[{"damage":1.0,"enemies":"Cultist","floor":2.0,"turns":3.0},{"damage":8.0,"enemies":"Small Slimes","floor":3.0,"turns":3.0},{"damage":2.0,"enemies":"Jaw Worm","floor":5.0,"turns":2.0},{"damage":3.0,"enemies":"Large Slime","floor":9.0,"turns":4.0},{"damage":5.0,"enemies":"downfall:FleeingMerchant","floor":10.0,"turns":4.0},{"damage":7.0,"enemies":"Blue Slaver","floor":11.0,"turns":3.0},{"damage":0.0,"enemies":"Exordium Wildlife","floor":12.0,"turns":4.0},{"damage":8.0,"enemies":"3 Sentries","floor":14.0,"turns":5.0},{"damage":7.0,"enemies":"Gremlin Gang","floor":15.0,"turns":4.0},{"damage":16.0,"enemies":"WA_ARCHETYPE_RETAIN","floor":16.0,"turns":6.0},{"damage":8.0,"enemies":"Spheric Guardian","floor":19.0,"turns":4.0},{"damage":10.0,"enemies":"Shell Parasite","floor":20.0,"turns":4.0},{"damage":13.0,"enemies":"Colosseum Nobs","floor":21.0,"turns":5.0},{"damage":2.0,"enemies":"downfall:FleeingMerchant","floor":22.0,"turns":4.0},{"damage":8.0,"enemies":"Snake Plant","floor":26.0,"turns":2.0},{"damage":11.0,"enemies":"Snecko","floor":27.0,"turns":4.0},{"damage":5.0,"enemies":"Shelled Parasite and Fungi","floor":29.0,"turns":3.0},{"damage":23.0,"enemies":"Cultist and Chosen","floor":30.0,"turns":6.0},{"damage":0.0,"enemies":"3 Cultists","floor":31.0,"turns":3.0},{"damage":2.0,"enemies":"Chosen and Byrds","floor":32.0,"turns":4.0},{"damage":28.0,"enemies":"DF_ARCHETYPE_CLAW","floor":33.0,"turns":7.0},{"damage":0.0,"enemies":"Orb Walker","floor":36.0,"turns":3.0},{"damage":4.0,"enemies":"downfall:FleeingMerchant","floor":38.0,"turns":4.0},{"damage":44.0,"enemies":"2 Orb Walkers","floor":39.0,"turns":4.0},{"damage":16.0,"enemies":"3 Darklings","floor":44.0,"turns":3.0},{"damage":2.0,"enemies":"4 Shapes","floor":45.0,"turns":5.0},{"damage":20.0,"enemies":"Jaw Worm Horde","floor":48.0,"turns":3.0},{"damage":2.0,"enemies":"Maw","floor":49.0,"turns":6.0},{"damage":26,"enemies":"SI_POISON_ARCHETYPE","floor":50,"turns":6}],"seed_played":"6827706266031830259","potions_obtained":[{"floor":2.0,"key":"Elixir"},{"floor":9.0,"key":"Reflective Coating"},{"floor":10.0,"key":"champ:CounterPotion"},{"floor":11.0,"key":"Block Potion"},{"floor":12.0,"key":"Elixir"},{"floor":14.0,"key":"Strength Potion"},{"floor":15.0,"key":"bronze:BurnAndBuffPotion"},{"floor":16.0,"key":"BlessingOfTheForge"},{"floor":19.0,"key":"Block Potion"},{"floor":21.0,"key":"Adrenaline Potion"},{"floor":27.0,"key":"Slimebound:ThreeZeroPotion"},{"floor":30.0,"key":"Block Potion"},{"floor":31.0,"key":"Regen Potion"},{"floor":33.0,"key":"EssenceOfSteel"},{"floor":36.0,"key":"CultistPotion"},{"floor":38.0,"key":"Strength Potion"},{"floor":39.0,"key":"BlessingOfTheForge"},{"floor":44.0,"key":"Slimebound:SpawnSlimePotion"},{"floor":45.0,"key":"Fire Potion"},{"floor":48.0,"key":"Doom Potion"},{"floor":49.0,"key":"Fire Potion"}],"is_trial":false,"path_per_floor":["R","M","M","?","M","?","T","R","M","$","M","M","R","E","M","B",null,"R","M","M","?","$","?","T","R","M","M","R","M","M","M","M","B",null,"R","M","?","?","?","R","T","R","AVR","M","M","?","R","M","M","B",null],"character_chosen":"SLIMEBOUND","items_purchased":["expansioncontent:StudyTheSpire","Slimebound:MassRepurpose","Girya","Slimebound:ComboTackle+1"],"campfire_rested":1,"item_purchase_floors":[10,10,22,38],"current_hp_per_floor":[65,64,59,59,59,33,33,33,36,39,36,40,40,40,39,31,65,65,59,55,50,56,56,56,56,56,53,53,54,39,47,53,38,65,75,75,75,73,35,51,51,51,51,45,56,56,56,40,52,38],"gold":208,"neow_bonus":"HUNDRED_GOLD","is_daily":false,"chose_seed":false,"campfire_upgraded":5,"win_rate":0.0,"timestamp":1614431603,"path_taken":["R","M","?","?","M","?","T","R","M","$","M","M","R","E","M","BOSS","R","M","M","?","$","?","T","R","M","M","R","M","M","?","M","BOSS","R","M","?","?","?","R","T","R","AVR","M","?","?","R","M","M","BOSS"],"items_purchased_type":["Card","Card","Relic","Card"],"build_version":"2020-12-22","purchased_purges":2,"victory":true,"max_hp_per_floor":[65,65,65,65,65,65,65,65,65,65,65,65,65,65,65,65,65,65,65,65,65,65,65,65,65,65,65,65,65,65,65,65,65,65,75,75,75,75,56,56,56,56,56,56,56,56,56,56,56,56],"card_choices":[{"not_picked":["Slimebound:GoopTackle","Slimebound:RollThrough"],"picked":"Slimebound:HauntingLick","floor":2.0},{"not_picked":["Slimebound:FinishingTackle","Slimebound:ViciousTackle"],"picked":"Slimebound:HauntingLick","floor":3.0},{"not_picked":["Slimebound:Prepare","Slimebound:GoopTackle"],"picked":"Slimebound:ItLooksTasty","floor":5.0},{"not_picked":["Slimebound:HungryTackle","Slimebound:LeechingTouch"],"picked":"Slimebound:Schlurp","floor":6.0},{"not_picked":["Slimebound:SamplingLick","Slimebound:GoopSpray"],"picked":"Slimebound:RainOfGoop","floor":9.0},{"not_picked":["Slimebound:LeadByExample","Slimebound:Dissolve"],"picked":"Slimebound:GoopSpray","floor":10.0},{"not_picked":["Slimebound:LeechingTouch","Slimebound:HungryTackle"],"picked":"Slimebound:SamplingLick","floor":11.0},{"not_picked":["Slimebound:ServeAndProtect","Slimebound:ItLooksTasty"],"picked":"Slimebound:SplitLeeching","floor":12.0},{"not_picked":["Slimebound:Teamwork","Slimebound:ItLooksTasty"],"picked":"Slimebound:SplitBruiser","floor":14.0},{"not_picked":["Slimebound:SpikyOuterGoop","Slimebound:DivideAndConquer","Slimebound:TongueLash"],"picked":"SKIP","floor":15.0},{"not_picked":["Slimebound:RallyTheTroops","Slimebound:MassFeed"],"picked":"Slimebound:Recycling","floor":16.0},{"not_picked":["Slimebound:ComboTackle","Slimebound:SplitLeeching"],"picked":"Slimebound:SplitAcid","floor":19.0},{"not_picked":["Slimebound:SplitMire","Slimebound:LivingWall"],"picked":"Slimebound:RejuvenatingLick+1","floor":20.0},{"not_picked":["Slimebound:ItLooksTasty+1","Slimebound:FinishingTackle+1"],"picked":"Slimebound:SamplingLick+1","floor":21.0},{"not_picked":["Slimebound:RollThrough+1","Slimebound:DisruptingSlam+1"],"picked":"Slimebound:Nibble+1","floor":22.0},{"not_picked":["Slimebound:FinishingTackle+1","Slimebound:Chomp+1","Slimebound:LeadByExample"],"picked":"SKIP","floor":26.0},{"not_picked":["Slimebound:GoopSpray","Slimebound:Chomp+1","Slimebound:GoopTackle+1"],"picked":"SKIP","floor":27.0},{"not_picked":["Slimebound:Prepare+1","Slimebound:ComboTackle+1","Slimebound:MinionMaster"],"picked":"SKIP","floor":29.0},{"not_picked":["Slimebound:FinishingTackle+1","Slimebound:LivingWall+1","Slimebound:SplitLeeching"],"picked":"SKIP","floor":30.0},{"not_picked":["Slimebound:FinishingTackle+1","Slimebound:LivingWall+1","Slimebound:SplitLeeching"],"picked":"SKIP","floor":30.0},{"not_picked":["Slimebound:SlimeBrawl","Slimebound:SplitBruiser","Slimebound:Gluttony"],"picked":"SKIP","floor":31.0},{"not_picked":["Slimebound:Replication","Slimebound:Schlurp"],"picked":"Slimebound:ProtectTheBoss","floor":32.0},{"not_picked":["Slimebound:MassFeed+1","Slimebound:Overexert"],"picked":"Slimebound:SelfFormingGoo","floor":33.0},{"not_picked":["Slimebound:HauntingLick","Slimebound:GoopSpray+1"],"picked":"Slimebound:RejuvenatingLick+1","floor":36.0},{"not_picked":["Slimebound:ItLooksTasty+1","Slimebound:Grow+1"],"picked":"Slimebound:Nibble+1","floor":38.0},{"not_picked":["Slimebound:GoopSpray","Slimebound:FinishingTackle+1"],"picked":"Slimebound:SplitAcid+1","floor":39.0},{"not_picked":["Slimebound:SamplingLick","Slimebound:FinishingTackle+1","Slimebound:ComboTackle+1"],"picked":"SKIP","floor":44.0},{"not_picked":["Slimebound:SplitMire","Slimebound:Prepare"],"picked":"Slimebound:SlimeTap+1","floor":45.0},{"not_picked":["Slimebound:ForwardTackle+1","Slimebound:Darklings"],"picked":"Slimebound:PressTheAttack+1","floor":48.0},{"not_picked":["Slimebound:SlimeSpikes","Slimebound:Schlurp"],"picked":"Slimebound:SamplingLick+1","floor":49.0}],"player_experience":483637,"relics_obtained":[{"floor":2.0,"key":"LetterFromLob"},{"floor":7.0,"key":"White Beast Statue"},{"floor":14.0,"key":"Anchor"},{"floor":21.0,"key":"Molten Egg 2"},{"floor":21.0,"key":"Gambling Chip"},{"floor":39.0,"key":"infinitespire:Lychee Nut"},{"floor":41.0,"key":"Blue Candle"}],"event_choices":[{"damage_healed":0.0,"max_hp_gain":0.0,"max_hp_loss":0.0,"gold_gain":0.0,"event_name":"Accursed Blacksmith","player_choice":"Forge","floor":23.0,"gold_loss":0.0,"damage_taken":0.0,"cards_upgraded":["Slimebound:Recycling"]},{"damage_healed":0.0,"max_hp_gain":0.0,"max_hp_loss":0.0,"gold_gain":0.0,"event_name":"Mysterious Sphere","player_choice":"Fight","floor":39.0,"gold_loss":0.0,"damage_taken":0.0}],"is_beta":false,"boss_relics":[{"not_picked":["Replay:Drink Me","Honey Jar"],"picked":"SoulBox"},{"not_picked":["ReplayTheSpireMod:SealedPack","Runesmith:UraniumAnvil","Fusion Hammer"]}],"items_purged_floors":[10,22],"is_endless":false,"potions_floor_spawned":[2,9,10,11,12,14,15,16,19,20,21,22,26,27,29,30,31,32,33,36,38,39,44,45,48,49],"ascension_level":3}}