{"host":"xw7092rw7wabncmm","time":1614404125,"event":{"mods":["AchievementEnabler","BaseMod","Bestiary","Block Reminder","Minty Spire (QoL Compilation)","Quick Restart","Relic Stats","Slay-I","Weighted Paths"],"gold_per_floor":[114,114,16,27,27,27,55,69,69,19,19,45,56,91,91,162,162,181,201,218,235,248,282,300,332,370,394,24,49,49,69,69,146,146,158,0,15,35,45,45,72,85,137,148,163,194,89,123,123,123,123,123,49,83,83,83],"floor_reached":55,"language":"ENG","playtime":5707,"items_purged":[],"score":1333,"play_id":"97900a51-3d89-4681-8d4d-bac1c22b5c28","local_time":"20210227003525","is_ascension_mode":true,"campfire_choices":[{"floor":6,"key":"REST"},{"floor":11,"key":"RECALL"},{"floor":15,"key":"REST"},{"floor":30,"key":"REST"},{"floor":32,"key":"REST"},{"floor":40,"key":"REST"},{"floor":49,"key":"REST"},{"floor":52,"key":"REST"}],"circlet_count":0,"master_deck":["AscendersBane","Zap+1","Conserve Battery","Skim","Go for the Eyes+1","Self Repair","Static Discharge","Melter","Cold Snap","Tempest","Meteor Strike","Conserve Battery","Chill","Ball Lightning","Coolheaded+1","Core Surge","Go for the Eyes+1","Steam+1","Trip","Self Repair","All For One","Hello World","Force Field","Capacitor","Force Field","Defragment","Loop","Reprogram","Storm+1","Static Discharge","Loop","Hologram","Defragment","Buffer","Hologram","Coolheaded","Go for the Eyes+1","PanicButton"],"relics":["Fusion Hammer","Gambling Chip","Torii","Orichalcum","DataDisk","Snecko Eye","Regal Pillow","MawBank","Whetstone","Ginger","The Courier","Pandora\u0027s Box","Red Mask","Blood Vial","Dream Catcher","Smiling Mask","Eternal Feather"],"acts_visited":["Exordium","TheCity","TheBeyond","TheEnding"],"potions_floor_usage":[7,7,16,23,33,42,46,55],"damage_taken":[{"damage":0,"enemies":"Cultist","floor":1,"turns":3},{"damage":6,"enemies":"Jaw Worm","floor":4,"turns":5},{"damage":9,"enemies":"Gremlin Nob","floor":7,"turns":3},{"damage":7,"enemies":"Small Slimes","floor":8,"turns":4},{"damage":32,"enemies":"3 Sentries","floor":12,"turns":8},{"damage":2,"enemies":"Blue Slaver","floor":13,"turns":4},{"damage":2,"enemies":"Lagavulin","floor":14,"turns":5},{"damage":5,"enemies":"Hexaghost","floor":16,"turns":7},{"damage":10,"enemies":"2 Thieves","floor":18,"turns":3},{"damage":0,"enemies":"3 Byrds","floor":19,"turns":3},{"damage":9,"enemies":"Snake Plant","floor":20,"turns":3},{"damage":0,"enemies":"Snecko","floor":21,"turns":3},{"damage":1,"enemies":"Centurion and Healer","floor":22,"turns":4},{"damage":11,"enemies":"Gremlin Leader","floor":23,"turns":4},{"damage":0,"enemies":"Chosen and Byrds","floor":24,"turns":5},{"damage":13,"enemies":"Slavers","floor":25,"turns":5},{"damage":1,"enemies":"Snecko","floor":27,"turns":4},{"damage":3,"enemies":"Book of Stabbing","floor":29,"turns":4},{"damage":9,"enemies":"Centurion and Healer","floor":31,"turns":4},{"damage":19,"enemies":"Champ","floor":33,"turns":10},{"damage":1,"enemies":"Orb Walker","floor":35,"turns":3},{"damage":1,"enemies":"3 Shapes","floor":37,"turns":5},{"damage":0,"enemies":"Spire Growth","floor":38,"turns":5},{"damage":0,"enemies":"Sphere and 2 Shapes","floor":39,"turns":3},{"damage":8,"enemies":"Giant Head","floor":41,"turns":8},{"damage":3,"enemies":"Writhing Mass","floor":42,"turns":4},{"damage":1,"enemies":"3 Darklings","floor":44,"turns":6},{"damage":29,"enemies":"Sphere and 2 Shapes","floor":45,"turns":3},{"damage":59,"enemies":"Nemesis","floor":46,"turns":7},{"damage":6,"enemies":"Reptomancer","floor":48,"turns":5},{"damage":26,"enemies":"Time Eater","floor":50,"turns":10},{"damage":38,"enemies":"Shield and Spear","floor":54,"turns":8},{"damage":99,"enemies":"The Heart","floor":55,"turns":6}],"seed_played":"6084757481762730582","potions_obtained":[{"floor":4,"key":"ColorlessPotion"},{"floor":13,"key":"Weak Potion"},{"floor":20,"key":"SpeedPotion"},{"floor":21,"key":"EssenceOfDarkness"},{"floor":22,"key":"FairyPotion"},{"floor":25,"key":"PotionOfCapacity"},{"floor":27,"key":"PowerPotion"},{"floor":37,"key":"ColorlessPotion"},{"floor":42,"key":"Fruit Juice"},{"floor":45,"key":"SkillPotion"},{"floor":46,"key":"DistilledChaos"}],"is_trial":false,"path_per_floor":["M","?","$","M","?","R","E","M","T","?","R","E","M","E","R","B",null,"M","M","M","M","M","E","M","E","T","M","$","E","R","M","R","B",null,"M","?","M","M","M","R","E","M","T","M","M","E","$","E","R","B",null,"R","$","E","B"],"character_chosen":"DEFECT","items_purchased":["Go for the Eyes","Fire Potion","Trip","Ginger","Coolheaded","LiquidBronze","PanicButton"],"campfire_rested":7,"item_purchase_floors":[3,3,28,28,47,47,53],"current_hp_per_floor":[68,68,68,62,47,69,60,60,60,60,60,35,40,45,67,69,74,71,75,73,75,74,70,75,69,69,75,75,75,75,73,75,70,74,75,75,75,75,75,75,74,80,80,80,58,8,8,18,57,47,72,80,80,56,0,0],"gold":83,"neow_bonus":"BOSS_RELIC","is_daily":false,"chose_seed":false,"campfire_upgraded":0,"win_rate":0.0,"timestamp":1614404125,"path_taken":["M","?","?","M","?","R","E","M","T","?","R","E","M","E","R","BOSS","M","M","M","M","M","E","M","E","T","M","$","E","R","M","R","BOSS","M","?","M","M","M","R","E","M","T","M","M","E","$","E","R","BOSS","R","$","E","BOSS"],"items_purchased_type":["Card","Potion","Card","Relic","Card","Potion","Card"],"build_version":"2020-12-22","purchased_purges":0,"victory":false,"max_hp_per_floor":[75,75,75,75,75,75,75,75,75,75,75,75,75,75,75,75,75,75,75,75,75,75,75,75,75,75,75,75,75,75,75,75,75,75,75,75,75,75,75,75,75,80,80,80,80,80,80,80,80,80,80,80,80,80,80,80],"relic_stats":{"Regal Pillow":15,"Torii":92,"counters":[33,164],"Eternal Feather":0,"Whetstone":["Go for the Eyes","Go for the Eyes"],"Ginger":[13],"Orichalcum":[222],"MawBank":36,"Smiling Mask":0,"Blood Vial":9,"Dream Catcher":2,"Gambling Chip":[104],"Snecko Eye":[269,236,269,232],"Pandora\u0027s Box":["Hello World","Force Field","Capacitor","Force Field","Defragment","Loop","Reprogram"],"obtain_stats":[{"Regal Pillow":23,"Torii":9,"Eternal Feather":54,"The Courier":29,"Whetstone":26,"Ginger":28,"Orichalcum":12,"MawBank":25,"Smiling Mask":48,"Blood Vial":41,"DataDisk":14,"Dream Catcher":46,"Gambling Chip":7,"Snecko Eye":17,"Pandora\u0027s Box":34,"Fusion Hammer":0,"Red Mask":36,"Cracked Core":0},{"Regal Pillow":14,"Torii":4,"Eternal Feather":32,"The Courier":18,"Whetstone":16,"Ginger":17,"Orichalcum":5,"MawBank":16,"Smiling Mask":30,"Blood Vial":25,"DataDisk":7,"Dream Catcher":29,"Gambling Chip":3,"Snecko Eye":8,"Pandora\u0027s Box":20,"Fusion Hammer":0,"Red Mask":21,"Cracked Core":0},{"Regal Pillow":59,"Torii":15,"Eternal Feather":158,"The Courier":77,"Whetstone":69,"Ginger":73,"Orichalcum":23,"MawBank":69,"Smiling Mask":140,"Blood Vial":115,"DataDisk":32,"Dream Catcher":135,"Gambling Chip":11,"Snecko Eye":39,"Pandora\u0027s Box":91,"Fusion Hammer":0,"Red Mask":94,"Cracked Core":0}]},"card_choices":[{"not_picked":["Rebound","Hologram"],"picked":"Conserve Battery","floor":1},{"not_picked":["Barrage","Stack","Compile Driver"],"picked":"SKIP","floor":4},{"not_picked":["Doom and Gloom","White Noise"],"picked":"Self Repair","floor":7},{"not_picked":["Coolheaded","Barrage"],"picked":"Static Discharge","floor":8},{"not_picked":["Thunder Strike","Aggregate"],"picked":"Melter","floor":12},{"not_picked":["Redo","Gash"],"picked":"Cold Snap","floor":13},{"not_picked":["Capacitor","Steam"],"picked":"Tempest","floor":14},{"not_picked":["Reboot","Core Surge"],"picked":"Meteor Strike","floor":16},{"not_picked":["Aggregate","Turbo"],"picked":"Conserve Battery","floor":18},{"not_picked":["Compile Driver","Cold Snap"],"picked":"Chill","floor":19},{"not_picked":["Redo","Stack"],"picked":"Ball Lightning","floor":20},{"not_picked":["Cold Snap","Compile Driver"],"picked":"Coolheaded+1","floor":21},{"not_picked":["Leap","Compile Driver"],"picked":"Core Surge","floor":22},{"not_picked":["Barrage","Undo+1","Amplify"],"picked":"SKIP","floor":23},{"not_picked":["Barrage+1","Streamline"],"picked":"Go for the Eyes","floor":24},{"not_picked":["Hologram","Turbo"],"picked":"Steam+1","floor":25},{"not_picked":["Leap","Barrage+1","Steam"],"picked":"SKIP","floor":27},{"not_picked":["Coolheaded","Chill"],"picked":"Self Repair","floor":29},{"not_picked":["Leap","Rip and Tear","Streamline"],"picked":"SKIP","floor":31},{"not_picked":["Multi-Cast","Creative AI"],"picked":"All For One","floor":33},{"not_picked":["Lockon","Turbo","Heatsinks"],"picked":"SKIP","floor":35},{"not_picked":["Conserve Battery+1","Ball Lightning"],"picked":"Storm+1","floor":37},{"not_picked":["Conserve Battery+1","Undo+1","Steam"],"picked":"SKIP","floor":38},{"not_picked":["Steam Power","Compile Driver"],"picked":"Static Discharge","floor":39},{"not_picked":["Chill","Self Repair"],"picked":"Loop","floor":41},{"not_picked":["Turbo","Ball Lightning"],"picked":"Hologram","floor":42},{"not_picked":["Beam Cell","Go for the Eyes+1"],"picked":"Defragment","floor":44},{"not_picked":["Double Energy+1","Leap+1"],"picked":"Buffer","floor":45},{"not_picked":["Stack","Static Discharge"],"picked":"Hologram","floor":46},{"not_picked":["Hologram","Streamline+1"],"picked":"Go for the Eyes+1","floor":48},{"not_picked":["Steam","Blizzard","Skim"],"picked":"SKIP","floor":54}],"player_experience":1687030,"relics_obtained":[{"floor":7,"key":"Gambling Chip"},{"floor":9,"key":"Torii"},{"floor":12,"key":"Orichalcum"},{"floor":14,"key":"DataDisk"},{"floor":23,"key":"Regal Pillow"},{"floor":25,"key":"MawBank"},{"floor":26,"key":"Whetstone"},{"floor":29,"key":"The Courier"},{"floor":41,"key":"Blood Vial"},{"floor":46,"key":"Dream Catcher"},{"floor":48,"key":"Smiling Mask"},{"floor":54,"key":"Eternal Feather"}],"event_choices":[{"damage_healed":0,"gold_gain":0,"cards_transformed":["Dualcast"],"player_choice":"Transformed","damage_taken":0,"max_hp_gain":0,"max_hp_loss":0,"event_name":"Transmorgrifier","floor":2,"gold_loss":0,"cards_obtained":["Skim"]},{"damage_healed":0,"gold_gain":0,"player_choice":"Entered Light","damage_taken":15,"max_hp_gain":0,"max_hp_loss":0,"event_name":"Shining Light","floor":5,"gold_loss":0,"cards_upgraded":["Strike_B","Zap"]},{"cards_removed":["Strike_B"],"damage_healed":0,"gold_gain":0,"player_choice":"Card Removal","damage_taken":0,"max_hp_gain":0,"max_hp_loss":0,"event_name":"The Cleric","floor":10,"gold_loss":50},{"damage_healed":0,"gold_gain":0,"player_choice":"Paid","damage_taken":0,"relics_obtained":["Red Mask"],"max_hp_gain":0,"max_hp_loss":0,"event_name":"Tomb of Lord Red Mask","floor":36,"gold_loss":158}],"is_beta":false,"boss_relics":[{"not_picked":["Cursed Key","Philosopher\u0027s Stone"],"picked":"Snecko Eye"},{"not_picked":["Tiny House","Empty Cage"],"picked":"Pandora\u0027s Box"}],"items_purged_floors":[],"is_endless":false,"potions_floor_spawned":[4,13,20,21,22,25,27,37,39,42,45,46,48,54],"killed_by":"The Heart","ascension_level":13}}