{"host":"ogk9ry5953hr85uy","time":1614461833,"event":{"mods":["Act Like it!","BaseMod","Bestiary","Better Third Choice","BetterRewards","Conspire","Downfall","Gremlin Mod","Halation","Hallownest","Hubris","Library of Ruina","Lobotomy","LobotomyExtend","Mimic Mod","Minty Spire (QoL Compilation)","Reliquary","Replay The Spire","Ruina","Shop Mod","Spicy Shops","StSLib","The Bug Knight","The Disciple","The Jungle","The Marked","Waifu the Spire"],"gold_per_floor":[272,547,120,136,136,136,166,166,198,198,245,263,283,302,302,406,406,424,424,438,57,57,89,89,109,135,135,135,153,9,24,24,129,129,146,171,171,191,241,241,241],"floor_reached":40,"language":"RUS","playtime":2512,"items_purged":["Regret","LightAttack","Amnesia"],"score":529,"play_id":"53560b9d-f2b6-4645-a0ae-1bec4fdc2db1","local_time":"20210228023713","is_ascension_mode":false,"campfire_choices":[{"data":"LightAttack","floor":6,"key":"SMITH"},{"floor":8,"key":"REST"},{"data":"Reload","floor":10,"key":"SMITH"},{"data":"FrontalAssault","floor":15,"key":"SMITH"},{"data":"LightAttack","floor":24,"key":"SMITH"},{"data":"LightAttack","floor":32,"key":"SMITH"}],"circlet_count":0,"master_deck":["Dodge","LightDefense","LightAttack+3","LightAttack","LightDefense","LightDefense","LightDefense","ChargeAndCover","FocusedStrikes","OldLady","ICanCookAnything","Specialist","Bloodbath","Reload+1","Regret","PunishingBird","GreedKing","Ripple","UniverseFragment","FrontalAssault+1","DreamingCurrent","Diversion","Rampage_lor","VoidDream","Cruelty","CurseOfTheBell","GrazeTheGrass+1","DespairKnight","SilentMist","MHz","CookingPrep+1","Reload","BlackArmy","Slimebound:CheckThePlaybook","Freischutz","Juggling","QueenOfHatred","Reload+1","SilentNight","Rudolta","LawAndOrder+1","WallGazer","GrazeTheGrass+1","BigBird","GutHarvesting"],"relics":["PageOfLibrarian","CogitoBucket","LetterFromLob","BargainBundle","MerchantsRug","Replay:WaspNest","Anchor","Toy Ornithopter","hubris:SlimyHat","ChangeAnything","Calling Bell","Orichalcum","conspire:GiftBox","PageOfForsakenMurderer","ReplayTheSpireMod:CursedCoin","Pen Nib","PageOfScorchedGirl","PreservedInsect","Simple Rune","reliquary:Spinner","hubris:Towel","PageOfSingingMachine","Ring of Chaos","hubris:Spice","halation:StarCompass","AtMidnight","HellTrain","Thread and Needle"],"acts_visited":["Exordium","TheCity","TheBeyond"],"potions_floor_usage":[13,16,16,16,38,38,38],"damage_taken":[{"damage":3,"enemies":"Jaw Worm","floor":1,"turns":6},{"damage":0,"enemies":"Cultist","floor":4,"turns":3},{"damage":36,"enemies":"Lagavulin","floor":7,"turns":5},{"damage":9,"enemies":"Small Slimes","floor":9,"turns":5},{"damage":3,"enemies":"Small Slimes","floor":12,"turns":3},{"damage":31,"enemies":"Exordium Wildlife","floor":13,"turns":4},{"damage":10,"enemies":"Exordium Thugs","floor":14,"turns":5},{"damage":86,"enemies":"Fading Forest","floor":16,"turns":11},{"damage":10,"enemies":"3 Byrds","floor":18,"turns":4},{"damage":48,"enemies":"2 Thieves","floor":20,"turns":5},{"damage":33,"enemies":"Book of Stabbing","floor":23,"turns":4},{"damage":2,"enemies":"Snecko","floor":25,"turns":4},{"damage":0,"enemies":"Snake Plant","floor":29,"turns":4},{"damage":9,"enemies":"Centurion and Healer","floor":31,"turns":2},{"damage":26,"enemies":"Automaton","floor":33,"turns":4},{"damage":20,"enemies":"3 Shapes","floor":35,"turns":3},{"damage":37,"enemies":"conspire:MimicChest","floor":36,"turns":5},{"damage":96,"enemies":"3 Darklings","floor":38,"turns":9},{"damage":69,"enemies":"Mind Bloom Boss Battle","floor":39,"turns":5},{"damage":98,"enemies":"Giant Head","floor":40,"turns":2}],"seed_played":"3725686488093606197","potions_obtained":[{"floor":7,"key":"Explosive Potion"},{"floor":12,"key":"Adrenaline Potion"},{"floor":13,"key":"PowerPotion"},{"floor":14,"key":"Languid Potion"},{"floor":25,"key":"SkillPotion"},{"floor":33,"key":"Toxic Potion"},{"floor":36,"key":"Flashbang"},{"floor":39,"key":"champ:CounterPotion"}],"is_trial":false,"path_per_floor":["M","?","$","M","?","R","E","R","MIM","R","T","M","M","M","R","B",null,"M","?","M","$","?","E","R","M","T","?","?","M","$","M","R","B",null,"M","?","?","M","?","E"],"character_chosen":"Librarian","items_purchased":["BargainBundle","MerchantsRug","Specialist","ReplayTheSpireMod:CursedCoin","Pen Nib","PageOfScorchedGirl","PageOfSingingMachine"],"campfire_rested":1,"item_purchase_floors":[3,3,3,21,21,21,30],"current_hp_per_floor":[57,57,57,61,61,61,34,58,60,60,60,64,44,75,75,55,77,71,81,58,58,58,50,50,77,77,77,77,79,79,74,67,76,81,67,69,69,33,9,0,0],"gold":241,"neow_bonus":"","is_daily":false,"chose_seed":false,"campfire_upgraded":5,"win_rate":0.0,"timestamp":1614461833,"path_taken":["M","?","$","?","?","R","E","R","MIM","R","?","?","M","M","R","BOSS","M","?","?","$","?","E","R","M","T","?","?","M","$","M","R","BOSS","M","?","?","M","?","E"],"items_purchased_type":["Relic","Relic","Card","Relic","Relic","Relic","Relic"],"build_version":"2020-12-22","purchased_purges":3,"victory":false,"max_hp_per_floor":[81,81,81,86,86,81,65,81,86,86,86,77,77,78,77,77,77,71,81,78,78,78,94,87,87,87,79,79,79,79,79,79,81,81,81,89,89,80,72,72,72],"card_choices":[{"not_picked":["BeautyBeast","VoidDream"],"picked":"OldLady","floor":1},{"not_picked":["PreemptiveStrike","Thrust","Pound","SerpentSwordTechnique","BladeWhirl","FleetFootsteps","YourShield","Reload"],"picked":"ICanCookAnything","floor":1},{"not_picked":["MeatLantern","UniverseFragment"],"picked":"Bloodbath","floor":4},{"not_picked":["FleetEdge","EnergyCycle","CombatPreparation","Feast","BlindFaith","TendonChords","QuickAttack","SharpSwipe"],"picked":"Reload","floor":4},{"not_picked":["BeautyBeast","CherryBlossoms"],"picked":"PunishingBird","floor":7},{"not_picked":["Rewind","SinglePointStab","GuardingStance","SnakesPrey","CutIn","Fence","FleetEdge","PuppetBlockade","Disposal"],"picked":"SKIP","floor":7},{"not_picked":["BeautyBeast","MHz"],"picked":"GreedKing","floor":9},{"not_picked":["SunsetBlade","SearingSword","EnergyStrike","Unlock1","CircusKnives","BayonetCombat","UnforgettableMelody","GuardingStance"],"picked":"Ripple","floor":9},{"not_picked":["SingingMachine","CrumblingArmor","BodiesMountain"],"picked":"Singing Bowl","floor":12},{"not_picked":["CherryBlossoms","Scorched"],"picked":"UniverseFragment","floor":12},{"not_picked":["ScatteringSlash","TendonChords","Laceration","FendThisOffIfYouCan","Faith","SerpentSwordTechnique","SturdyDefense","SuppressingShot"],"picked":"FrontalAssault","floor":12},{"not_picked":["CrumblingArmor","SpiderBud"],"picked":"DreamingCurrent","floor":13},{"not_picked":["ICanCookAnything","TasteMyFlamingBat","FlashingStrike","DarkCloud","LawAndOrder","BiAn","FaintMemories","SinglePointStab"],"picked":"Diversion","floor":13},{"not_picked":["Variant","Scarecrow","CrumblingArmor"],"picked":"Singing Bowl","floor":14},{"not_picked":["Parry","ExtremeEdge","QuickAttack","Bvapour","AsThePrescriptOrders","SmokingPipe","CrackOfDawn","FervidEmotions"],"picked":"Rampage_lor","floor":14},{"not_picked":["Rudolta","LittlePrince"],"picked":"VoidDream","floor":16},{"not_picked":["UnforgettableMelody","ChargeUp"],"picked":"Cruelty","floor":16},{"not_picked":["RipSpace","EmotionalTurbulence"],"picked":"BalefulBrand","floor":17},{"not_picked":["SpiderBud","LittleHelper"],"picked":"RedShoes","floor":18},{"not_picked":["BackAttack","SinglePointStab","CumulusWall","MultiHit","Quickness","FierceCharge+1","ShockingBlow","Parry2+1"],"picked":"GrazeTheGrass+1","floor":18},{"not_picked":["Murderer","FairyFestival"],"picked":"DespairKnight","floor":20},{"not_picked":["TheWillOfTheCity","ElectricShock+1","Preparation","Parry+1","ShockingBlow","DefenseOrder","EndlessBattle","ClassAndRespect+1"],"picked":"SilentMist","floor":20},{"not_picked":["Scorched","MeatLantern","Yin"],"picked":"Singing Bowl","floor":23},{"not_picked":["QueenOfHatred","Scorched"],"picked":"MHz","floor":23},{"not_picked":["Thrust","EnergyCycle","Slice_lor","FaintMemories+1","SharpSwipe","ToOvercomeCrisis","Creak","AlloutWar+1"],"picked":"CookingPrep+1","floor":23},{"not_picked":["Quickness","PreemptiveStrike","BulkyImpact","GuardingStance","SharpenedBlade+1","BackAttack","AsThePrescriptOrders+1","EnergyConversion"],"picked":"Reload","floor":25},{"not_picked":["SingingMachine","BeautyBeast"],"picked":"BlackArmy","floor":25},{"not_picked":["GalaxyChild","HappyTeddy","Porccubus"],"picked":"Singing Bowl","floor":29},{"not_picked":["LittleHelper","MeatLantern"],"picked":"Freischutz","floor":29},{"not_picked":["BiAn+1","FleetEdge","SturdyDefense","BattleCommand","FlashingStrike","BackAttack","Creak+1","ViolentFlame"],"picked":"Juggling","floor":29},{"not_picked":["WallGazer","BlackSwan"],"picked":"QueenOfHatred","floor":31},{"not_picked":["YoureTooSlow+1","SinglePointStab","SnakesPrey","RhinoRam","Laceration","GroundSmash","DeepDrag","WaitUp"],"picked":"Reload+1","floor":31},{"not_picked":["FairyFestival","Rudolta","GalaxyChild"],"picked":"Singing Bowl","floor":33},{"not_picked":["RagingStormLove","ScratchThat"],"picked":"SilentNight","floor":33},{"not_picked":["MeatLantern","BigBird"],"picked":"Rudolta","floor":35},{"not_picked":["NonstopAssault+1","SkitterAway","BayonetCombat+1","TheArtOfRapidSteps+1","ForcefulGesture+1","StructuralAnalysis+1","ToWhereThePrescriptPoints+1","SmokingPipe"],"picked":"LawAndOrder+1","floor":35},{"not_picked":["BlackSwan","HeroicMonk","SingingMachine"],"picked":"Singing Bowl","floor":36},{"not_picked":["Mercenary","Laetitia"],"picked":"WallGazer","floor":36},{"not_picked":["SerpentSwordTechnique+1","FleetFootsteps+1","UnavoidableGaze","HiddenBlade+1","DarkCloud","ViolentFlame","BiAn+1","EnergyCycle+1"],"picked":"GrazeTheGrass+1","floor":38},{"not_picked":["LittlePrince","FieryBird","BodiesMountain"],"picked":"Singing Bowl","floor":38},{"not_picked":["Funeral","SilentOrchestra","CherryBlossoms"],"picked":"Singing Bowl","floor":39},{"not_picked":["SilentOrchestra","CherryBlossoms"],"picked":"BigBird","floor":39},{"not_picked":["ToOvercomeCrisis+1","GuidanceOfTheGears+1","Struggle","FieryWaltz","UncannyStrike+1","IngredientHunt","UpbeatPerformance+1","SinglePointStab"],"picked":"GutHarvesting","floor":39}],"player_experience":132708,"relics_obtained":[{"floor":1,"key":"LetterFromLob"},{"floor":7,"key":"Anchor"},{"floor":9,"key":"Toy Ornithopter"},{"floor":11,"key":"hubris:SlimyHat"},{"floor":17,"key":"Orichalcum"},{"floor":17,"key":"conspire:GiftBox"},{"floor":17,"key":"PageOfForsakenMurderer"},{"floor":23,"key":"Simple Rune"},{"floor":26,"key":"reliquary:Spinner"},{"floor":36,"key":"hubris:Spice"},{"floor":38,"key":"AtMidnight"},{"floor":39,"key":"Thread and Needle"}],"event_choices":[{"damage_healed":0,"gold_gain":275,"player_choice":"Desecrate","damage_taken":0,"max_hp_gain":0,"max_hp_loss":0,"event_name":"Golden Shrine","floor":2,"gold_loss":0,"cards_obtained":["Regret"]},{"damage_healed":0,"gold_gain":0,"player_choice":"Box","damage_taken":0,"relics_obtained":["Replay:WaspNest"],"max_hp_gain":0,"max_hp_loss":0,"event_name":"Big Fish","floor":5,"gold_loss":0,"cards_obtained":["Regret"]},{"cards_removed":["BalefulBrand"],"damage_healed":0,"gold_gain":0,"player_choice":"Offered Rare","damage_taken":0,"max_hp_gain":10,"max_hp_loss":0,"event_name":"Bonfire Elementals","floor":19,"gold_loss":0},{"cards_removed":["RedShoes"],"damage_healed":0,"gold_gain":0,"player_choice":"Gave Card","damage_taken":0,"relics_obtained":["PreservedInsect"],"max_hp_gain":0,"max_hp_loss":0,"event_name":"WeMeetAgain","floor":22,"gold_loss":0},{"damage_healed":0,"gold_gain":0,"player_choice":"Fight","damage_taken":0,"max_hp_gain":0,"max_hp_loss":0,"event_name":"MindBloom","floor":39,"gold_loss":0}],"is_beta":false,"boss_relics":[{"not_picked":["Tiny House","halation:CatFaceCupcake"],"picked":"Calling Bell"},{"not_picked":["Snecko Eye","halation:MonkeysPaw"],"picked":"Ring of Chaos"}],"items_purged_floors":[3,3,21],"is_endless":false,"potions_floor_spawned":[7,12,13,14,25,33,36,39],"killed_by":"Giant Head","ascension_level":0}}