{"host":"2hz3p8f82lqex3pd","time":1614454168,"event":{"mods":["AchievementEnabler","BaseMod","Better Third Choice","Colored Powertips","Minty Spire (QoL Compilation)","StSLib"],"gold_per_floor":[118,193,368,46,62,90,108,108,108,119,131,131,131,131,131,235,235,250,165,95,95,112,112,146,146,146,159,159,169,189,189,189,288,288,308,358,358,368,379,379,155,155,155,169,129,129,164,177,177,177],"floor_reached":51,"language":"ENG","playtime":1354,"items_purged":["Doubt"],"score":985,"play_id":"fafe7b93-c499-4538-aa4d-5bbfa9c8433b","local_time":"20210227142928","is_ascension_mode":true,"campfire_choices":[{"data":"Blood for Blood","floor":8,"key":"SMITH"},{"data":"Clash","floor":13,"key":"SMITH"},{"data":"Twin Strike","floor":15,"key":"SMITH"},{"data":"Bash","floor":23,"key":"SMITH"},{"data":"Inflame","floor":25,"key":"SMITH"},{"floor":28,"key":"DIG"},{"floor":32,"key":"DIG"},{"floor":40,"key":"DIG"},{"floor":42,"key":"DIG"},{"floor":46,"key":"REST"},{"data":"Inflame","floor":49,"key":"SMITH"}],"circlet_count":0,"master_deck":["Strike_R","Strike_R","Strike_R","Strike_R","Strike_R","Defend_R+1","Defend_R+1","Bash+1","Clash+1","Twin Strike+1","Blood for Blood+1","Shrug It Off+1","Clash+1","Reaper+1","CurseOfTheBell","Inflame+1","Necronomicurse","Clash+1","Offering+1","Clash+1","Inflame+1","Inflame+1","Fire Breathing"],"relics":["Burning Blood","Vajra","Question Card","Matryoshka","Toxic Egg 2","Molten Egg 2","Calling Bell","Happy Flower","Pear","Shovel","Self Forming Clay","Necronomicon","Red Mask","War Paint","Singing Bowl","Peace Pipe","Darkstone Periapt","Philosopher\u0027s Stone","Prayer Wheel","Sundial","Membership Card","Orichalcum","Strawberry","PreservedInsect","Unceasing Top"],"acts_visited":["Exordium","TheCity","TheBeyond"],"potions_floor_usage":[24,33,47,50],"damage_taken":[{"damage":12,"enemies":"Jaw Worm","floor":1,"turns":2},{"damage":0,"enemies":"Small Slimes","floor":5,"turns":3},{"damage":29,"enemies":"Gremlin Nob","floor":6,"turns":4},{"damage":2,"enemies":"2 Louse","floor":7,"turns":3},{"damage":2,"enemies":"Exordium Wildlife","floor":10,"turns":2},{"damage":3,"enemies":"Blue Slaver","floor":11,"turns":4},{"damage":0,"enemies":"Slime Boss","floor":16,"turns":6},{"damage":1,"enemies":"Chosen","floor":18,"turns":2},{"damage":0,"enemies":"Spheric Guardian","floor":22,"turns":3},{"damage":15,"enemies":"Masked Bandits","floor":24,"turns":3},{"damage":20,"enemies":"Centurion and Healer","floor":27,"turns":3},{"damage":0,"enemies":"Snecko","floor":29,"turns":2},{"damage":6,"enemies":"Snake Plant","floor":30,"turns":2},{"damage":44,"enemies":"Collector","floor":33,"turns":5},{"damage":6,"enemies":"Orb Walker","floor":35,"turns":1},{"damage":6,"enemies":"Mind Bloom Boss Battle","floor":36,"turns":3},{"damage":13,"enemies":"3 Shapes","floor":38,"turns":4},{"damage":32,"enemies":"Maw","floor":39,"turns":5},{"damage":27,"enemies":"Transient","floor":44,"turns":5},{"damage":12,"enemies":"Giant Head","floor":47,"turns":5},{"damage":23,"enemies":"3 Darklings","floor":48,"turns":5},{"damage":106,"enemies":"Donu and Deca","floor":50,"turns":7}],"seed_played":"2426454061580652593","potions_obtained":[{"floor":7,"key":"LiquidBronze"},{"floor":11,"key":"SkillPotion"},{"floor":16,"key":"Weak Potion"},{"floor":27,"key":"Energy Potion"},{"floor":36,"key":"BlessingOfTheForge"},{"floor":39,"key":"Ancient Potion"}],"is_trial":false,"path_per_floor":["M","?","?","$","M","E","M","R","T","M","M","?","R","?","R","B",null,"M","?","$","?","M","R","?","R","T","M","R","M","M","?","R","B",null,"M","?","?","M","M","R","$","R","T","M","?","R","E","M","R","B",null],"character_chosen":"IRONCLAD","items_purchased":["Question Card","Inflame","Membership Card","Orichalcum"],"campfire_rested":1,"item_purchase_floors":[4,20,41,41],"current_hp_per_floor":[74,63,63,63,69,46,50,50,50,54,57,57,57,50,50,56,90,90,90,90,74,80,80,81,81,81,69,69,92,94,75,75,63,101,101,103,98,95,77,77,77,84,84,77,77,110,111,97,97,33],"gold":177,"neow_bonus":"RANDOM_COMMON_RELIC","is_daily":false,"chose_seed":false,"campfire_upgraded":6,"win_rate":0.0,"timestamp":1614454168,"path_taken":["M","?","?","$","M","E","M","R","T","M","M","?","R","?","R","BOSS","M","?","$","?","M","R","?","R","T","M","R","M","M","?","R","BOSS","M","?","?","?","M","R","$","R","T","M","?","R","E","M","R","BOSS"],"items_purchased_type":["Relic","Card","Relic","Relic"],"build_version":"2020-12-22","purchased_purges":1,"victory":true,"max_hp_per_floor":[80,80,80,80,80,80,80,80,80,80,80,80,80,80,80,80,90,90,90,90,90,90,90,90,90,90,92,92,92,94,99,99,101,101,101,103,98,102,104,104,104,111,111,113,113,113,115,117,117,117],"card_choices":[{"not_picked":["Wild Strike","Iron Wave"],"picked":"Clash","floor":1},{"not_picked":["Anger","Rage","Uppercut"],"picked":"Twin Strike","floor":5},{"not_picked":["Body Slam","Intimidate","Anger","Disarm"],"picked":"SKIP","floor":6},{"not_picked":["Flex","Thunderclap","Shrug It Off"],"picked":"Blood for Blood","floor":7},{"not_picked":["Rupture","Bludgeon+1","Dual Wield+1"],"picked":"Shrug It Off+1","floor":10},{"not_picked":["Flame Barrier+1","Pommel Strike+1","Heavy Blade+1"],"picked":"Clash+1","floor":11},{"not_picked":["Impervious+1","Feed+1","Brutality"],"picked":"Reaper+1","floor":16},{"not_picked":["Rampage+1","Heavy Blade+1","Rage+1","Clothesline+1"],"picked":"SKIP","floor":18},{"not_picked":["Whirlwind+1","Twin Strike+1","Reaper+1"],"picked":"Clash+1","floor":22},{"not_picked":["Twin Strike+1","Clothesline+1","Second Wind+1","Anger+1"],"picked":"Singing Bowl","floor":27},{"not_picked":["Havoc+1","Dual Wield+1","Armaments+1"],"picked":"Offering+1","floor":29},{"not_picked":["Armaments+1","Searing Blow+1","Twin Strike+1","Wild Strike+1"],"picked":"Singing Bowl","floor":30},{"not_picked":["Bludgeon+1","Immolate+1","Offering+1","Demon Form"],"picked":"Singing Bowl","floor":33},{"not_picked":["Clothesline+1","Sever Soul+1","Pummel+1"],"picked":"Clash+1","floor":35},{"not_picked":["True Grit+1","Warcry+1","Burning Pact+1","Anger+1"],"picked":"Singing Bowl","floor":36},{"not_picked":["Perfected Strike+1","Iron Wave+1","Pommel Strike+1","Headbutt+1"],"picked":"Singing Bowl","floor":38},{"not_picked":["Whirlwind+1","Burning Pact+1","Thunderclap+1","Dark Embrace+1"],"picked":"Singing Bowl","floor":38},{"not_picked":["Warcry+1","Iron Wave+1","Sword Boomerang+1","Clash+1"],"picked":"Singing Bowl","floor":39},{"not_picked":["Cleave+1","True Grit+1","Havoc+1"],"picked":"Inflame+1","floor":39},{"not_picked":["Battle Trance+1","Infernal Blade+1","Feed+1"],"picked":"Inflame","floor":44},{"not_picked":["Second Wind+1","Disarm+1","Sentinel+1","Rupture"],"picked":"Singing Bowl","floor":44},{"not_picked":["Flex+1","Uppercut+1","Armaments+1","Cleave+1"],"picked":"Singing Bowl","floor":47},{"not_picked":["Iron Wave+1","Carnage+1","Combust+1"],"picked":"Fire Breathing","floor":48},{"not_picked":["Power Through+1","Reaper+1","Body Slam+1","Sword Boomerang+1"],"picked":"Singing Bowl","floor":48}],"player_experience":218721,"relics_obtained":[{"floor":6,"key":"Matryoshka"},{"floor":9,"key":"Toxic Egg 2"},{"floor":9,"key":"Molten Egg 2"},{"floor":17,"key":"Happy Flower"},{"floor":17,"key":"Pear"},{"floor":17,"key":"Shovel"},{"floor":21,"key":"Necronomicon"},{"floor":24,"key":"Red Mask"},{"floor":26,"key":"War Paint"},{"floor":26,"key":"Singing Bowl"},{"floor":28,"key":"Peace Pipe"},{"floor":32,"key":"Darkstone Periapt"},{"floor":36,"key":"Prayer Wheel"},{"floor":40,"key":"Sundial"},{"floor":42,"key":"Strawberry"},{"floor":43,"key":"PreservedInsect"},{"floor":47,"key":"Unceasing Top"}],"event_choices":[{"damage_healed":0,"gold_gain":75,"player_choice":"Gold","damage_taken":11,"max_hp_gain":0,"max_hp_loss":0,"event_name":"betterThird:BetterGoop","floor":2,"gold_loss":0},{"damage_healed":0,"gold_gain":175,"player_choice":"AGREE","damage_taken":193,"max_hp_gain":0,"max_hp_loss":0,"event_name":"betterThird:BetterSerpent","floor":3,"gold_loss":0},{"cards_removed":["Defend_R"],"damage_healed":0,"gold_gain":0,"player_choice":"Forget","damage_taken":0,"max_hp_gain":0,"max_hp_loss":0,"event_name":"Living Wall","floor":12,"gold_loss":0},{"cards_removed":["Defend_R"],"damage_healed":0,"gold_gain":0,"player_choice":"Card Removal","damage_taken":7,"max_hp_gain":0,"max_hp_loss":0,"event_name":"Golden Wing","floor":14,"gold_loss":0},{"damage_healed":0,"gold_gain":0,"player_choice":"Obtained Relic","damage_taken":0,"relics_obtained":["Self Forming Clay"],"max_hp_gain":0,"max_hp_loss":0,"event_name":"Addict","floor":19,"gold_loss":85},{"damage_healed":0,"gold_gain":0,"player_choice":"Obtained Book","damage_taken":16,"max_hp_gain":0,"max_hp_loss":0,"event_name":"Cursed Tome","floor":21,"gold_loss":0},{"damage_healed":0,"gold_gain":0,"player_choice":"Fought Bandits","damage_taken":0,"max_hp_gain":0,"max_hp_loss":0,"event_name":"Masked Bandits","floor":24,"gold_loss":0},{"damage_healed":0,"gold_gain":0,"player_choice":"Shed Blood","damage_taken":24,"max_hp_gain":5,"max_hp_loss":0,"event_name":"Forgotten Altar","floor":31,"gold_loss":0},{"damage_healed":0,"gold_gain":0,"player_choice":"Fight","damage_taken":0,"max_hp_gain":0,"max_hp_loss":0,"event_name":"MindBloom","floor":36,"gold_loss":0},{"damage_healed":0,"gold_gain":0,"player_choice":"Max HP","damage_taken":0,"max_hp_gain":0,"max_hp_loss":5,"event_name":"Winding Halls","floor":37,"gold_loss":0},{"damage_healed":0,"gold_gain":0,"player_choice":"Bought 3 Potions","damage_taken":0,"max_hp_gain":0,"max_hp_loss":0,"event_name":"The Woman in Blue","floor":45,"gold_loss":0}],"is_beta":false,"boss_relics":[{"not_picked":["Runic Cube","Runic Pyramid"],"picked":"Calling Bell"},{"not_picked":["Cursed Key","Black Star"],"picked":"Philosopher\u0027s Stone"}],"items_purged_floors":[4],"is_endless":false,"potions_floor_spawned":[7,11,16,18,27,36,39],"ascension_level":4}}