{"host":"ypphcgdomtfqpc2w","time":1614432342,"event":{"mods":["BaseMod","DeckTracker","MarisaÅiñ∂âJÅ@ñÇóùçπÅj","Minty Spire (QoL Compilation)","Relic Stats","StSLib"],"gold_per_floor":[118,131,147,165,3,3,3,3,3,17,46,80,91,126,126,202,202,213,223,63,77,77,77,102,27,52,52,52,72,72,72,72],"floor_reached":31,"language":"ENG","playtime":2002,"items_purged":[],"score":530,"play_id":"bd09a9e5-5a12-45ad-8a28-574333afdd5f","local_time":"20210227222542","is_ascension_mode":true,"campfire_choices":[{"data":"Crippling Poison","floor":6.0,"key":"SMITH"},{"data":"Footwork","floor":8.0,"key":"SMITH"},{"data":"Deadly Poison","floor":15.0,"key":"SMITH"},{"data":"A Thousand Cuts","floor":23.0,"key":"SMITH"}],"circlet_count":0,"master_deck":["AscendersBane","Strike_G","Strike_G","Defend_G","Defend_G","Defend_G","Defend_G","Defend_G","Survivor","Neutralize","CurseOfTheBell","Crippling Poison+1","Footwork+1","Well Laid Plans","Quick Slash","Venomology","Dagger Throw","Deadly Poison+1","Dodge and Roll","Caltrops","A Thousand Cuts+1","Escape Plan","Catalyst","Acrobatics+1","Corpse Explosion","Deflect","Calculated Gamble","Catalyst+1"],"relics":["Calling Bell","Anchor","Gremlin Horn","Lizard Tail","Orichalcum","Odd Mushroom","Matryoshka","Bag of Marbles","Runic Pyramid","Happy Flower","Question Card","InkBottle","Bronze Scales"],"acts_visited":["Exordium","TheCity"],"potions_floor_usage":[31,31,31],"damage_taken":[{"damage":7.0,"enemies":"Small Slimes","floor":1.0,"turns":4.0},{"damage":0.0,"enemies":"2 Louse","floor":2.0,"turns":3.0},{"damage":1.0,"enemies":"Cultist","floor":3.0,"turns":6.0},{"damage":0.0,"enemies":"3 Louse","floor":4.0,"turns":4.0},{"damage":0.0,"enemies":"Exordium Wildlife","floor":10.0,"turns":2.0},{"damage":14.0,"enemies":"The Mushroom Lair","floor":11.0,"turns":6.0},{"damage":8.0,"enemies":"3 Sentries","floor":12.0,"turns":17.0},{"damage":4.0,"enemies":"Large Slime","floor":13.0,"turns":8.0},{"damage":7.0,"enemies":"Lagavulin","floor":14.0,"turns":9.0},{"damage":19.0,"enemies":"Slime Boss","floor":16.0,"turns":14.0},{"damage":0.0,"enemies":"3 Byrds","floor":18.0,"turns":2.0},{"damage":3.0,"enemies":"Shell Parasite","floor":19.0,"turns":6.0},{"damage":14.0,"enemies":"Cultist and Chosen","floor":21.0,"turns":7.0},{"damage":33.0,"enemies":"Book of Stabbing","floor":24.0,"turns":6.0},{"damage":4.0,"enemies":"3 Cultists","floor":29.0,"turns":4.0},{"damage":38,"enemies":"Gremlin Leader","floor":31,"turns":5}],"seed_played":"6037902680380205744","potions_obtained":[{"floor":2.0,"key":"Regen Potion"},{"floor":4.0,"key":"AttackPotion"},{"floor":12.0,"key":"LiquidMemories"},{"floor":24.0,"key":"Explosive Potion"}],"is_trial":false,"path_per_floor":["M","M","M","M","$","R","?","R","T","M","?","E","M","E","R","B",null,"M","M","$","M","?","R","E","?","T","?","?","M","$","E"],"character_chosen":"THE_SILENT","items_purchased":["Orichalcum","Happy Flower"],"campfire_rested":0,"item_purchase_floors":[5,20],"current_hp_per_floor":[52,52,51,51,51,51,51,51,51,51,52,44,40,33,33,14,53,53,50,50,36,36,36,3,3,3,3,35,31,31,0,0],"gold":72,"neow_bonus":"BOSS_RELIC","is_daily":false,"chose_seed":false,"campfire_upgraded":4,"win_rate":0.0,"timestamp":1614432342,"path_taken":["M","M","M","M","$","R","?","R","T","M","?","E","M","E","R","BOSS","M","M","$","M","?","R","E","?","T","?","?","M","?","E"],"items_purchased_type":["Relic","Relic"],"build_version":"2020-12-22","purchased_purges":0,"victory":false,"max_hp_per_floor":[66,66,66,66,66,66,66,66,66,66,66,66,66,66,66,66,66,66,66,66,66,66,66,66,66,66,66,71,71,71,71,71],"relic_stats":{"Lizard Tail":35,"Gremlin Horn":[21,21],"Happy Flower":[7],"counters":[16,103],"Bronze Scales":[35],"Orichalcum":[144],"Question Card":1,"obtain_stats":[{"Gremlin Horn":0,"Happy Flower":20,"Orichalcum":5,"Odd Mushroom":11,"Question Card":24,"Calling Bell":0,"Anchor":0,"Lizard Tail":0,"Matryoshka":12,"Bronze Scales":26,"Bag of Marbles":14,"InkBottle":26,"Ring of the Snake":0,"Runic Pyramid":17},{"Gremlin Horn":0,"Happy Flower":12,"Orichalcum":4,"Odd Mushroom":6,"Question Card":14,"Calling Bell":0,"Anchor":0,"Lizard Tail":0,"Matryoshka":7,"Bronze Scales":14,"Bag of Marbles":9,"InkBottle":14,"Ring of the Snake":0,"Runic Pyramid":10},{"Gremlin Horn":0,"Happy Flower":81,"Orichalcum":17,"Odd Mushroom":25,"Question Card":94,"Calling Bell":0,"Anchor":0,"Lizard Tail":0,"Matryoshka":42,"Bronze Scales":94,"Bag of Marbles":59,"InkBottle":94,"Ring of the Snake":0,"Runic Pyramid":73}],"InkBottle":[3]},"card_choices":[{"not_picked":["Prepared","Flying Knee"],"picked":"Crippling Poison","floor":1.0},{"not_picked":["Deflect","Cloak And Dagger"],"picked":"Footwork","floor":2.0},{"not_picked":["Underhanded Strike","Heel Hook"],"picked":"Well Laid Plans","floor":3.0},{"not_picked":["Concentrate","Flying Knee"],"picked":"Quick Slash","floor":4.0},{"not_picked":["Flying Knee","Sucker Punch"],"picked":"Venomology","floor":10.0},{"not_picked":["Deflect","Acrobatics"],"picked":"Dagger Throw","floor":11.0},{"not_picked":["Sucker Punch","Poisoned Stab"],"picked":"Deadly Poison","floor":12.0},{"not_picked":["Sucker Punch","Cloak And Dagger"],"picked":"Dodge and Roll","floor":13.0},{"not_picked":["Sucker Punch","Crippling Poison"],"picked":"Caltrops","floor":14.0},{"not_picked":["Die Die Die","Grand Finale"],"picked":"A Thousand Cuts","floor":16.0},{"not_picked":["Poisoned Stab","Skewer"],"picked":"Escape Plan","floor":18.0},{"not_picked":["Poisoned Stab","Outmaneuver"],"picked":"Catalyst","floor":19.0},{"not_picked":["Dodge and Roll","Skewer"],"picked":"Acrobatics+1","floor":21.0},{"not_picked":["Finisher","Prepared"],"picked":"Corpse Explosion","floor":24.0},{"not_picked":["Poisoned Stab+1","Deflect","Cloak And Dagger"],"picked":"Catalyst+1","floor":29.0}],"player_experience":3388200,"relics_obtained":[{"floor":0.0,"key":"Anchor"},{"floor":0.0,"key":"Gremlin Horn"},{"floor":0.0,"key":"Lizard Tail"},{"floor":11.0,"key":"Odd Mushroom"},{"floor":12.0,"key":"Matryoshka"},{"floor":14.0,"key":"Bag of Marbles"},{"floor":24.0,"key":"Question Card"},{"floor":26.0,"key":"InkBottle"},{"floor":26.0,"key":"Bronze Scales"}],"event_choices":[{"damage_healed":0.0,"max_hp_gain":0.0,"max_hp_loss":0.0,"gold_gain":0.0,"event_name":"Liars Game","player_choice":"Ignored","floor":7.0,"gold_loss":0.0,"damage_taken":0.0},{"damage_healed":0.0,"max_hp_gain":0.0,"max_hp_loss":0.0,"gold_gain":0.0,"event_name":"Mushrooms","player_choice":"Fought Mushrooms","floor":11.0,"gold_loss":0.0,"damage_taken":0.0},{"damage_healed":0.0,"max_hp_gain":0.0,"max_hp_loss":0.0,"gold_gain":0.0,"event_name":"The Mausoleum","player_choice":"Ignored","floor":22.0,"gold_loss":0.0,"damage_taken":0.0},{"cards_removed":["Strike_G"],"damage_healed":0.0,"max_hp_gain":0.0,"max_hp_loss":0.0,"gold_gain":0.0,"event_name":"Beggar","player_choice":"Gave Gold","floor":25.0,"gold_loss":75.0,"damage_taken":0.0},{"damage_healed":0.0,"max_hp_gain":0.0,"max_hp_loss":0.0,"gold_gain":0.0,"cards_transformed":["Strike_G","Strike_G"],"event_name":"Drug Dealer","player_choice":"Became Test Subject","floor":27.0,"gold_loss":0.0,"damage_taken":0.0,"cards_obtained":["Deflect","Calculated Gamble"]},{"damage_healed":0.0,"max_hp_gain":5.0,"max_hp_loss":0.0,"gold_gain":0.0,"event_name":"Forgotten Altar","player_choice":"Shed Blood","floor":28.0,"gold_loss":0.0,"damage_taken":23.0}],"is_beta":false,"boss_relics":[{"not_picked":["Snecko Eye","Coffee Dripper"],"picked":"Runic Pyramid"}],"items_purged_floors":[],"is_endless":false,"potions_floor_spawned":[2,4,10,12,13,24],"killed_by":"Gremlin Leader","ascension_level":20}}