{"host":"iv8ljmz7si0xetfh","time":1614461790,"event":{"mods":["100% Spire Juice","Act Like it!","Arknights","BaseMod","Bestiary","Better Note","Colored Map","Colored Powertips","Dark Map","DeckTracker","Displayed Cursed Tome","Downfall","Highlight Path","Minty Spire (QoL Compilation)","Prisma Mod","Rare Cards Sparkle","Relic Stats","StSLib","The Alterego","Unceasing Turn Reminder"],"gold_per_floor":[111,111,130,130,130,130,181,181,181,216,229,244,269,283,283,383,383,400,414,414,414,24,24,24,50,128,128,146,157,157,157],"floor_reached":30,"language":"ENG","playtime":5929,"items_purged":[],"score":283,"play_id":"625cf5eb-48c7-4f91-8a4a-5a25a55ebbfc","local_time":"20210227213630","is_ascension_mode":false,"campfire_choices":[{"data":"ats:Sword Rain","floor":6.0,"key":"SMITH"},{"data":"ats:Emotion Absorption","floor":8.0,"key":"SMITH"},{"data":"ats:Dogmatic Field","floor":15.0,"key":"SMITH"},{"data":"ats:Roar Of Ursus","floor":23,"key":"SMITH"},{"floor":27,"key":"REST"}],"circlet_count":0,"master_deck":["ats:Strike C","ats:Strike G","ats:Strike S","ats:Armor Crushing Shot","ats:Defend","ats:Defend","ats:Defend","ats:Emotion Absorption+1","ats:Shell Defense","ats:Sword Rain+1","ats:Hook Shot","ats:Dogmatic Field+1","ats:Shell Defense","ats:Shadow Assault","ats:Ignite+1","ats:Absolute Focus","ats:Roar Of Ursus+1","Madness","ats:Steam Pump","ats:Explosion Area Strengthen","ats:Rapid Magazine"],"relics":["ats:Sanity Plus","NeowsBlessing","Mummified Hand","ats:Originium","ats:Lavender","Nunchaku","Nloth\u0027s Gift","ats:Rhine Circuitry","Omamori","Singing Bowl"],"acts_visited":["Exordium","TheCity"],"potions_floor_usage":[18,25,28,28,28,28,28,29,29,30],"damage_taken":[{"damage":0.0,"enemies":"Jaw Worm","floor":1.0,"turns":2.0},{"damage":0.0,"enemies":"ats:Genji","floor":3.0,"turns":1.0},{"damage":0.0,"enemies":"Lagavulin","floor":10.0,"turns":1.0},{"damage":0.0,"enemies":"2 Louse","floor":11.0,"turns":1.0},{"damage":5.0,"enemies":"Looter","floor":12.0,"turns":4.0},{"damage":17.0,"enemies":"3 Sentries","floor":13.0,"turns":8.0},{"damage":5.0,"enemies":"Large Slime","floor":14.0,"turns":4.0},{"damage":85.0,"enemies":"The Guardian","floor":16.0,"turns":23.0},{"damage":2,"enemies":"2 Thieves","floor":18,"turns":4},{"damage":28,"enemies":"Shell Parasite","floor":19,"turns":8},{"damage":47,"enemies":"Slavers","floor":25,"turns":6},{"damage":29,"enemies":"Snake Plant","floor":28,"turns":5},{"damage":17,"enemies":"Snecko","floor":29,"turns":6},{"damage":34,"enemies":"Book of Stabbing","floor":30,"turns":5}],"seed_played":"5521855389719163779","potions_obtained":[{"floor":3.0,"key":"LiquidBronze"},{"floor":10.0,"key":"EntropicBrew"},{"floor":13.0,"key":"Fire Potion"},{"floor":19,"key":"ats:Burn Big Potion"},{"floor":25,"key":"SteroidPotion"}],"is_trial":false,"path_per_floor":["M","?","M","$","?","R","T","R","T","E","M","M","E","M","R","B",null,"M","M","?","?","$","R","$","E","T","R","M","M","E"],"character_chosen":"DOCTOR_CLASS","items_purchased":["ats:Roar Of Ursus","ats:Rhine Circuitry","Madness"],"campfire_rested":1,"item_purchase_floors":[22,22,22],"current_hp_per_floor":[72,72,72,72,65,65,65,65,65,65,65,63,53,51,51,72,72,72,65,65,65,65,65,65,28,28,49,28,19,0,0],"gold":157,"neow_bonus":"THREE_ENEMY_KILL","is_daily":false,"chose_seed":false,"campfire_upgraded":4,"win_rate":0.0,"timestamp":1614461790,"path_taken":["M","?","M","$","?","R","?","R","T","E","M","M","E","M","R","BOSS","BOSS","M","M","?","?","$","R","?","E","T","R","M","M","E"],"items_purchased_type":["Card","Relic","Card"],"build_version":"2020-12-22","purchased_purges":0,"victory":false,"max_hp_per_floor":[72,72,72,72,72,72,72,72,72,72,72,72,72,72,72,72,72,72,72,72,72,72,72,72,72,72,72,72,72,72,72],"relic_stats":{"Nunchaku":[8],"Singing Bowl":0,"counters":[14,78],"Mummified Hand":[14],"Nloth\u0027s Gift":1,"obtain_stats":[{"Nunchaku":13,"ats:Sanity Plus":17,"NeowsBlessing":0,"ats:Originium":10,"Singing Bowl":26,"Mummified Hand":9,"ats:Lavender":10,"ats:Hidden Killer":7,"Nloth\u0027s Gift":21,"Omamori":25,"ats:Sanity":0,"ats:Rhine Circuitry":22},{"Nunchaku":6,"ats:Sanity Plus":8,"NeowsBlessing":0,"ats:Originium":3,"Singing Bowl":11,"Mummified Hand":2,"ats:Lavender":3,"ats:Hidden Killer":2,"Nloth\u0027s Gift":10,"Omamori":11,"ats:Sanity":0,"ats:Rhine Circuitry":10},{"Nunchaku":17,"ats:Sanity Plus":44,"NeowsBlessing":0,"ats:Originium":4,"Singing Bowl":62,"Mummified Hand":3,"ats:Lavender":4,"ats:Hidden Killer":3,"Nloth\u0027s Gift":56,"Omamori":62,"ats:Sanity":0,"ats:Rhine Circuitry":56}]},"card_choices":[{"not_picked":["ats:Curse Doll","ats:Leaping Hammer"],"picked":"ats:Shell Defense","floor":1.0},{"not_picked":["ats:Thorns","ats:Blood Oath"],"picked":"ats:Sword Rain","floor":3.0},{"not_picked":["ats:Assault Order","ats:Closed Bolt Burst Fire","ats:Phantom"],"picked":"SKIP","floor":10.0},{"not_picked":["ats:Revitalization","ats:Guard Mode"],"picked":"ats:Hook Shot","floor":11.0},{"not_picked":["ats:Explosion Area Strengthen","ats:Automatic Cover"],"picked":"ats:Dogmatic Field","floor":12.0},{"not_picked":["ats:Disruption Kick","ats:Absolute Focus","ats:Collapsing Strike"],"picked":"SKIP","floor":13.0},{"not_picked":["ats:Revitalization","ats:Thorns"],"picked":"ats:Shell Defense","floor":14.0},{"not_picked":["ats:Soul Rend","ats:Ambush"],"picked":"ats:Shadow Assault","floor":16},{"not_picked":["ats:Spore Proliferation","ats:Cat Scratch","ats:Healing Strengthening"],"picked":"SKIP","floor":18},{"not_picked":["ats:Cat Scratch","ats:Sword Rain"],"picked":"ats:Ignite+1","floor":19},{"not_picked":["ats:Directed Diagnosis","ats:Volcano"],"picked":"ats:Steam Pump","floor":25},{"not_picked":["ats:Phantom","ats:Cat Scratch"],"picked":"ats:Explosion Area Strengthen","floor":28},{"not_picked":["ats:Closed Bolt Burst Fire","ats:Curse Doll"],"picked":"ats:Rapid Magazine","floor":29}],"player_experience":405184,"relics_obtained":[{"floor":7.0,"key":"ats:Hidden Killer"},{"floor":9.0,"key":"Mummified Hand"},{"floor":10.0,"key":"ats:Originium"},{"floor":10.0,"key":"ats:Lavender"},{"floor":13.0,"key":"ats:Originium"},{"floor":13.0,"key":"Nunchaku"},{"floor":25,"key":"ats:Originium"},{"floor":25,"key":"Omamori"},{"floor":26,"key":"Singing Bowl"}],"event_choices":[{"cards_removed":["ats:Defend"],"damage_healed":0.0,"max_hp_gain":0.0,"max_hp_loss":0.0,"gold_gain":0.0,"event_name":"Living Wall","player_choice":"Forget","floor":2.0,"gold_loss":0.0,"damage_taken":0.0},{"cards_removed":["ats:Strike V"],"damage_healed":0.0,"max_hp_gain":0.0,"max_hp_loss":0.0,"gold_gain":0.0,"event_name":"Golden Wing","player_choice":"Card Removal","floor":5.0,"gold_loss":0.0,"damage_taken":7.0},{"damage_healed":0,"gold_gain":0,"player_choice":"1 cards matched","damage_taken":0,"max_hp_gain":0,"max_hp_loss":0,"event_name":"Match and Keep!","floor":20,"gold_loss":0,"cards_obtained":["ats:Absolute Focus"]},{"damage_healed":0,"gold_gain":0,"player_choice":"Traded Relic","damage_taken":0,"relics_obtained":["Nloth\u0027s Gift"],"max_hp_gain":0,"max_hp_loss":0,"event_name":"N\u0027loth","floor":21,"relics_lost":["ats:Hidden Killer"],"gold_loss":0}],"is_beta":false,"boss_relics":[{"not_picked":["Fusion Hammer","bronze:MakeshiftBattery"],"picked":"ats:Sanity Plus"}],"items_purged_floors":[],"is_endless":false,"potions_floor_spawned":[3,10,13,19,25],"killed_by":"Book of Stabbing","ascension_level":0}}