{"host":"jyt8vqv30ansoqx1","time":1614461546,"event":{"mods":["BaseMod","Colored Map","DeckTracker","Highlight Path","Minty Spire (QoL Compilation)","Relic Stats","StSLib","SuperFastMode"],"gold_per_floor":[117,129,204,204,6,32,7,25,25,36,63,63,63,94,94,166,166,181,96,13,13,13,44,57,57,57,57,69,94,114,131,131,131,131],"floor_reached":33,"language":"ENG","playtime":2136,"items_purged":["Pain"],"score":656,"play_id":"41857ee7-28a2-4756-81cf-756fdf20da38","local_time":"20210227163226","is_ascension_mode":true,"campfire_choices":[{"data":"Doppelganger","floor":12.0,"key":"SMITH"},{"floor":15.0,"key":"REST"},{"data":"Decay","floor":25,"key":"PURGE"},{"data":"Reflex","floor":27,"key":"SMITH"},{"floor":32,"key":"REST"}],"circlet_count":0,"master_deck":["AscendersBane","Strike_G","Strike_G","Strike_G","Strike_G","Defend_G","Defend_G","Defend_G","Defend_G","Defend_G","Survivor","Neutralize","Underhanded Strike","Reflex+1","Concentrate","Backstab","Deadly Poison","PiercingWail","Doppelganger+1","Blade Dance","Dash","Night Terror","Choke","Envenom","Dash","PiercingWail","Calculated Gamble","Bullet Time","Footwork"],"relics":["Ring of the Snake","NeowsBlessing","WarpedTongs","Peace Pipe","Pocketwatch","Unceasing Top","Vajra","Snecko Eye","Blue Candle","Tingsha","Oddly Smooth Stone"],"acts_visited":["Exordium","TheCity"],"potions_floor_usage":[23,23,29,29,33,33],"damage_taken":[{"damage":0.0,"enemies":"Small Slimes","floor":1.0,"turns":1.0},{"damage":0.0,"enemies":"Jaw Worm","floor":2.0,"turns":1.0},{"damage":0.0,"enemies":"Gremlin Nob","floor":6.0,"turns":1.0},{"damage":0.0,"enemies":"Cultist","floor":8.0,"turns":4.0},{"damage":0.0,"enemies":"2 Fungi Beasts","floor":10.0,"turns":3.0},{"damage":12.0,"enemies":"3 Sentries","floor":11.0,"turns":6.0},{"damage":27.0,"enemies":"Lagavulin","floor":14.0,"turns":7.0},{"damage":13.0,"enemies":"The Guardian","floor":16.0,"turns":13.0},{"damage":0.0,"enemies":"Spheric Guardian","floor":18.0,"turns":3.0},{"damage":19,"enemies":"Book of Stabbing","floor":23,"turns":4},{"damage":0,"enemies":"Chosen","floor":24,"turns":4},{"damage":0,"enemies":"Snecko","floor":28,"turns":3},{"damage":25,"enemies":"Slavers","floor":29,"turns":6},{"damage":0,"enemies":"Cultist and Chosen","floor":30,"turns":4},{"damage":3,"enemies":"Centurion and Healer","floor":31,"turns":4},{"damage":42,"enemies":"Champ","floor":33,"turns":9}],"seed_played":"-5552128498796593424","potions_obtained":[{"floor":2.0,"key":"Explosive Potion"},{"floor":16.0,"key":"Weak Potion"},{"floor":18.0,"key":"SkillPotion"},{"floor":24,"key":"Poison Potion"},{"floor":28,"key":"CultistPotion"},{"floor":30,"key":"DuplicationPotion"},{"floor":31,"key":"Strength Potion"}],"is_trial":false,"path_per_floor":["M","M","?","?","$","E","$","M","T","M","E","R","$","E","R","B",null,"M","?","$","?","?","E","M","R","T","R","M","E","M","M","R","B"],"character_chosen":"THE_SILENT","items_purchased":["Concentrate","CunningPotion","Deadly Poison","Choke"],"campfire_rested":2,"item_purchase_floors":[5,5,7,20],"current_hp_per_floor":[59,59,48,48,48,48,48,48,48,48,36,36,36,9,28,15,53,53,53,53,53,53,34,34,34,34,34,34,9,9,6,25,0,0],"gold":131,"neow_bonus":"THREE_ENEMY_KILL","is_daily":false,"chose_seed":false,"campfire_upgraded":2,"win_rate":0.0,"timestamp":1614461546,"path_taken":["M","M","?","?","$","E","$","M","T","M","E","R","$","E","R","BOSS","M","?","$","?","?","E","M","R","T","R","?","E","M","M","R","BOSS"],"items_purchased_type":["Card","Potion","Card","Card"],"build_version":"2020-12-22","purchased_purges":1,"victory":false,"max_hp_per_floor":[66,66,66,66,66,66,66,66,66,66,66,66,66,66,66,66,66,66,66,66,66,66,66,66,66,66,66,66,66,66,66,66,66,66],"relic_stats":{"Peace Pipe":1,"counters":[16,73],"Blue Candle":[0],"Snecko Eye":[82,71,66,88],"Tingsha":[107],"obtain_stats":[{"Peace Pipe":6,"NeowsBlessing":0,"Blue Candle":19,"Vajra":14,"Snecko Eye":17,"Oddly Smooth Stone":29,"Tingsha":23,"Unceasing Top":11,"Ring of the Snake":0,"WarpedTongs":4,"Pocketwatch":9},{"Peace Pipe":3,"NeowsBlessing":0,"Blue Candle":9,"Vajra":7,"Snecko Eye":8,"Oddly Smooth Stone":13,"Tingsha":10,"Unceasing Top":6,"Ring of the Snake":0,"WarpedTongs":2,"Pocketwatch":4},{"Peace Pipe":3,"NeowsBlessing":0,"Blue Candle":39,"Vajra":23,"Snecko Eye":36,"Oddly Smooth Stone":56,"Tingsha":43,"Unceasing Top":16,"Ring of the Snake":0,"WarpedTongs":2,"Pocketwatch":7}],"Unceasing Top":[13],"Ring of the Snake":[32],"WarpedTongs":[71],"Pocketwatch":[69]},"card_choices":[{"not_picked":["PiercingWail","Slice"],"picked":"Underhanded Strike","floor":1.0},{"not_picked":["Cloak And Dagger","Acrobatics"],"picked":"Reflex","floor":2.0},{"not_picked":["Slice","Flying Knee"],"picked":"Backstab","floor":6.0},{"not_picked":["Backflip","Riddle With Holes"],"picked":"PiercingWail","floor":8.0},{"not_picked":["Quick Slash","Crippling Poison"],"picked":"Doppelganger","floor":10.0},{"not_picked":["Masterful Stab","Flying Knee"],"picked":"Blade Dance","floor":11.0},{"not_picked":["Dagger Throw","Footwork"],"picked":"Dash","floor":14.0},{"not_picked":["A Thousand Cuts","Storm of Steel"],"picked":"Night Terror","floor":16.0},{"not_picked":["Dagger Throw","Cloak And Dagger","Bane"],"picked":"SKIP","floor":18.0},{"not_picked":["Dodge and Roll","Blade Dance"],"picked":"Dash","floor":23},{"not_picked":["Deflect","Dagger Spray"],"picked":"PiercingWail","floor":24},{"not_picked":["Expertise","Blur"],"picked":"Calculated Gamble","floor":28},{"not_picked":["Setup","Poisoned Stab+1"],"picked":"Bullet Time","floor":29},{"not_picked":["Setup","Underhanded Strike"],"picked":"Footwork","floor":30},{"not_picked":["Dagger Throw","Distraction","Bane"],"picked":"SKIP","floor":31}],"player_experience":1725765,"relics_obtained":[{"floor":6.0,"key":"Peace Pipe"},{"floor":9.0,"key":"Pocketwatch"},{"floor":11.0,"key":"Unceasing Top"},{"floor":14.0,"key":"Vajra"},{"floor":23,"key":"Tingsha"},{"floor":29,"key":"Oddly Smooth Stone"}],"event_choices":[{"damage_healed":0.0,"max_hp_gain":0.0,"max_hp_loss":0.0,"gold_gain":75.0,"event_name":"World of Goop","player_choice":"Gather Gold","floor":3.0,"gold_loss":0.0,"damage_taken":11.0},{"damage_healed":0.0,"max_hp_gain":0.0,"max_hp_loss":0.0,"gold_gain":0.0,"event_name":"Accursed Blacksmith","player_choice":"Rummage","floor":4.0,"gold_loss":0.0,"damage_taken":0.0,"relics_obtained":["WarpedTongs"],"cards_obtained":["Pain"]},{"damage_healed":0.0,"max_hp_gain":0.0,"max_hp_loss":0.0,"gold_gain":0.0,"event_name":"Addict","player_choice":"Obtained Relic","floor":19.0,"gold_loss":85.0,"damage_taken":0.0,"relics_obtained":["Blue Candle"]},{"damage_healed":0.0,"max_hp_gain":0.0,"max_hp_loss":0.0,"gold_gain":0.0,"event_name":"Forgotten Altar","player_choice":"Smashed Altar","floor":21.0,"gold_loss":0.0,"damage_taken":0.0,"cards_obtained":["Decay"]},{"damage_healed":0.0,"max_hp_gain":0.0,"max_hp_loss":0.0,"gold_gain":0.0,"cards_transformed":["Strike_G"],"event_name":"Transmorgrifier","player_choice":"Transformed","floor":22.0,"gold_loss":0.0,"damage_taken":0.0,"cards_obtained":["Envenom"]}],"is_beta":false,"boss_relics":[{"not_picked":["SacredBark","Runic Dome"],"picked":"Snecko Eye"}],"items_purged_floors":[5],"is_endless":false,"potions_floor_spawned":[2,8,16,18,24,28,30,31],"killed_by":"Champ","ascension_level":20}}