{"host":"zxd2l8an9de7z7b9","time":1614408752,"event":{"mods":["100% Spire Juice","2.2 Compatiblity","AchievementEnabler","BaseMod","CapriCore","Colored Map","Colored Powertips","Marisa£¨Ùöéë¡¡Øª×âÞÞ£©","Minty Spire (QoL Compilation)","Rare Cards Sparkle","StSLib","SuperFastMode","Td1madao Mod","everything is the same but u backflip on backflip"],"gold_per_floor":[117,117,117,117,117,141,159,159,159,184,202,202,202,127,127,127,127],"floor_reached":16,"language":"KOR","playtime":315,"items_purged":["Strike_R"],"score":90,"play_id":"4d957f38-c7bc-44e3-b866-05ddfe60300d","local_time":"20210227155232","is_ascension_mode":false,"campfire_choices":[{"data":"Cleave","floor":8,"key":"SMITH"},{"data":"Headbutt","floor":13,"key":"SMITH"},{"floor":15,"key":"REST"}],"circlet_count":0,"master_deck":["Strike_R","Strike_R","Strike_R","Defend_R","Defend_R","Defend_R","Defend_R","Bash+1","Armaments+1","Bloodletting","Cleave+1","Headbutt+1"],"relics":["Burning Blood","Golden Idol","InkBottle","Mercury Hourglass"],"acts_visited":["Exordium"],"potions_floor_usage":[16,16],"damage_taken":[{"damage":11,"enemies":"Jaw Worm","floor":1,"turns":2},{"damage":6,"enemies":"2 Louse","floor":6,"turns":4},{"damage":7,"enemies":"Small Slimes","floor":7,"turns":6},{"damage":12,"enemies":"Red Slaver","floor":10,"turns":4},{"damage":2,"enemies":"Blue Slaver","floor":11,"turns":4},{"damage":65,"enemies":"Hexaghost","floor":16,"turns":14}],"seed_played":"-5966105165286914643","potions_obtained":[{"floor":6,"key":"SteroidPotion"},{"floor":10,"key":"DistilledChaos"}],"is_trial":false,"path_per_floor":["M","?","?","?","?","M","M","R","T","M","M","T","R","$","R","B"],"character_chosen":"IRONCLAD","items_purchased":[],"campfire_rested":1,"item_purchase_floors":[],"current_hp_per_floor":[75,55,48,53,53,53,52,52,52,46,50,50,50,50,75,10,10],"gold":127,"neow_bonus":"UPGRADE_CARD","is_daily":false,"chose_seed":false,"campfire_upgraded":2,"win_rate":0.0,"timestamp":1614408752,"path_taken":["M","?","?","?","?","M","M","R","T","?","M","?","R","$","R","BOSS"],"items_purchased_type":[],"build_version":"2020-12-22","purchased_purges":1,"victory":false,"max_hp_per_floor":[80,80,80,85,85,85,85,85,85,85,85,85,85,85,85,85,85],"card_choices":[{"not_picked":["Iron Wave","Clothesline"],"picked":"Armaments","floor":1},{"not_picked":["Iron Wave","Fire Breathing"],"picked":"Bloodletting","floor":6},{"not_picked":["Sentinel","Metallicize"],"picked":"Cleave","floor":7},{"not_picked":["Flame Barrier","Rampage","Thunderclap"],"picked":"SKIP","floor":10},{"not_picked":["Twin Strike","Shockwave"],"picked":"Headbutt","floor":11}],"player_experience":483739,"relics_obtained":[{"floor":9,"key":"InkBottle"},{"floor":12,"key":"Mercury Hourglass"}],"event_choices":[{"damage_healed":0,"gold_gain":0,"player_choice":"Take Damage","damage_taken":20,"relics_obtained":["Golden Idol"],"max_hp_gain":0,"max_hp_loss":0,"event_name":"Golden Idol","floor":2,"gold_loss":0},{"cards_removed":["Strike_R"],"damage_healed":0,"gold_gain":0,"player_choice":"Card Removal","damage_taken":7,"max_hp_gain":0,"max_hp_loss":0,"event_name":"Golden Wing","floor":3,"gold_loss":0},{"damage_healed":0,"gold_gain":0,"player_choice":"Donut","damage_taken":0,"max_hp_gain":5,"max_hp_loss":0,"event_name":"Big Fish","floor":4,"gold_loss":0},{"damage_healed":0,"gold_gain":0,"player_choice":"Upgraded","damage_taken":0,"max_hp_gain":0,"max_hp_loss":0,"event_name":"Upgrade Shrine","floor":5,"gold_loss":0,"cards_upgraded":["Armaments"]}],"is_beta":false,"boss_relics":[],"items_purged_floors":[14],"is_endless":false,"potions_floor_spawned":[6,10],"killed_by":"Hexaghost","ascension_level":0}}