{"host":"fbdlh90rovbiajun","time":1614397686,"event":{"mods":["AchievementEnabler","BaseMod","Colored Map","Keyboard Shortcuts","Minty Spire (QoL Compilation)","SuperFastMode"],"gold_per_floor":[115,40,40,4,22,57,68,68,68,68,80,96,46,46,46,148,148,160,160,180,212,228,228,258,258,282,298,308,308,321,19,19,19,19],"floor_reached":33,"language":"KOR","playtime":1103,"items_purged":["Strike_R"],"score":307,"play_id":"5d3dc687-630a-43e0-8ab4-bb1b9432f4c9","local_time":"20210227124806","is_ascension_mode":true,"campfire_choices":[{"data":"Iron Wave","floor":8.0,"key":"SMITH"},{"data":"Armaments","floor":10.0,"key":"SMITH"},{"data":"Offering","floor":15.0,"key":"SMITH"},{"data":"Flex","floor":23.0,"key":"SMITH"},{"data":"Heavy Blade","floor":25,"key":"SMITH"},{"floor":29,"key":"REST"},{"data":"Flex","floor":32,"key":"SMITH"}],"circlet_count":0,"master_deck":["Strike_R","Strike_R","Strike_R","Defend_R","Defend_R","Defend_R","Defend_R","Bash","Armaments+1","Searing Blow","Iron Wave+1","Clash","Flex+1","Offering+1","Flex+1","Heavy Blade+1","Bloodletting"],"relics":["Burning Blood","NeowsBlessing","CaptainsWheel","Incense Burner","Shovel","Gremlin Horn","Runic Cube","Enchiridion","Red Mask","Girya","Lantern","Bag of Marbles","Happy Flower"],"acts_visited":["Exordium","TheCity"],"potions_floor_usage":[24,24],"damage_taken":[{"damage":0.0,"enemies":"Jaw Worm","floor":1.0,"turns":1.0},{"damage":0.0,"enemies":"Cultist","floor":5.0,"turns":1.0},{"damage":0.0,"enemies":"Gremlin Nob","floor":6.0,"turns":1.0},{"damage":0.0,"enemies":"Small Slimes","floor":7.0,"turns":3.0},{"damage":10.0,"enemies":"Exordium Wildlife","floor":11.0,"turns":6.0},{"damage":1.0,"enemies":"3 Louse","floor":12.0,"turns":3.0},{"damage":29.0,"enemies":"Hexaghost","floor":16.0,"turns":9.0},{"damage":6.0,"enemies":"Shell Parasite","floor":18.0,"turns":3.0},{"damage":9.0,"enemies":"3 Byrds","floor":20.0,"turns":7.0},{"damage":21.0,"enemies":"Masked Bandits","floor":21.0,"turns":5.0},{"damage":11.0,"enemies":"Centurion and Healer","floor":22.0,"turns":7.0},{"damage":26,"enemies":"Slavers","floor":24,"turns":3},{"damage":8,"enemies":"Cultist and Chosen","floor":27,"turns":3},{"damage":6,"enemies":"3 Cultists","floor":28,"turns":4},{"damage":3,"enemies":"Chosen and Byrds","floor":30,"turns":4},{"damage":68,"enemies":"Champ","floor":33,"turns":5}],"seed_played":"-3310810639100738442","potions_obtained":[{"floor":1.0,"key":"AttackPotion"},{"floor":7.0,"key":"Ancient Potion"},{"floor":11.0,"key":"Swift Potion"},{"floor":18.0,"key":"Weak Potion"},{"floor":24,"key":"GamblersBrew"},{"floor":28,"key":"GamblersBrew"}],"is_trial":false,"path_per_floor":["M","$","?","$","M","E","M","R","T","R","M","M","?","T","R","B",null,"M","?","M","?","M","R","E","R","T","M","M","R","M","$","R","B"],"character_chosen":"IRONCLAD","items_purchased":["Searing Blow","Bag of Marbles","Happy Flower"],"campfire_rested":1,"item_purchase_floors":[4,31,31],"current_hp_per_floor":[80,80,80,80,80,80,80,80,80,80,76,80,80,80,80,57,80,80,64,61,46,41,41,21,21,21,19,19,43,46,46,46,0,0],"gold":19,"neow_bonus":"THREE_ENEMY_KILL","is_daily":false,"chose_seed":false,"campfire_upgraded":6,"win_rate":0.0,"timestamp":1614397686,"path_taken":["M","$","?","$","M","E","?","R","T","R","M","M","?","?","R","BOSS","M","?","M","?","M","R","E","R","T","M","M","R","M","$","R","BOSS"],"items_purchased_type":["Card","Relic","Relic"],"build_version":"2020-12-22","purchased_purges":1,"victory":false,"max_hp_per_floor":[80,80,80,80,80,80,80,80,80,80,80,80,80,80,80,80,80,80,80,80,80,80,80,80,80,80,80,80,80,80,80,80,80,80],"card_choices":[{"not_picked":["Infernal Blade","Clothesline"],"picked":"Armaments","floor":1.0},{"not_picked":["Bloodletting","Body Slam"],"picked":"Iron Wave","floor":5.0},{"not_picked":["Whirlwind","Perfected Strike"],"picked":"Clash","floor":6.0},{"not_picked":["Perfected Strike","Pommel Strike","Flame Barrier"],"picked":"SKIP","floor":7.0},{"not_picked":["Whirlwind","Pommel Strike"],"picked":"Flex","floor":11.0},{"not_picked":["Rage","Heavy Blade"],"picked":"Offering","floor":12.0},{"not_picked":["Reckless Charge","Pommel Strike+1"],"picked":"Flex","floor":18.0},{"not_picked":["Iron Wave","Entrench","Rampage"],"picked":"SKIP","floor":20.0},{"not_picked":["Clash","Headbutt","Perfected Strike"],"picked":"SKIP","floor":22.0},{"not_picked":["Clash+1","Fire Breathing"],"picked":"Heavy Blade","floor":24},{"not_picked":["Pommel Strike","Metallicize+1","Thunderclap"],"picked":"SKIP","floor":27},{"not_picked":["Hemokinesis","Immolate"],"picked":"Bloodletting","floor":28},{"not_picked":["Sever Soul","Clash","Carnage"],"picked":"SKIP","floor":30}],"player_experience":137832,"relics_obtained":[{"floor":6.0,"key":"Incense Burner"},{"floor":9.0,"key":"Shovel"},{"floor":14.0,"key":"Gremlin Horn"},{"floor":19.0,"key":"Enchiridion"},{"floor":21.0,"key":"Red Mask"},{"floor":24,"key":"Girya"},{"floor":26,"key":"Lantern"}],"event_choices":[{"damage_healed":0.0,"max_hp_gain":0.0,"max_hp_loss":0.0,"gold_gain":0.0,"event_name":"WeMeetAgain","player_choice":"Gave Potion","floor":3.0,"gold_loss":0.0,"damage_taken":0.0,"relics_obtained":["CaptainsWheel"]},{"cards_removed":["Strike_R"],"damage_healed":0.0,"max_hp_gain":0.0,"max_hp_loss":0.0,"gold_gain":0.0,"event_name":"The Cleric","player_choice":"Card Removal","floor":13.0,"gold_loss":50.0,"damage_taken":0.0},{"damage_healed":0.0,"max_hp_gain":0.0,"max_hp_loss":0.0,"gold_gain":0.0,"event_name":"Cursed Tome","player_choice":"Obtained Book","floor":19.0,"gold_loss":0.0,"damage_taken":16.0},{"damage_healed":0.0,"max_hp_gain":0.0,"max_hp_loss":0.0,"gold_gain":0.0,"event_name":"Masked Bandits","player_choice":"Fought Bandits","floor":21.0,"gold_loss":0.0,"damage_taken":0.0}],"is_beta":false,"boss_relics":[{"not_picked":["Velvet Choker","Philosopher\u0027s Stone"],"picked":"Runic Cube"}],"items_purged_floors":[2],"is_endless":false,"potions_floor_spawned":[1,7,11,18,24,28,30],"killed_by":"Champ","ascension_level":1}}