{"host":"w4b7hmige5bnqipq","time":1614456946,"event":{"mods":["2.2 Compatiblity","BaseMod","Colored Map","DeckTracker","Keyboard Shortcuts","Minty Spire (QoL Compilation)","Permanent Neow","Rare Cards Sparkle","SuperFastMode","everything is the same but u backflip on backflip","slay the spire mod where everything is the same but ironclad has a cowboy hat"],"gold_per_floor":[116,131,131,131,206,206,221,221,255,255,255,280,24,59,79,79,174,174,194,227,152,173,173,173],"floor_reached":23,"language":"KOR","playtime":545,"items_purged":["Injury"],"score":388,"play_id":"5436885d-0b03-4fc5-8f71-553a4e0f1757","local_time":"20210228041546","is_ascension_mode":true,"campfire_choices":[{"data":"Zap","floor":6.0,"key":"SMITH"},{"data":"Go for the Eyes","floor":11.0,"key":"SMITH"},{"data":"Beam Cell","floor":16.0,"key":"SMITH"}],"circlet_count":0,"master_deck":["AscendersBane","Strike_B","Strike_B","Strike_B","Strike_B","Defend_B","Defend_B","Defend_B","Defend_B","Zap+1","Dualcast","All For One","Auto Shields","Conserve Battery","Biased Cognition","Go for the Eyes+1","FTL","Self Repair","Hologram","Beam Cell+1","Seek","CurseOfTheBell","Consume"],"relics":["Cracked Core","Golden Idol","Mercury Hourglass","Eternal Feather","ClockworkSouvenir","Ice Cream","Calling Bell","Regal Pillow","Matryoshka","Torii","Red Mask"],"acts_visited":["Exordium","TheCity"],"potions_floor_usage":[23],"damage_taken":[{"damage":1.0,"enemies":"Cultist","floor":1.0,"turns":3.0},{"damage":7.0,"enemies":"Small Slimes","floor":2.0,"turns":3.0},{"damage":0.0,"enemies":"2 Louse","floor":7.0,"turns":2.0},{"damage":13.0,"enemies":"Lagavulin","floor":9.0,"turns":7.0},{"damage":0.0,"enemies":"3 Louse","floor":12.0,"turns":2.0},{"damage":38.0,"enemies":"Gremlin Nob","floor":14.0,"turns":6.0},{"damage":5.0,"enemies":"2 Fungi Beasts","floor":15.0,"turns":2.0},{"damage":28.0,"enemies":"The Guardian","floor":17.0,"turns":12.0},{"damage":10.0,"enemies":"3 Byrds","floor":19.0,"turns":3.0},{"damage":40.0,"enemies":"Masked Bandits","floor":20.0,"turns":4.0},{"damage":16,"enemies":"Shell Parasite","floor":22,"turns":4},{"damage":7,"enemies":"Snake Plant","floor":23,"turns":1}],"seed_played":"-5069078430063485650","potions_obtained":[{"floor":1.0,"key":"Dexterity Potion"},{"floor":14.0,"key":"SpeedPotion"},{"floor":15.0,"key":"FairyPotion"},{"floor":19.0,"key":"CultistPotion"},{"floor":20.0,"key":"SpeedPotion"}],"is_trial":false,"path_per_floor":["M","M","?","?","?","R","M","M","E","T","R","M","$","E","M","R","B",null,"M","?","$","M","M"],"character_chosen":"DEFECT","items_purchased":["ClockworkSouvenir","Self Repair"],"campfire_rested":0,"item_purchase_floors":[13,13],"current_hp_per_floor":[63,56,56,56,56,56,56,56,43,43,52,52,52,21,16,28,26,55,52,19,19,3,0,0],"gold":173,"neow_bonus":"THREE_RARE_CARDS","is_daily":false,"chose_seed":false,"campfire_upgraded":3,"win_rate":0.0,"timestamp":1614456946,"path_taken":["M","?","?","?","?","R","M","M","E","T","R","M","$","E","M","R","BOSS","M","?","$","M","M"],"items_purchased_type":["Relic","Card"],"build_version":"2020-12-22","purchased_purges":1,"victory":false,"max_hp_per_floor":[71,71,71,64,64,64,64,64,64,64,64,64,64,64,64,64,64,64,64,64,64,64,64,64],"card_choices":[{"not_picked":["Electrodynamics","Fission"],"picked":"All For One","floor":0.0},{"not_picked":["Compile Driver","Hologram"],"picked":"Auto Shields","floor":1.0},{"not_picked":["Fusion","Compile Driver"],"picked":"Conserve Battery","floor":2.0},{"not_picked":["Conserve Battery","Steam"],"picked":"Biased Cognition","floor":7.0},{"not_picked":["Ball Lightning","Conserve Battery"],"picked":"Go for the Eyes","floor":9.0},{"not_picked":["Go for the Eyes","Streamline"],"picked":"FTL","floor":12.0},{"not_picked":["Ball Lightning","Turbo"],"picked":"Hologram","floor":14.0},{"not_picked":["Leap","Turbo"],"picked":"Beam Cell","floor":15.0},{"not_picked":["Biased Cognition","All For One"],"picked":"Seek","floor":17.0},{"not_picked":["Lockon","Leap"],"picked":"Consume","floor":19.0},{"not_picked":["Scrape","Ball Lightning","Steam"],"picked":"SKIP","floor":22}],"player_experience":803604,"relics_obtained":[{"floor":9.0,"key":"Mercury Hourglass"},{"floor":10.0,"key":"Eternal Feather"},{"floor":14.0,"key":"Ice Cream"},{"floor":18.0,"key":"Regal Pillow"},{"floor":18.0,"key":"Matryoshka"},{"floor":18.0,"key":"Torii"},{"floor":20.0,"key":"Red Mask"}],"event_choices":[{"damage_healed":0.0,"max_hp_gain":0.0,"max_hp_loss":0.0,"gold_gain":0.0,"event_name":"Liars Game","player_choice":"Ignored","floor":3.0,"gold_loss":0.0,"damage_taken":0.0},{"damage_healed":0.0,"max_hp_gain":0.0,"max_hp_loss":7.0,"gold_gain":0.0,"event_name":"Golden Idol","player_choice":"Lose Max HP","floor":4.0,"gold_loss":0.0,"damage_taken":0.0,"relics_obtained":["Golden Idol"]},{"damage_healed":0.0,"max_hp_gain":0.0,"max_hp_loss":0.0,"gold_gain":75.0,"event_name":"Golden Wing","player_choice":"Gained Gold","floor":5.0,"gold_loss":0.0,"damage_taken":0.0},{"damage_healed":0.0,"max_hp_gain":0.0,"max_hp_loss":0.0,"gold_gain":0.0,"event_name":"Masked Bandits","player_choice":"Fought Bandits","floor":20.0,"gold_loss":0.0,"damage_taken":0.0}],"is_beta":false,"boss_relics":[{"not_picked":["Snecko Eye","Ectoplasm"],"picked":"Calling Bell"}],"items_purged_floors":[21],"is_endless":false,"potions_floor_spawned":[1,14,15,19,20],"killed_by":"Snake Plant","ascension_level":19}}