{"host":"362zhnvmfmhc3u7b","time":1614392051,"event":{"mods":["BaseMod","Colored Powertips","Filter the Spire","Minty Spire (QoL Compilation)","Quick Restart","Rare Cards Sparkle","StSLib"],"gold_per_floor":[109,159,29,41,56,56,84,102,171,171,186,212,212,212,212,291,291,311,311,311,322,38,67,67,92,92,92,107,140,140,155,155,155,155],"floor_reached":33,"language":"ENG","playtime":2101,"items_purged":[],"score":557,"play_id":"7cafd91a-1466-4bee-b79b-a044cc047660","local_time":"20210226211411","is_ascension_mode":true,"campfire_choices":[{"data":"Zap","floor":6,"key":"SMITH"},{"floor":10,"key":"REST"},{"data":"Fusion","floor":13,"key":"SMITH"},{"data":"Defragment","floor":15,"key":"SMITH"},{"floor":24,"key":"REST"},{"floor":27,"key":"REST"},{"floor":30,"key":"REST"},{"data":"Reinforced Body","floor":32,"key":"SMITH"}],"circlet_count":0,"master_deck":["AscendersBane","Strike_B","Strike_B","Defend_B","Defend_B","Defend_B","Defend_B","Zap+1","Dualcast","Defragment+1","Ball Lightning","Compile Driver","Leap","Electrodynamics","Double Energy","Chaos","Melter","Fusion+1","Cold Snap","Core Surge","Go for the Eyes","Rainbow","Reinforced Body+1","Redo","Ball Lightning","Hologram","Turbo","Conserve Battery","Sunder","Rainbow","Coolheaded","Undo","Reinforced Body+1"],"relics":["SlaversCollar","Prayer Wheel","Pantograph","Blood Vial","StoneCalendar","Snecko Eye","Enchiridion","Symbiotic Virus","Ice Cream","Dream Catcher","Happy Flower","Orichalcum"],"acts_visited":["Exordium","TheCity"],"potions_floor_usage":[7,12,18,23,33],"damage_taken":[{"damage":13,"enemies":"Cultist","floor":1,"turns":5},{"damage":4,"enemies":"Jaw Worm","floor":4,"turns":5},{"damage":0,"enemies":"2 Louse","floor":5,"turns":4},{"damage":11,"enemies":"Lagavulin","floor":7,"turns":7},{"damage":13,"enemies":"2 Fungi Beasts","floor":8,"turns":3},{"damage":11,"enemies":"Blue Slaver","floor":11,"turns":4},{"damage":8,"enemies":"Gremlin Nob","floor":12,"turns":3},{"damage":33,"enemies":"Slime Boss","floor":16,"turns":7},{"damage":0,"enemies":"Spheric Guardian","floor":18,"turns":2},{"damage":13,"enemies":"Shell Parasite","floor":21,"turns":6},{"damage":13,"enemies":"Gremlin Leader","floor":23,"turns":5},{"damage":0,"enemies":"Cultist and Chosen","floor":28,"turns":4},{"damage":26,"enemies":"Book of Stabbing","floor":29,"turns":6},{"damage":0,"enemies":"Snake Plant","floor":31,"turns":4},{"damage":82,"enemies":"Champ","floor":33,"turns":12}],"seed_played":"500788233346010531","potions_obtained":[{"floor":1,"key":"DistilledChaos"},{"floor":5,"key":"FearPotion"},{"floor":16,"key":"SneckoOil"},{"floor":21,"key":"BlessingOfTheForge"},{"floor":23,"key":"Explosive Potion"},{"floor":31,"key":"EssenceOfSteel"}],"is_trial":false,"path_per_floor":["M","?","$","M","M","R","E","M","T","R","M","E","R","T","R","B",null,"M","?","?","M","$","E","R","T","T","R","M","E","R","M","R","B"],"character_chosen":"DEFECT","items_purchased":["Ball Lightning","Compile Driver","Leap","Symbiotic Virus"],"campfire_rested":4,"item_purchase_floors":[3,3,3,22],"current_hp_per_floor":[51,51,51,47,47,47,36,23,23,44,33,25,25,25,25,19,58,60,39,39,28,28,17,38,38,38,59,61,37,58,60,60,0,0],"gold":155,"neow_bonus":"BOSS_RELIC","is_daily":false,"chose_seed":false,"campfire_upgraded":4,"win_rate":0.0,"timestamp":1614392051,"path_taken":["M","?","?","M","M","R","E","M","T","R","M","E","R","?","R","BOSS","M","?","?","M","$","E","R","?","T","R","?","E","R","M","R","BOSS"],"items_purchased_type":["Card","Card","Card","Relic"],"build_version":"2020-12-22","purchased_purges":0,"victory":false,"max_hp_per_floor":[71,71,71,71,71,71,71,71,71,71,71,71,71,71,71,71,71,71,71,71,71,71,71,71,71,71,71,71,71,71,71,71,71,71],"card_choices":[{"not_picked":["Barrage","BootSequence"],"picked":"Defragment","floor":1},{"not_picked":["Rebound","Turbo"],"picked":"Electrodynamics","floor":4},{"not_picked":["Compile Driver","Rebound"],"picked":"Double Energy","floor":5},{"not_picked":["Ball Lightning","Double Energy"],"picked":"Chaos","floor":7},{"not_picked":["Ball Lightning","Go for the Eyes"],"picked":"Melter","floor":8},{"not_picked":["Ball Lightning","Go for the Eyes"],"picked":"Fusion","floor":8},{"not_picked":["Rebound","Hologram"],"picked":"Cold Snap","floor":11},{"not_picked":["Rebound","Compile Driver"],"picked":"Core Surge","floor":11},{"not_picked":["Electrodynamics","Fusion"],"picked":"Go for the Eyes","floor":12},{"not_picked":["Fission","Buffer"],"picked":"Rainbow","floor":16},{"not_picked":["Rebound","Melter"],"picked":"Reinforced Body+1","floor":18},{"not_picked":["FTL","Ball Lightning"],"picked":"Redo","floor":18},{"not_picked":["Darkness","Blizzard+1"],"picked":"Turbo","floor":21},{"not_picked":["Beam Cell","Double Energy+1","Compile Driver"],"picked":"SKIP","floor":21},{"not_picked":["Static Discharge","Rebound"],"picked":"Conserve Battery","floor":23},{"not_picked":["Stack+1","Rebound"],"picked":"Sunder","floor":27},{"not_picked":["Leap","Hello World","Compile Driver"],"picked":"SKIP","floor":28},{"not_picked":["Hello World","Cold Snap","Fusion+1"],"picked":"SKIP","floor":28},{"not_picked":["Hologram","Loop"],"picked":"Rainbow","floor":29},{"not_picked":["Hologram","Barrage"],"picked":"Coolheaded","floor":30},{"not_picked":["Conserve Battery","Coolheaded"],"picked":"Undo","floor":31},{"not_picked":["Go for the Eyes","Reprogram+1"],"picked":"Reinforced Body","floor":31}],"player_experience":1620375,"relics_obtained":[{"floor":7,"key":"Prayer Wheel"},{"floor":9,"key":"Pantograph"},{"floor":12,"key":"Blood Vial"},{"floor":14,"key":"StoneCalendar"},{"floor":19,"key":"Enchiridion"},{"floor":23,"key":"Ice Cream"},{"floor":25,"key":"Dream Catcher"},{"floor":26,"key":"Happy Flower"},{"floor":29,"key":"Orichalcum"}],"event_choices":[{"damage_healed":0,"gold_gain":50,"player_choice":"Pray","damage_taken":0,"max_hp_gain":0,"max_hp_loss":0,"event_name":"Golden Shrine","floor":2,"gold_loss":0},{"damage_healed":0,"gold_gain":0,"player_choice":"Obtained Book","damage_taken":21,"max_hp_gain":0,"max_hp_loss":0,"event_name":"Cursed Tome","floor":19,"gold_loss":0},{"damage_healed":0,"gold_gain":0,"cards_transformed":["Strike_B","Strike_B"],"player_choice":"Became Test Subject","damage_taken":0,"max_hp_gain":0,"max_hp_loss":0,"event_name":"Drug Dealer","floor":20,"gold_loss":0,"cards_obtained":["Ball Lightning","Hologram"]}],"is_beta":false,"boss_relics":[{"not_picked":["Fusion Hammer","Pandora\u0027s Box"],"picked":"Snecko Eye"}],"items_purged_floors":[],"is_endless":false,"potions_floor_spawned":[1,5,16,21,23,31],"killed_by":"Champ","ascension_level":18}}