{"host":"ty2cix8xj6r3ad26","time":1614458164,"event":{"mods":["AchievementEnabler","BaseMod","BetterRewards","Minty Spire (QoL Compilation)","Quick Restart","StSLib","SuperFastMode","The Poker Player"],"gold_per_floor":[111,127,62,75,75,109,109,126,126,159,172,172,97,108,108,212,212,223,223,241,1,1,1,1,1,1],"floor_reached":24,"language":"ENG","playtime":2351,"items_purged":["PokerPlayerMod:Club1","Pain"],"score":294,"play_id":"d77c015c-2436-4f72-8842-e1f0267f51cf","local_time":"20210227223604","is_ascension_mode":true,"metric_token":530,"campfire_choices":[{"data":"PokerPlayerMod:TrumpStrike","floor":7,"key":"SMITH"},{"data":"PokerPlayerMod:Raise","floor":12,"key":"SMITH"},{"data":"PokerPlayerMod:CardPrinter","floor":15,"key":"SMITH"},{"data":"PokerPlayerMod:CardPrinter+1","floor":23,"key":"SMITH"}],"circlet_count":0,"master_deck":["PokerPlayerMod:Diamond2","PokerPlayerMod:Diamond3","PokerPlayerMod:Diamond4","PokerPlayerMod:Diamond5","PokerPlayerMod:Spade2","PokerPlayerMod:Spade3","PokerPlayerMod:Spade4","PokerPlayerMod:Club2","PokerPlayerMod:Heart2","PokerPlayerMod:TrumpStrike+1","PokerPlayerMod:BadJoker","PokerPlayerMod:Mulligan","PokerPlayerMod:Heart9","PokerPlayerMod:Raise+1","PokerPlayerMod:Spade5","PokerPlayerMod:Diamond10+","PokerPlayerMod:Diamond8","PokerPlayerMod:CardPrinter+2","PokerPlayerMod:SecretDealer","PokerPlayerMod:Heart9","PokerPlayerMod:CardBurn+1","PokerPlayerMod:Club9","PokerPlayerMod:Heart1","PokerPlayerMod:Overdeal"],"relics":["PokerPlayerMod:DeckCase","PokerPlayerMod:PendantOfEscape","White Beast Statue","PokerPlayerMod:FairLicense","WarpedTongs","Strawberry","Darkstone Periapt","Thread and Needle","Black Star"],"acts_visited":["Exordium","TheCity"],"potions_floor_usage":[1,4,6,6,8,10,16,16,24,24],"damage_taken":[{"damage":0,"enemies":"Cultist","floor":1,"turns":3},{"damage":0,"enemies":"2 Louse","floor":2,"turns":3},{"damage":0,"enemies":"Jaw Worm","floor":4,"turns":1},{"damage":8,"enemies":"3 Sentries","floor":6,"turns":7},{"damage":1,"enemies":"Large Slime","floor":8,"turns":3},{"damage":50,"enemies":"Lagavulin","floor":10,"turns":6},{"damage":0,"enemies":"Exordium Wildlife","floor":11,"turns":1},{"damage":1,"enemies":"3 Louse","floor":14,"turns":2},{"damage":7,"enemies":"Slime Boss","floor":16,"turns":6},{"damage":2,"enemies":"Shell Parasite","floor":18,"turns":6},{"damage":1,"enemies":"Chosen","floor":20,"turns":4},{"damage":93,"enemies":"Slavers","floor":24,"turns":4}],"seed_played":"-492716935727099005","potions_obtained":[{"floor":1,"key":"Fire Potion"},{"floor":2,"key":"EssenceOfSteel"},{"floor":4,"key":"GamblersBrew"},{"floor":6,"key":"Fire Potion"},{"floor":8,"key":"SmokeBomb"},{"floor":10,"key":"Dexterity Potion"},{"floor":11,"key":"Regen Potion"},{"floor":14,"key":"ColorlessPotion"},{"floor":16,"key":"CultistPotion"},{"floor":18,"key":"SmokeBomb"}],"is_trial":false,"path_per_floor":["M","M","$","M","?","E","R","M","T","E","M","R","$","M","R","B",null,"M","?","M","$","?","R","E"],"character_chosen":"THE_POKER_PLAYER","items_purchased":["PokerPlayerMod:PendantOfEscape","White Beast Statue","PokerPlayerMod:FairLicense","Fruit Juice","PokerPlayerMod:Heart9","Regen Potion","PokerPlayerMod:Spade5","PokerPlayerMod:CardPrinter","PokerPlayerMod:Club9"],"campfire_rested":0,"item_purchase_floors":[0,0,0,0,0,0,3,13,21],"current_hp_per_floor":[49,57,57,57,57,64,64,64,64,45,45,45,45,55,55,63,64,62,51,68,68,68,68,0,0,0],"gold":1,"neow_bonus":"","is_daily":false,"chose_seed":false,"campfire_upgraded":4,"win_rate":0.0,"timestamp":1614458164,"path_taken":["M","M","?","M","?","E","R","?","T","E","M","R","$","M","R","BOSS","M","?","M","$","?","R","E"],"items_purchased_type":["Relic","Relic","Relic","Potion","Card","Potion","Card","Card","Card"],"build_version":"2020-12-22","purchased_purges":2,"victory":false,"max_hp_per_floor":[57,57,57,57,57,64,64,64,64,64,64,64,64,64,64,64,64,64,69,69,69,69,69,69,69,69],"card_choices":[{"not_picked":["PokerPlayerMod:Spade2","PokerPlayerMod:Configure","PokerPlayerMod:ClubsClub"],"picked":"SKIP","floor":1},{"not_picked":["PokerPlayerMod:Diamond3","PokerPlayerMod:Diamond1"],"picked":"PokerPlayerMod:Raise","floor":2},{"not_picked":["PokerPlayerMod:Diamond2","PokerPlayerMod:Fold","PokerPlayerMod:Extraction"],"picked":"SKIP","floor":4},{"not_picked":["PokerPlayerMod:CloakAndDiamond","PokerPlayerMod:Diamond4"],"picked":"PokerPlayerMod:Diamond10+","floor":6},{"not_picked":["PokerPlayerMod:ClubsClub","PokerPlayerMod:Diamond5","PokerPlayerMod:ClubShade"],"picked":"SKIP","floor":8},{"not_picked":["PokerPlayerMod:Heart2","PokerPlayerMod:CloakAndDiamond"],"picked":"PokerPlayerMod:Diamond8","floor":10},{"not_picked":["PokerPlayerMod:Fold","PokerPlayerMod:Diamond3","PokerPlayerMod:Diamond4"],"picked":"SKIP","floor":11},{"not_picked":["PokerPlayerMod:Diamond2","PokerPlayerMod:Club3","PokerPlayerMod:RiskyBet"],"picked":"SKIP","floor":14},{"not_picked":["PokerPlayerMod:Promotion","PokerPlayerMod:ChangeRules"],"picked":"PokerPlayerMod:SecretDealer","floor":16},{"not_picked":["PokerPlayerMod:SecondChance","PokerPlayerMod:Heart6"],"picked":"PokerPlayerMod:Heart9","floor":18},{"not_picked":["PokerPlayerMod:Heart3","PokerPlayerMod:SpadeStrike"],"picked":"PokerPlayerMod:CardBurn+1","floor":20}],"player_experience":641199,"relics_obtained":[{"floor":6,"key":"Strawberry"},{"floor":9,"key":"Darkstone Periapt"},{"floor":10,"key":"Thread and Needle"}],"event_choices":[{"damage_healed":0,"gold_gain":0,"player_choice":"Rummage","damage_taken":0,"relics_obtained":["WarpedTongs"],"max_hp_gain":0,"max_hp_loss":0,"event_name":"Accursed Blacksmith","floor":5,"gold_loss":0,"cards_obtained":["Pain"]},{"damage_healed":0,"gold_gain":0,"player_choice":"Shed Blood","damage_taken":16,"max_hp_gain":5,"max_hp_loss":0,"event_name":"Forgotten Altar","floor":19,"gold_loss":0},{"damage_healed":0,"gold_gain":0,"cards_transformed":["PokerPlayerMod:Diamond1","PokerPlayerMod:Spade1"],"player_choice":"Became Test Subject","damage_taken":0,"max_hp_gain":0,"max_hp_loss":0,"event_name":"Drug Dealer","floor":22,"gold_loss":0,"cards_obtained":["PokerPlayerMod:Heart1","PokerPlayerMod:Overdeal"]}],"is_beta":false,"boss_relics":[{"not_picked":["Sozu","Fusion Hammer"],"picked":"Black Star"}],"items_purged_floors":[0,21],"is_endless":false,"potions_floor_spawned":[1,2,4,6,8,10,11,14,16,18,20],"killed_by":"Slavers","ascension_level":1}}