{"host":"bx8ylsmj2ob6hd5u","time":1614447906,"event":{"mods":["AchievementEnabler","Act Like it!","Aspiration","BaseMod","Colored Map","Downfall","Duelist Mod","Friendly Minions","Gensokyo","GifTheSpireLib","Hallownest","Hermit","HololiveMod","Hubris","Infinite Spire","Jorbs\u0027s Wanderer Trilogy","KinomotoSakuraMod(????)","Kiyohime????","Koishi","KomeijiMod","Lobotomy","LobotomyExtend","Marisa????????","Minty Spire (QoL Compilation)","Prisma Mod","Rare Cards Sparkle","Reimu??????","Remilia??????","Replay The Spire","StSLib","Td1madao Mod","The Administrix","The Animator","The Bug Knight","The Construct","The Cursed","The Disciple","The Hierophant","The Necromancer","The Poker Player","The Runesmith","The Senshi","The Servant 0.9.4","WarShipGirlsR/????R mod"],"gold_per_floor":[109,127,145,145,75,75,89,89,163,180,180,24,38,50,50,147,147,147,147,147,147,163,163,181,181,249,262,276,288,288,288,288,385,385,400,418,434,454,465,465,483,483,483,483,483,517,98,131,131,147],"floor_reached":51,"language":"ENG","playtime":3461,"items_purged":["Evaluate+1"],"score":645,"play_id":"7e320879-9ce9-447a-9c30-ab4af9328771","local_time":"20210227194506","is_ascension_mode":false,"campfire_choices":[{"data":"Eruption","floor":6,"key":"SMITH"},{"data":"Study","floor":8,"key":"SMITH"},{"data":"Adaptation","floor":11,"key":"SMITH"},{"data":"Omniscience","floor":15,"key":"SMITH"},{"data":"Judgement","floor":23,"key":"SMITH"},{"data":"Pray","floor":25,"key":"SMITH"},{"data":"ForeignInfluence","floor":30,"key":"SMITH"},{"data":"Swivel","floor":32,"key":"SMITH"},{"data":"DevaForm","floor":40,"key":"SMITH"},{"data":"infinitespire:Punishment","floor":45,"key":"SMITH"},{"data":"Chrysalis","floor":49,"key":"SMITH"}],"circlet_count":0,"master_deck":["Strike_P+1","Strike_P","Strike_P","Strike_P","Defend_P","Defend_P","Defend_P","Defend_P","Eruption+1","Vigilance+1","ReachHeaven","Study+1","Adaptation+1","Omniscience+1","BowlingBash","Pray+1","Judgement+1","FlurryOfBlows","Swivel+1","Conclude","JustLucky+1","ForeignInfluence+1","DevaForm+1","Protect+1","ClearTheMind+1","Replay:DivineShield+1","Swivel+1","Consecrate+1","Brilliance","Wish","infinitespire:Punishment+1","ReplayTheSpireMod:Chaos Vortex","Chrysalis+1","WaveOfTheHand+1"],"relics":["PureWater","Vajra","LetterFromLob","Mirror","HollowMod:JonisBlessing","Sozu","Ring of Misfortune","Omamori","infinitespire:BottledMercury","aspiration:MobileForge","MealTicket","Replay:Bandana","Toolbox"],"acts_visited":["Exordium","Gensokyo:Gensokyo","TheBeyond"],"potions_floor_usage":[7,13,16],"damage_taken":[{"damage":0,"enemies":"Gensokyo:2_Kodama","floor":1,"turns":2},{"damage":0,"enemies":"Gensokyo:Gryphon","floor":2,"turns":2},{"damage":0,"enemies":"Gensokyo:3_Fairies","floor":3,"turns":4},{"damage":5,"enemies":"Gensokyo:2_Rabbits","floor":7,"turns":4},{"damage":0,"enemies":"Gensokyo:LivingMonolith","floor":10,"turns":3},{"damage":0,"enemies":"Gensokyo:Gryphon_and_Rabbit","floor":13,"turns":3},{"damage":0,"enemies":"Gensokyo:5_Fairies","floor":14,"turns":4},{"damage":6,"enemies":"Gensokyo:Reimu","floor":16,"turns":8},{"damage":0,"enemies":"Hallownest:2_Mistakes","floor":22,"turns":5},{"damage":0,"enemies":"Hallownest:Guard_and_Sentry","floor":24,"turns":3},{"damage":0,"enemies":"Hallownest:2_Husk_Sentries","floor":27,"turns":4},{"damage":0,"enemies":"Hallownest:monsterMisterMushroom","floor":28,"turns":4},{"damage":15,"enemies":"Hallownest:Master_and_Novice","floor":29,"turns":3},{"damage":56,"enemies":"Hallownest:BossMantisLord","floor":33,"turns":7},{"damage":26,"enemies":"3 Darklings","floor":35,"turns":5},{"damage":0,"enemies":"3 Shapes","floor":36,"turns":4},{"damage":0,"enemies":"Writhing Mass","floor":37,"turns":4},{"damage":0,"enemies":"Maw","floor":38,"turns":6},{"damage":11,"enemies":"Transient","floor":39,"turns":5},{"damage":0,"enemies":"Sphere and 2 Shapes","floor":41,"turns":4},{"damage":0,"enemies":"Jaw Worm Horde","floor":46,"turns":6},{"damage":0,"enemies":"3 Darklings","floor":48,"turns":4},{"damage":42,"enemies":"Donu and Deca","floor":50,"turns":7}],"seed_played":"-5610886440668693518","potions_obtained":[{"floor":2,"key":"Swift Potion"},{"floor":3,"key":"Block Potion"},{"floor":14,"key":"ColorlessPotion"}],"is_trial":false,"path_per_floor":["M","M","M","?","?","R","M","R","T","M","R","$","M","M","R","B",null,"M","?","?","?","M","R","M","R","T","M","M","M","R","?","R","B",null,"M","M","M","M","M","R","M","?","T","AVR","R","M","$","M","R","B",null],"character_chosen":"WATCHER","items_purchased":["HollowMod:JonisBlessing","Toolbox","Chrysalis"],"campfire_rested":0,"item_purchase_floors":[12,47,47],"current_hp_per_floor":[72,72,72,72,72,72,67,67,67,67,67,67,67,67,67,61,72,72,72,72,68,68,68,68,68,68,68,68,53,53,60,60,4,72,46,46,46,46,35,35,35,35,35,35,35,35,50,50,50,8],"gold":147,"neow_bonus":"RANDOM_COMMON_RELIC","is_daily":false,"chose_seed":false,"campfire_upgraded":11,"win_rate":0.0,"timestamp":1614447906,"path_taken":["M","?","M","?","?","R","M","R","T","M","R","?","M","M","R","BOSS","M","?","?","?","M","R","M","R","T","M","M","M","R","?","R","BOSS","M","M","?","M","M","R","M","?","T","AVR","R","M","$","M","R","BOSS"],"items_purchased_type":["Relic","Relic","Card"],"build_version":"2020-12-22","purchased_purges":1,"victory":true,"max_hp_per_floor":[72,72,72,72,72,72,72,72,72,72,72,72,72,72,72,72,72,72,72,72,72,72,72,72,72,72,72,72,72,72,72,72,72,72,72,72,72,72,72,72,72,72,72,72,72,72,72,72,72,72],"card_choices":[{"not_picked":["ClearTheMind","Evaluate"],"picked":"ReachHeaven","floor":1},{"not_picked":["EmptyBody","ClearTheMind"],"picked":"Study","floor":2},{"not_picked":["CrushJoints","PathToVictory"],"picked":"Adaptation","floor":3},{"not_picked":["Evaluate","Crescendo"],"picked":"EmptyMind","floor":7},{"not_picked":["Indignation","ThirdEye"],"picked":"Omniscience","floor":10},{"not_picked":["FollowUp","Adaptation"],"picked":"BowlingBash","floor":13},{"not_picked":["EmptyFist","CrushJoints"],"picked":"Pray","floor":14},{"not_picked":["Replay:LoomingThreat","LessonLearned"],"picked":"Judgement","floor":16},{"not_picked":["SashWhip","CrushJoints"],"picked":"FlurryOfBlows","floor":22},{"not_picked":["Halt","Replay:Battleflow+1"],"picked":"Swivel","floor":24},{"not_picked":["WindmillStrike","Indignation"],"picked":"Conclude","floor":27},{"not_picked":["CrushJoints","CutThroughFate"],"picked":"JustLucky+1","floor":28},{"not_picked":["Replay:Battleflow","BowlingBash"],"picked":"ForeignInfluence","floor":29},{"not_picked":["Judgement","Wish"],"picked":"DevaForm","floor":33},{"not_picked":["CrushJoints+1","DeceiveReality"],"picked":"Protect+1","floor":35},{"not_picked":["Replay:Vibes","Prostrate"],"picked":"ClearTheMind+1","floor":36},{"not_picked":["EmptyFist+1","SignatureMove+1"],"picked":"Replay:DivineShield+1","floor":37},{"not_picked":["FearNoEvil","BowlingBash"],"picked":"Swivel+1","floor":38},{"not_picked":["Replay:DivineShield","ForeignInfluence"],"picked":"Consecrate+1","floor":39},{"not_picked":["BowlingBash+1","Replay:AtTheReady"],"picked":"Brilliance","floor":41},{"not_picked":[],"picked":"Wish","floor":42},{"not_picked":["Replay:ManipulateFuture","JustLucky"],"picked":"Evaluate+1","floor":46},{"not_picked":["Pray+1","Study"],"picked":"WaveOfTheHand+1","floor":48}],"player_experience":1632540,"relics_obtained":[{"floor":1,"key":"LetterFromLob"},{"floor":9,"key":"Mirror"},{"floor":19,"key":"Ring of Misfortune"},{"floor":26,"key":"infinitespire:BottledMercury"},{"floor":43,"key":"MealTicket"}],"event_choices":[],"is_beta":false,"boss_relics":[{"not_picked":["Ectoplasm","Painkiller Herb"],"picked":"Sozu"},{"not_picked":["hubris:BlackHole","aspiration:RunesmithSkillbook"],"picked":"aspiration:MobileForge"}],"items_purged_floors":[47],"is_endless":false,"potions_floor_spawned":[2,3,14,22,35,37,39],"ascension_level":0}}