{"host":"y4fuci1jk2rsxnep","time":1614457645,"event":{"mods":["AchievementEnabler","BaseMod","Colored Powertips","Custom Start","Defuse TimeMaze Blight","Dio Mod","Downfall","Hermit","Hero for Fun","Hubris","Hunter ??","Infinite Spire","Minty Spire (QoL Compilation)","Quick Restart","Reliquary","Remove Card Discount Mod","Replay The Spire","StSLib","The Blackbeard","The Bug Knight","The Mystic","The Runesmith"],"gold_per_floor":[113,113,113,68,87,116,130,164,240,240,268,12,42,52,52,155,155,175,175,186,108,129,129,150,150,150,150,172,187,219,219,219,328,328,350,350,378,392,219,219,236,236,236,236,236,262,262,279,279,295],"floor_reached":51,"language":"ENG","playtime":3775,"items_purged":["hermit:Defend_Hermit","hermit:Strike_Hermit","hermit:Strike_Hermit","hermit:Strike_Hermit","hermit:Strike_Hermit"],"score":1015,"play_id":"943fc80f-5bae-45d5-acf1-45d8bcc0dd83","local_time":"20210227212725","is_ascension_mode":true,"campfire_choices":[{"data":"hermit:WideOpen","floor":10,"key":"SMITH"},{"floor":15,"key":"DIG"},{"data":"hermit:EternalForm","floor":23,"key":"SMITH"},{"data":"hermit:WideOpen","floor":25,"key":"SMITH"},{"data":"hermit:FlashPowder","floor":32,"key":"SMITH"},{"floor":40,"key":"REST"},{"data":"hermit:EternalForm","floor":42,"key":"SMITH"},{"data":"hermit:Brawl","floor":49,"key":"SMITH"}],"circlet_count":0,"master_deck":["hermit:Defend_Hermit","hermit:Defend_Hermit","hermit:Defend_Hermit","hermit:Snapshot","hermit:Covet","hermit:Grudge","Regret","hermit:WideOpen+1","hermit:BodyArmor","hermit:Horror","hermit:WideOpen+1","hermit:Quickdraw","hermit:Spite+1","hermit:HighCaliber+1","hermit:Quickdraw+1","hermit:Virtue","hermit:CalledShot+1","hermit:EternalForm+1","hermit:PistolWhip+1","hermit:Shortfuse+1","hermit:Brawl+1","hermit:WideOpen+1","hermit:FlashPowder+1","hermit:Brawl","Replay:Fractal Strike+1","infinitespire:Gouge+1","hermit:EternalForm+1","hermit:BodyArmor+1","hermit:Determination+1","hermit:Determination","hermit:Determination","Sadistic Nature","hermit:Glare+1","hermit:Gestalt","Parasite","hermit:HoleUp+1"],"relics":["hermit:Momento","NeowsBlessing","hubris:Icosahedron","Pondfish Scales","Strawberry","Potion Belt","Molten Egg 2","infinitespire:WardingShard","Lee\u0027s Waffle","infinitespire:Midas Blood","Ginger","Runic Pyramid","Eternal Feather","The Courier","Black Star","White Beast Statue","reliquary:Vitrine","Gremlin Food","Unceasing Top"],"acts_visited":["Exordium","TheCity","TheBeyond"],"potions_floor_usage":[33,38,41,50,50,50],"damage_taken":[{"damage":0,"enemies":"Small Slimes","floor":1,"turns":1},{"damage":0,"enemies":"2 Louse","floor":5,"turns":2},{"damage":0,"enemies":"3 Sentries","floor":6,"turns":1},{"damage":0,"enemies":"Cultist","floor":7,"turns":3},{"damage":26,"enemies":"Gremlin Nob","floor":8,"turns":4},{"damage":23,"enemies":"3 Sentries","floor":11,"turns":8},{"damage":17,"enemies":"Lagavulin","floor":13,"turns":4},{"damage":0,"enemies":"Exordium Wildlife","floor":14,"turns":3},{"damage":0,"enemies":"Slime Boss","floor":16,"turns":8},{"damage":4,"enemies":"Spheric Guardian","floor":18,"turns":3},{"damage":0,"enemies":"Chosen","floor":20,"turns":3},{"damage":12,"enemies":"Shelled Parasite and Fungi","floor":22,"turns":3},{"damage":8,"enemies":"Snake Plant","floor":24,"turns":3},{"damage":17,"enemies":"Chosen and Byrds","floor":28,"turns":5},{"damage":9,"enemies":"Centurion and Healer","floor":29,"turns":4},{"damage":9,"enemies":"Book of Stabbing","floor":30,"turns":4},{"damage":12,"enemies":"hubris:MusketHawk","floor":33,"turns":6},{"damage":1,"enemies":"Orb Walker","floor":35,"turns":3},{"damage":44,"enemies":"3 Darklings","floor":37,"turns":6},{"damage":14,"enemies":"Jaw Worm Horde","floor":38,"turns":4},{"damage":17,"enemies":"Transient","floor":41,"turns":5},{"damage":0,"enemies":"R_Hoarder","floor":46,"turns":8},{"damage":2,"enemies":"Writhing Mass","floor":48,"turns":7},{"damage":55,"enemies":"Donu and Deca","floor":50,"turns":7}],"seed_played":"-2346005123475734106","potions_obtained":[{"floor":1,"key":"bronze:BurnAndBuffPotion"},{"floor":8,"key":"CultistPotion"},{"floor":11,"key":"LiquidMemories"},{"floor":13,"key":"AttackPotion"},{"floor":19,"key":"infinitespire:BlackPotion"},{"floor":19,"key":"Death Potion"},{"floor":19,"key":"Cursed Concoction"},{"floor":20,"key":"Guardian:BlockOnCardUsePotion"},{"floor":28,"key":"LifebloodPotion"},{"floor":33,"key":"sneckomod:MuddlingPotion"},{"floor":37,"key":"Explosive Potion"},{"floor":46,"key":"LiquidMemories"},{"floor":48,"key":"Explosive Potion"}],"is_trial":false,"path_per_floor":["M","?","?","$","M","E","M","E","T","R","E","$","E","M","R","B",null,"M","?","M","$","M","R","M","R","T","?","M","M","E","AVR","R","B",null,"M","?","M","M","$","R","M","R","T","?","AVR","E","?","M","R","B",null],"character_chosen":"HERMIT","items_purchased":["hermit:WideOpen","Lee\u0027s Waffle","hermit:HighCaliber+1","hermit:Quickdraw+1","hermit:Brawl","hermit:Determination","Sadistic Nature"],"campfire_rested":1,"item_purchase_floors":[4,12,12,12,21,39,39],"current_hp_per_floor":[75,75,75,75,75,82,82,56,56,56,33,89,72,72,72,72,89,85,85,85,85,73,73,65,65,65,65,78,69,60,60,75,63,89,88,88,44,30,30,74,57,75,75,75,75,83,83,81,89,34],"gold":295,"neow_bonus":"THREE_ENEMY_KILL","is_daily":false,"chose_seed":false,"campfire_upgraded":6,"win_rate":0.0,"timestamp":1614457645,"path_taken":["M","?","?","$","M","E","M","E","T","R","E","$","E","M","R","BOSS","M","?","?","$","M","R","M","R","T","?","M","M","E","AVR","R","BOSS","M","?","M","M","$","R","M","R","T","?","AVR","E","?","M","R","BOSS"],"items_purchased_type":["Card","Relic","Card","Card","Card","Card","Card"],"build_version":"2020-12-22","purchased_purges":5,"victory":true,"max_hp_per_floor":[75,75,75,75,75,82,82,82,82,82,82,89,89,89,89,89,89,89,89,89,89,89,89,89,89,89,89,89,89,89,89,89,89,89,89,89,89,89,89,89,89,89,89,89,89,89,89,89,89,89],"card_choices":[{"not_picked":["hermit:Roulette","hermit:Snipe"],"picked":"hermit:Grudge","floor":1},{"not_picked":["hermit:LowProfile","hermit:Desperado"],"picked":"hermit:BodyArmor","floor":5},{"not_picked":["hermit:Snipe","hermit:Roulette"],"picked":"hermit:Horror","floor":6},{"not_picked":["hermit:Maintenance","hermit:TakeAim"],"picked":"hermit:WideOpen","floor":7},{"not_picked":["hermit:Feint","hermit:ItchyTrigger"],"picked":"hermit:Quickdraw","floor":8},{"not_picked":["hermit:FinalCanter+1","hermit:Vantage"],"picked":"hermit:Spite+1","floor":11},{"not_picked":["hermit:GoldenBullet+1","hermit:Enervate+1"],"picked":"hermit:Virtue","floor":13},{"not_picked":["hermit:Combo","hermit:Snipe"],"picked":"hermit:CalledShot+1","floor":14},{"not_picked":["hermit:HighNoon","hermit:HeroicBravado"],"picked":"hermit:EternalForm","floor":16},{"not_picked":["hermit:Manifest","hermit:Combo+1"],"picked":"hermit:PistolWhip+1","floor":18},{"not_picked":["hermit:Roulette+1","hermit:ItchyTrigger+1"],"picked":"hermit:Shortfuse+1","floor":20},{"not_picked":["hermit:ItchyTrigger+1","hermit:LowProfile+1"],"picked":"hermit:WideOpen+1","floor":22},{"not_picked":["hermit:Malice+1","hermit:Roulette+1","hermit:LowProfile+1"],"picked":"SKIP","floor":24},{"not_picked":["hermit:Purgatory+1","hermit:Manifest","hermit:Feint"],"picked":"SKIP","floor":28},{"not_picked":["hermit:Coalescence+1","hermit:Snipe"],"picked":"hermit:FlashPowder","floor":29},{"not_picked":["hermit:LuckOfTheDraw","hermit:FatalDesire"],"picked":"hermit:Brawl","floor":30},{"not_picked":["hermit:FatalDesire","hermit:HighNoon"],"picked":"hermit:EternalForm","floor":33},{"not_picked":["hermit:Midnight","hermit:EyeOfTheStorm+1"],"picked":"hermit:BodyArmor+1","floor":35},{"not_picked":["hermit:EyeOfTheStorm","hermit:BodyArmor"],"picked":"hermit:Determination+1","floor":37},{"not_picked":["hermit:OverwhelmingPower","hermit:Malice+1","hermit:HighCaliber+1"],"picked":"SKIP","floor":38},{"not_picked":["hermit:Headshot+1","hermit:GhostlyPresence"],"picked":"hermit:Glare+1","floor":41},{"not_picked":["hermit:HoleUp","hermit:Cheat+1"],"picked":"hermit:Gestalt","floor":46},{"not_picked":["hermit:NoHoldsBarred+1","hermit:PistolWhip+1"],"picked":"hermit:HoleUp+1","floor":48}],"player_experience":740929,"relics_obtained":[{"floor":6,"key":"Strawberry"},{"floor":8,"key":"Potion Belt"},{"floor":9,"key":"Molten Egg 2"},{"floor":11,"key":"infinitespire:WardingShard"},{"floor":13,"key":"infinitespire:Midas Blood"},{"floor":15,"key":"Ginger"},{"floor":26,"key":"Eternal Feather"},{"floor":30,"key":"The Courier"},{"floor":43,"key":"White Beast Statue"},{"floor":46,"key":"Gremlin Food"},{"floor":46,"key":"Unceasing Top"}],"event_choices":[{"damage_healed":0,"gold_gain":0,"player_choice":"Box","damage_taken":0,"relics_obtained":["Pondfish Scales"],"max_hp_gain":0,"max_hp_loss":0,"event_name":"Big Fish","floor":3,"gold_loss":0,"cards_obtained":["Regret"]},{"damage_healed":0,"gold_gain":0,"player_choice":"Got Potions","damage_taken":0,"max_hp_gain":0,"max_hp_loss":0,"event_name":"Lab","floor":19,"gold_loss":0},{"damage_healed":0,"gold_gain":0,"player_choice":"Ignored","damage_taken":0,"max_hp_gain":0,"max_hp_loss":0,"event_name":"Vampires","floor":27,"gold_loss":0},{"damage_healed":0,"gold_gain":0,"player_choice":"Memory 1","damage_taken":0,"max_hp_gain":0,"max_hp_loss":0,"event_name":"SensoryStone","floor":44,"gold_loss":0}],"is_beta":false,"boss_relics":[{"not_picked":["Ring of Chaos","bronze:MakeshiftBattery"],"picked":"Runic Pyramid"},{"not_picked":["Runic Dome","Velvet Choker"],"picked":"Black Star"}],"items_purged_floors":[12,12,12,12,12],"is_endless":false,"potions_floor_spawned":[1,8,11,13,20,22,28,33,37,38,46,48],"ascension_level":4}}