{"host":"1fg35w36yojk0fzz","time":1614385193,"event":{"mods":["AchievementEnabler","Act Like it!","BaseMod","Better Note","BetterRewards","CapriCore","Defuse TimeMaze Blight","Gensokyo","KinomotoSakuraMod(ñÿîVñ{?)","Koishi","MarisaÅiñ∂âJÅ@ñÇóùçπÅj","Minty Spire (QoL Compilation)","Relic Stats","Replay The Spire","Shop Mod","StSLib","Wandering Minibosses"],"gold_per_floor":[116,1,13,33,33,259,259,289,289,321,321,352,352,377,377,478,478,497,497,173,173,99,99,111,438,484,496,529,432,460,528,528,627,627,641,661,11,24,342,575,575,585,585,619,644,416,451,451,451,451,451,451,305,336,336],"floor_reached":56,"language":"ENG","playtime":9206,"items_purged":["ClowCardTheSword","ClowCardTheSword","ClowCardTheShield","ClowCardTheSword","ClowCardTheSweet","ClowCardTheShield","wanderingMiniBosses:FinaleOfPromise","ClowCardTheLoop+1"],"score":2614,"play_id":"b046e3b3-dd5b-4b7d-b887-e33c9cd67928","local_time":"20210227091953","is_ascension_mode":true,"campfire_choices":[{"floor":15.0,"key":"RECALL"},{"data":"ClowCardTheFlower","floor":23.0,"key":"SMITH"},{"data":"ClowCardTheFlower","floor":32.0,"key":"SMITH"},{"data":"Gensokyo:PrivateSquare","floor":49,"key":"SMITH"},{"data":"ClowCardTheGlow","floor":52,"key":"SMITH"}],"circlet_count":0,"master_deck":["SakuraCardTheDash+","SakuraCardTheMirror+","SakuraCardTheLock+","ClowCardTheSword+1","ClowCardTheShield+1","Madness+1","Master of Strategy+1","ClowCardTheShadow","ClowCardTheGlow+1","ClowCardTheFight+1","Night Terror+1","ClowCardTheFlower+1","ClowCardTheBubbles+1","ClowCardTheFlower+1","ClowCardTheJump","ClowCardTheLight+1","Gensokyo:PrivateSquare+1","ClowCardTheLock+1"],"relics":["KSMOD_SealedBook","KSMOD_SealedWand","Membership Card","MerchantsRug","Golden Egg","Pocketwatch","Bird Faced Urn","Ginger","Lizard Tail","Ice Cream","Replay:Baseball","Ancient Tea Set","Gensokyo:PortableGap","KSMOD_Yue","KSMOD_TouyasBicycle","ReplayTheSpireMod:Ninjato","White Beast Statue","Gensokyo:OccultBall","Replay:Accelerometer","KSMOD_MoonBell","Philosopher\u0027s Stone","wanderingMiniBosses:Blackblade","Strange Spoon","Replay:Bottled Flurry","Omamori","ReplayTheSpireMod:Lightbulb","Dream Catcher","DollysMirror","Durian","PreservedInsect","Replay:Drink Me","KSMOD_GemBrooch","ClockworkSouvenir","Medical Kit","Question Card","CaptainsWheel","Unceasing Top","Replay:Mystery Machine","Art of War","KSMOD_RollerSkates","Shuriken","Gremlin Food","Replay:Towering Pillar of Hats"],"acts_visited":["Exordium","Gensokyo:Gensokyo","Gensokyo:Gensokyoer","TheEnding"],"potions_floor_usage":[55],"damage_taken":[{"damage":0.0,"enemies":"Gensokyo:2_Kodama","floor":1.0,"turns":3.0},{"damage":8.0,"enemies":"Gensokyo:Gryphon","floor":3.0,"turns":4.0},{"damage":6.0,"enemies":"Gensokyo:3_Fairies","floor":4.0,"turns":6.0},{"damage":0.0,"enemies":"Gensokyo:Mamizou","floor":6.0,"turns":9.0},{"damage":0.0,"enemies":"Gensokyo:Cirno","floor":8.0,"turns":6.0},{"damage":0.0,"enemies":"Gensokyo:Aya","floor":10.0,"turns":4.0},{"damage":0.0,"enemies":"Gensokyo:Cirno","floor":12.0,"turns":6.0},{"damage":0.0,"enemies":"Gensokyo:Aya","floor":14.0,"turns":4.0},{"damage":0.0,"enemies":"Gensokyo:Kokoro","floor":16.0,"turns":7.0},{"damage":0.0,"enemies":"Gensokyo:AngelMirror","floor":18.0,"turns":5.0},{"damage":0.0,"enemies":"Gensokyo:2_Gloops","floor":24.0,"turns":4.0},{"damage":0.0,"enemies":"Gensokyo:Reisen","floor":25.0,"turns":3.0},{"damage":20.0,"enemies":"Gensokyo:Slime_Group","floor":27.0,"turns":8.0},{"damage":0.0,"enemies":"Gensokyo:Tenshi","floor":28.0,"turns":3.0},{"damage":0.0,"enemies":"Gensokyo:Koishi","floor":30.0,"turns":3.0},{"damage":0.0,"enemies":"Gensokyo:Kaguya","floor":33.0,"turns":5.0},{"damage":0.0,"enemies":"Gensokyo:AncientGuardian","floor":35.0,"turns":3.0},{"damage":0.0,"enemies":"Gensokyo:3_Bats","floor":36.0,"turns":4.0},{"damage":0.0,"enemies":"Gensokyo:Dusk_and_Dawn","floor":38.0,"turns":5.0},{"damage":0.0,"enemies":"Gensokyo:3_Boulders","floor":39.0,"turns":6.0},{"damage":0,"enemies":"Gensokyo:Marisa","floor":40,"turns":2},{"damage":0,"enemies":"Gensokyo:AtlasGolem","floor":42,"turns":3},{"damage":0,"enemies":"Gensokyo:Doremy","floor":44,"turns":2},{"damage":0,"enemies":"Gensokyo:Kasen","floor":45,"turns":1},{"damage":0,"enemies":"Gensokyo:Doremy","floor":47,"turns":2},{"damage":0,"enemies":"Gensokyo:Scarlet_Devils","floor":50,"turns":8},{"damage":0,"enemies":"Shield and Spear","floor":54,"turns":2},{"damage":0,"enemies":"The Heart","floor":55,"turns":4}],"seed_played":"-6972043529226078232","potions_obtained":[{"floor":3.0,"key":"Block Potion"},{"floor":14.0,"key":"Swift Potion"},{"floor":24.0,"key":"Ancient Potion"},{"floor":25.0,"key":"CultistPotion"},{"floor":27.0,"key":"FearPotion"},{"floor":28.0,"key":"AttackPotion"},{"floor":30.0,"key":"FearPotion"},{"floor":31.0,"key":"DuplicationPotion"},{"floor":31.0,"key":"Dexterity Potion"},{"floor":35.0,"key":"Milkshake"},{"floor":36.0,"key":"Elixir"},{"floor":47,"key":"AttackPotion"}],"is_trial":false,"path_per_floor":["M","COS","M","M","?","E","T","E","T","E","?","E","?","E","R","B",null,"M","?","COS","?","$","R","M","E","T","M","E","$","E","?","R","B",null,"M","M","COS","M","M","E","?","M","T","E","E","$","E","?","R","B",null,"R","$","E","B",null],"character_chosen":"KINOMOTOSAKURA","items_purchased":["Membership Card","MerchantsRug","Golden Egg","Bird Faced Urn","ClowCardTheLoop","ClowCardTheSweet","ClowCardTheFloat","BargainBundle","EssenceOfSteel","Explosive Potion","GamblersBrew","Madness","ClowCardTheLock","Master of Strategy","Replay:Baseball","Replay:Bottled Flurry","ClowCardTheBubbles","DollysMirror","Shuriken","Block Potion","DuplicationPotion"],"campfire_rested":0,"item_purchase_floors":[0,0,0,0,0,0,0,0,0,0,0,0,0,0,0,22,22,29,46,46,53],"current_hp_per_floor":[37,37,38,46,46,60,60,63,63,63,63,63,63,63,63,63,63,63,57,57,57,57,57,60,60,60,60,60,60,65,65,65,65,49,49,49,49,49,49,46,43,43,40,37,37,34,34,34,34,34,34,34,34,34,34],"gold":336,"neow_bonus":"","is_daily":false,"chose_seed":false,"campfire_upgraded":4,"win_rate":0.0,"timestamp":1614385193,"path_taken":["M","COS","M","M","?","E","?","E","T","E","?","E","?","E","R","BOSS","M","?","COS","?","$","R","?","E","T","M","E","?","E","?","R","BOSS","M","M","COS","M","M","E","?","?","T","E","E","$","E","?","R","BOSS","R","$","E","BOSS"],"items_purchased_type":["Relic","Relic","Relic","Relic","Card","Card","Card","Relic","Potion","Potion","Potion","Card","Card","Card","Relic","Relic","Card","Relic","Relic","Potion","Potion"],"build_version":"2020-12-22","purchased_purges":8,"victory":true,"max_hp_per_floor":[70,70,70,70,63,63,63,63,63,63,63,63,63,63,63,63,63,63,63,60,60,60,60,60,60,60,60,60,60,65,65,65,65,49,49,49,49,49,49,46,43,43,40,37,37,34,34,34,34,34,34,34,34,34,34],"relic_stats":{"counters":[96,526],"PreservedInsect":363,"Ginger":[29],"Medical Kit":[12],"Question Card":23,"Strange Spoon":[155],"Lizard Tail":0,"Dream Catcher":0,"Shuriken":[10],"Bird Faced Urn":[25],"Art of War":[7],"obtain_stats":[{"Ice Cream":0,"Golden Egg":9,"Replay:Accelerometer":12,"Vajra":8,"wanderingMiniBosses:OtherGremlinHorn":12,"Ginger":0,"Boot":6,"Old Coin":20,"Sozu":34,"Lizard Tail":0,"HornCleat":25,"DollysMirror":27,"Strawberry":6,"Prayer Wheel":0,"Philosopher\u0027s Stone":17,"Iron Hammer":26,"Replay:Bottled Flurry":22,"Replay:Wax Seal":12,"Toxic Egg 2":30,"MerchantsRug":0,"KSMOD_RollerSkates":44,"Pear":10,"Happy Flower":11,"KSMOD_SealedBook":23,"Dead Branch":20,"Counterbalance":11,"Oddly Smooth Stone":0,"Letter Opener":11,"Question Card":25,"Replay:Baseball":0,"ReplayTheSpireMod:Shallot":42,"wanderingMiniBosses:Blackblade":18,"Shuriken":46,"Bird Faced Urn":0,"Simple Rune":23,"ReplayTheSpireMod:TigerMarble":29,"KSMOD_TouyasBicycle":8,"Mirror":31,"hermit:Momento":0,"Unceasing Top":0,"Pocketwatch":0,"KSMOD_GemBrooch":37,"Lantern":0,"SacredBark":17,"Blue Doll":0,"Mango":0,"Gensokyo:NagashiBinaDoll":4,"Replay:Mystery Machine":43,"Gensokyo:PortableGap":15,"Smiling Mask":31,"Ancient Tea Set":32,"Gensokyo:LunaticRedEyes":2,"Replay:Rubber Ducky":0,"ClockworkSouvenir":39,"Frozen Eye":6,"BranchBurnRelic":24,"Replay:Bandana":12,"Dream Catcher":13,"Mummified Hand":53,"Ring of Peace":2,"Gensokyo:OccultBall":14,"KSMOD_SealedWand":23,"WingedGreaves":6,"Chemical X":27,"Replay:Drink Me":34,"Koishi:BloodstainedWhiteRose":23,"Koishi:LettersToReimu":27,"Gremlin Food":47,"BargainBundle":0,"ReplayTheSpireMod:Ninjato":11,"KSMOD_Yue":7,"Replay:Towering Pillar of Hats":0,"ReplayTheSpireMod:Ring of Sloth":12,"PreservedInsect":30,"Omamori":0,"Ring of Greed":12,"Frozen Egg 2":4,"Orichalcum":26,"KSMOD_MoonBell":9,"Gensokyo:RedStar":29,"Medical Kit":53,"White Beast Statue":10,"Gensokyo:EmptyGrave":36,"Strange Spoon":20,"CaptainsWheel":22,"Gensokyo:Mercy":7,"Ring of Fury":2,"Turnip":15,"Snack Pack":54,"Durian":30,"Art of War":44,"Membership Card":19,"ReplayTheSpireMod:Ring of Challenge":31,"ReplayTheSpireMod:Lightbulb":27,"TungstenRod":47,"Koishi:ImaginaryFriend":6},{"Ice Cream":68,"Golden Egg":14,"Replay:Accelerometer":75,"Vajra":22,"wanderingMiniBosses:OtherGremlinHorn":47,"Ginger":68,"Boot":21,"Old Coin":27,"Sozu":56,"Lizard Tail":41,"HornCleat":29,"DollysMirror":53,"Strawberry":36,"Prayer Wheel":18,"Philosopher\u0027s Stone":48,"Iron Hammer":29,"Replay:Bottled Flurry":78,"Replay:Wax Seal":15,"Toxic Egg 2":54,"MerchantsRug":18,"KSMOD_RollerSkates":62,"Pear":15,"Happy Flower":15,"KSMOD_SealedBook":51,"Dead Branch":27,"Counterbalance":46,"Oddly Smooth Stone":41,"Letter Opener":46,"Question Card":53,"Replay:Baseball":68,"ReplayTheSpireMod:Shallot":61,"wanderingMiniBosses:Blackblade":78,"Shuriken":92,"Bird Faced Urn":68,"Simple Rune":51,"ReplayTheSpireMod:TigerMarble":31,"KSMOD_TouyasBicycle":73,"Mirror":55,"hermit:Momento":0,"Unceasing Top":32,"Pocketwatch":68,"KSMOD_GemBrooch":86,"Lantern":41,"SacredBark":25,"Blue Doll":18,"Mango":18,"Gensokyo:NagashiBinaDoll":13,"Replay:Mystery Machine":90,"Gensokyo:PortableGap":24,"Smiling Mask":31,"Ancient Tea Set":55,"Gensokyo:LunaticRedEyes":33,"Replay:Rubber Ducky":18,"ClockworkSouvenir":59,"Frozen Eye":21,"BranchBurnRelic":28,"Replay:Bandana":15,"Dream Catcher":40,"Mummified Hand":66,"Ring of Peace":42,"Gensokyo:OccultBall":47,"KSMOD_SealedWand":51,"WingedGreaves":72,"Chemical X":53,"Replay:Drink Me":84,"Koishi:BloodstainedWhiteRose":28,"Koishi:LettersToReimu":30,"Gremlin Food":93,"BargainBundle":68,"ReplayTheSpireMod:Ninjato":23,"KSMOD_Yue":72,"Replay:Towering Pillar of Hats":41,"ReplayTheSpireMod:Ring of Sloth":15,"PreservedInsect":83,"Omamori":18,"Ring of Greed":15,"Frozen Egg 2":34,"Orichalcum":53,"KSMOD_MoonBell":45,"Gensokyo:RedStar":54,"Medical Kit":66,"White Beast Statue":74,"Gensokyo:EmptyGrave":57,"Strange Spoon":78,"CaptainsWheel":50,"Gensokyo:Mercy":14,"Ring of Fury":42,"Turnip":17,"Snack Pack":67,"Durian":83,"Art of War":91,"Membership Card":26,"ReplayTheSpireMod:Ring of Challenge":31,"ReplayTheSpireMod:Lightbulb":81,"TungstenRod":64,"Koishi:ImaginaryFriend":21},{"Ice Cream":404,"Golden Egg":82,"Replay:Accelerometer":442,"Vajra":127,"wanderingMiniBosses:OtherGremlinHorn":281,"Ginger":404,"Boot":119,"Old Coin":159,"Sozu":337,"Lizard Tail":227,"HornCleat":173,"DollysMirror":318,"Strawberry":203,"Prayer Wheel":103,"Philosopher\u0027s Stone":293,"Iron Hammer":173,"Replay:Bottled Flurry":458,"Replay:Wax Seal":88,"Toxic Egg 2":321,"MerchantsRug":103,"KSMOD_RollerSkates":375,"Pear":88,"Happy Flower":88,"KSMOD_SealedBook":309,"Dead Branch":159,"Counterbalance":267,"Oddly Smooth Stone":227,"Letter Opener":273,"Question Card":318,"Replay:Baseball":404,"ReplayTheSpireMod:Shallot":370,"wanderingMiniBosses:Blackblade":458,"Shuriken":510,"Bird Faced Urn":404,"Simple Rune":309,"ReplayTheSpireMod:TigerMarble":185,"KSMOD_TouyasBicycle":432,"Mirror":327,"hermit:Momento":0,"Unceasing Top":187,"Pocketwatch":404,"KSMOD_GemBrooch":491,"Lantern":227,"SacredBark":145,"Blue Doll":103,"Mango":103,"Gensokyo:NagashiBinaDoll":80,"Replay:Mystery Machine":507,"Gensokyo:PortableGap":135,"Smiling Mask":185,"Ancient Tea Set":327,"Gensokyo:LunaticRedEyes":190,"Replay:Rubber Ducky":103,"ClockworkSouvenir":358,"Frozen Eye":113,"BranchBurnRelic":166,"Replay:Bandana":88,"Dream Catcher":223,"Mummified Hand":397,"Ring of Peace":235,"Gensokyo:OccultBall":281,"KSMOD_SealedWand":309,"WingedGreaves":426,"Chemical X":318,"Replay:Drink Me":484,"Koishi:BloodstainedWhiteRose":166,"Koishi:LettersToReimu":178,"Gremlin Food":512,"BargainBundle":404,"ReplayTheSpireMod:Ninjato":131,"KSMOD_Yue":426,"Replay:Towering Pillar of Hats":227,"ReplayTheSpireMod:Ring of Sloth":88,"PreservedInsect":479,"Omamori":103,"Ring of Greed":88,"Frozen Egg 2":191,"Orichalcum":318,"KSMOD_MoonBell":261,"Gensokyo:RedStar":321,"Medical Kit":397,"White Beast Statue":436,"Gensokyo:EmptyGrave":345,"Strange Spoon":458,"CaptainsWheel":304,"Gensokyo:Mercy":82,"Ring of Fury":235,"Turnip":96,"Snack Pack":399,"Durian":478,"Art of War":509,"Membership Card":151,"ReplayTheSpireMod:Ring of Challenge":185,"ReplayTheSpireMod:Lightbulb":470,"TungstenRod":383,"Koishi:ImaginaryFriend":119}],"Unceasing Top":[9],"Pocketwatch":[53]},"card_choices":[{"not_picked":["ClowCardThePower","ClowCardTheIllusion"],"picked":"ClowCardTheShadow","floor":1.0},{"not_picked":["ClowCardTheMirror","ClowCardTheVoice"],"picked":"ClowCardTheSweet","floor":3.0},{"not_picked":["ClowCardTheThunder","ClowCardTheReturn"],"picked":"ClowCardTheDash","floor":4.0},{"not_picked":["ClowCardThePower","ClowCardTheFreeze","ClowCardTheWood"],"picked":"SKIP","floor":4.0},{"not_picked":["ClowCardTheRain","ClowCardTheDream"],"picked":"ClowCardTheMist","floor":6.0},{"not_picked":["ClowCardTheIllusion","ClowCardTheMaze","ClowCardTheCloud"],"picked":"SKIP","floor":8.0},{"not_picked":["ClowCardTheMove","ClowCardTheErase"],"picked":"ClowCardTheGlow","floor":10.0},{"not_picked":["ClowCardTheJump","ClowCardTheFly"],"picked":"ClowCardTheMirror","floor":12.0},{"not_picked":["ClowCardTheMove","ClowCardTheLock"],"picked":"ClowCardTheFight","floor":14.0},{"not_picked":["ClowCardTheReturn","ClowCardTheThunder"],"picked":"ClowCardTheFight","floor":16.0},{"not_picked":[],"picked":"wanderingMiniBosses:FinaleOfPromise","floor":18.0},{"not_picked":["ClowCardTheFloat+1","ClowCardTheFreeze","ClowCardTheRain"],"picked":"SKIP","floor":18.0},{"not_picked":["ClowCardTheMist+1","ClowCardTheChange+1","ClowCardTheCloud+1"],"picked":"SKIP","floor":24.0},{"not_picked":["ClowCardTheCloud","ClowCardTheMist","ClowCardTheDream"],"picked":"SKIP","floor":24.0},{"not_picked":["ClowCardTheMirror","ClowCardTheMist+1","ClowCardTheThunder"],"picked":"SKIP","floor":25.0},{"not_picked":["ClowCardTheEarthy","ClowCardTheMaze","ClowCardTheVoice"],"picked":"SKIP","floor":27.0},{"not_picked":["ClowCardTheMaze","ClowCardTheArrow","ClowCardTheWave"],"picked":"SKIP","floor":28.0},{"not_picked":["ClowCardTheMirror+1","ClowCardTheVoice+1"],"picked":"ClowCardTheFlower","floor":30.0},{"not_picked":["ClowCardTheLittle","ClowCardTheGlow"],"picked":"ClowCardTheJump","floor":31.0},{"not_picked":["ClowCardTheThunder","ClowCardTheDash"],"picked":"ClowCardTheLight","floor":33.0},{"not_picked":["ClowCardTheCloud","ClowCardTheShadow+1","ClowCardTheFly+1"],"picked":"SKIP","floor":35.0},{"not_picked":["ClowCardTheFirey+1","ClowCardTheErase","ClowCardTheVoice"],"picked":"SKIP","floor":36.0},{"not_picked":["ClowCardTheWood+1","ClowCardTheLoop+1","ClowCardTheSilent+1"],"picked":"SKIP","floor":38.0},{"not_picked":["ClowCardTheMirror","ClowCardTheLock","ClowCardTheMove"],"picked":"SKIP","floor":38.0},{"not_picked":["ClowCardTheErase+1","ClowCardTheSilent+1","ClowCardTheMove+1"],"picked":"SKIP","floor":39.0},{"not_picked":["ClowCardTheChange+1","ClowCardTheVoice","ClowCardTheSleep+1"],"picked":"ClowCardTheDash","floor":40},{"not_picked":["ClowCardTheFreeze","ClowCardTheErase+1","ClowCardTheShot+1"],"picked":"ClowCardTheLock+1","floor":42},{"not_picked":["ClowCardTheMirror+1","ClowCardTheCloud","ClowCardTheShadow","ClowCardTheWood"],"picked":"SKIP","floor":44},{"not_picked":["ClowCardTheDark","ClowCardTheSand","ClowCardTheBig+1","ClowCardTheWood"],"picked":"SKIP","floor":45},{"not_picked":["ClowCardTheErase+1","ClowCardTheWave","ClowCardTheCloud+1","ClowCardTheEarthy+1"],"picked":"SKIP","floor":47},{"not_picked":["ClowCardTheSand","ClowCardTheLibra+1","ClowCardTheShot+1","ClowCardTheGlow"],"picked":"SKIP","floor":54}],"player_experience":568967,"relics_obtained":[{"floor":6.0,"key":"WingedGreaves"},{"floor":7.0,"key":"KSMOD_Yue"},{"floor":8.0,"key":"KSMOD_TouyasBicycle"},{"floor":9.0,"key":"ReplayTheSpireMod:Ninjato"},{"floor":10.0,"key":"White Beast Statue"},{"floor":12.0,"key":"Replay:Accelerometer"},{"floor":14.0,"key":"KSMOD_MoonBell"},{"floor":16.0,"key":"Gensokyo:OccultBall"},{"floor":18.0,"key":"wanderingMiniBosses:Blackblade"},{"floor":25.0,"key":"Omamori"},{"floor":28.0,"key":"Dream Catcher"},{"floor":30.0,"key":"PreservedInsect"},{"floor":33.0,"key":"Gensokyo:OccultBall"},{"floor":40,"key":"Gensokyo:OccultBall"},{"floor":40,"key":"CaptainsWheel"},{"floor":43,"key":"Replay:Mystery Machine"},{"floor":44,"key":"Art of War"},{"floor":45,"key":"KSMOD_RollerSkates"},{"floor":47,"key":"Gremlin Food"},{"floor":54,"key":"Replay:Towering Pillar of Hats"}],"event_choices":[],"is_beta":false,"boss_relics":[{"not_picked":["Runic Pyramid","Velvet Choker"],"picked":"Philosopher\u0027s Stone"},{"not_picked":["Kintsugi","Snecko Eye"],"picked":"Replay:Drink Me"}],"items_purged_floors":[0,0,0,0,22,29,46,53],"is_endless":false,"potions_floor_spawned":[3,6,8,10,12,14,16,18,24,25,27,28,30,33,35,36,38,39,40,42,44,45,47,54],"ascension_level":5}}