{"host":"709e3hc8hvltf42g","time":1614429896,"event":{"mods":["100% Spire Juice","ATMod(°¢èªMod)","Act Like it!","Arknights","Aspiration","BaseMod","CapriCore","Conspire","Downfall","Gensokyo","GungeonMod","Hallownest","Hermit","Library of Ruina","Library of Ruina Extra","Lobotomy","LobotomyExtend","Minty Spire (QoL Compilation)","MostiFishMod","Remilia£¨ÀÙÃ×ÀòÑÇ£©","StSLib","The Alterego","The Blackbeard","The Bug Knight","The Cursed","The Immortal","The Marked","Waifu the Spire","Yakumo Yukari mod","[GremlinLeader]The Maniac","[IsaacMod]ÒÔÈö¼âËþ","¡¾ÒÅÎï¿¨ÅÆ¡¿REMEMod"],"gold_per_floor":[215,72,122,134,145,145,145],"floor_reached":6,"language":"ZHS","playtime":562,"items_purged":["LightDefense"],"score":38,"play_id":"017c869b-a171-4389-abda-a21ade2d2184","local_time":"20210227204456","is_ascension_mode":true,"campfire_choices":[],"circlet_count":0,"master_deck":["Dodge","LightDefense","LightAttack","LightAttack","LightAttack","LightDefense","LightDefense","ChargeAndCover","FocusedStrikes","AT_SoftenMuscles","Diversion","BladeWhirl","Wallop_lor","FaintMemories"],"relics":["PageOfLibrarian","HushsDoor","AT_ATBox","REME_ComplimentaryCards","DaveBox","Chaos","ImprovedEquipment","SynthV:TestCard","LetterFromLob","DemoMod:Bottle","MoneyPower","DemoMod:GlassGuonStoneRelic"],"acts_visited":["Exordium"],"potions_floor_usage":[6],"damage_taken":[{"damage":2,"enemies":"ats:Genji","floor":1,"turns":5},{"damage":56,"enemies":"Hiden Room Battle","floor":3,"turns":8},{"damage":0,"enemies":"Cultist","floor":4,"turns":3},{"damage":0,"enemies":"Jaw Worm","floor":5,"turns":3},{"damage":7,"enemies":"Lagavulin","floor":6,"turns":2}],"seed_played":"8645333223799959575","potions_obtained":[{"floor":4,"key":"SkillPotion"},{"floor":5,"key":"Fire Potion"}],"is_trial":false,"path_per_floor":["M","$","?","M","M","E"],"character_chosen":"Librarian","items_purchased":["BladeWhirl"],"campfire_rested":0,"item_purchase_floors":[2],"current_hp_per_floor":[58,58,2,2,2,0,0],"gold":145,"neow_bonus":"HUNDRED_GOLD","is_daily":false,"chose_seed":false,"campfire_upgraded":0,"win_rate":0.0,"timestamp":1614429896,"path_taken":["M","$","?","M","?","E"],"items_purchased_type":["Card"],"build_version":"2020-12-22","purchased_purges":1,"victory":false,"max_hp_per_floor":[62,62,78,63,63,63,63],"card_choices":[{"not_picked":[],"picked":"Bomb","floor":0},{"not_picked":["TendonChords","ClassAndRespect","Bomb","GatherIntel","Crush","EnergyShield","FaintMemories","AutonomousRush"],"picked":"Diversion","floor":1},{"not_picked":["FierceCharge","FleetFootsteps","EnergyShield","SinglePointStab","Bomb","Quickness","MindPrepared","SuppressingShot","DarkCloud","UnavoidableGaze"],"picked":"Wallop_lor","floor":3},{"not_picked":["StructuralAnalysis","Unlock1","FocusFire","FierceCharge","Gamble","UnavoidableGaze","BizarreAttack","SweepTheBackstreets","Deflect_lor","GrazeTheGrass"],"picked":"FaintMemories","floor":4},{"not_picked":["SmokingPipe","SuppressingShot","CoordinatedAssault","Quickness","BackstreetsDash","TraceOfFumes","StrongStrike","ClassAndRespect","Standoff","JiaoTu","AssaultOrder"],"picked":"SKIP","floor":5}],"player_experience":279421,"relics_obtained":[{"floor":1,"key":"SynthV:TestCard"},{"floor":1,"key":"LetterFromLob"},{"floor":3,"key":"DemoMod:Bottle"},{"floor":3,"key":"MoneyPower"}],"event_choices":[{"damage_healed":0,"gold_gain":0,"player_choice":"Fight","damage_taken":0,"max_hp_gain":0,"max_hp_loss":0,"event_name":"HidenRoomEvent","floor":3,"gold_loss":0}],"is_beta":false,"boss_relics":[],"items_purged_floors":[2],"is_endless":false,"potions_floor_spawned":[4,5],"killed_by":"Lagavulin","ascension_level":1}}