{"host":"n605f8gctjc87d7h","time":1614450172,"event":{"mods":["Aspiration","Bard","BaseMod","Bestiary","Better Match","Better Note","Better Skull","Better Third Choice","Conspire","Downfall","Halation","Hermit","Infinite Spire","JesterMod","Minty Spire (QoL Compilation)","Reliquary","Replay The Spire","Retaliation","Shade Mod","Spicy Shops","StS++","StSLib","The Blue Laboratory","The IronCluck","The Jungle","The Runesmith","TheSurvivalist"],"gold_per_floor":[210,210,210,228,228,228,257,269,295,306,306,318,318,348,348,420,420,436,536,451,463,463,463,496,513,537,554,554,587,600,618,618,618,618],"floor_reached":33,"language":"ENG","playtime":1923,"items_purged":[],"score":549,"play_id":"4c456d5a-0460-4bb6-aeeb-b49351dff203","local_time":"20210227102252","is_ascension_mode":true,"campfire_choices":[{"data":"Thunderclap","floor":6,"key":"SMITH"},{"data":"Perfected Strike","floor":11,"key":"SMITH"},{"data":"Pommel Strike","floor":15,"key":"SMITH"},{"floor":23,"key":"REST"},{"floor":32,"key":"REST"}],"circlet_count":0,"master_deck":["AscendersBane","Strike_R","Strike_R","Strike_R","Strike_R","Strike_R+1","Defend_R","Defend_R","Defend_R","Defend_R","Bash","Thunderclap+1","Perfected Strike+1","Pommel Strike+1","Twin Strike","Armaments+1","Metallicize","infinitespire:FinalStrike","Metallicize","DDmod:SpikedSkill","Double Tap"],"relics":["Burning Blood","halation:YellowSoulGem","infinitespire:Beetle Shell","reliquary:SilkGlove","reliquary:Spinner","Replay:Wanted Poster","Bag of Marbles","DDmod:BarbedSlagRelic","reliquary:PorcupineQuills","Anchor","Gremlin Food"],"acts_visited":["Exordium","TheCity"],"potions_floor_usage":[7,12,14,29,31,33],"damage_taken":[{"damage":2,"enemies":"Cultist","floor":1,"turns":4},{"damage":6,"enemies":"Jaw Worm","floor":4,"turns":4},{"damage":25,"enemies":"Lagavulin","floor":7,"turns":5},{"damage":6,"enemies":"2 Louse","floor":8,"turns":3},{"damage":5,"enemies":"Gremlin Gang","floor":10,"turns":4},{"damage":7,"enemies":"Exordium Wildlife","floor":12,"turns":4},{"damage":18,"enemies":"Gremlin Nob","floor":14,"turns":4},{"damage":57,"enemies":"Fading Forest","floor":16,"turns":11},{"damage":17,"enemies":"Chosen","floor":18,"turns":5},{"damage":14,"enemies":"3 Byrds","floor":21,"turns":6},{"damage":17,"enemies":"Gremlin Leader","floor":24,"turns":4},{"damage":4,"enemies":"3 Cultists","floor":25,"turns":5},{"damage":0,"enemies":"Cultist and Chosen","floor":27,"turns":2},{"damage":16,"enemies":"Book of Stabbing","floor":29,"turns":3},{"damage":6,"enemies":"Centurion and Healer","floor":30,"turns":5},{"damage":0,"enemies":"Snake Plant","floor":31,"turns":1},{"damage":99,"enemies":"Pondfish","floor":33,"turns":12}],"seed_played":"-7750223723285925798","potions_obtained":[{"floor":3,"key":"BloodPotion"},{"floor":3,"key":"AttackPotion"},{"floor":10,"key":"blueLaboratory:PhilterOfMotion"},{"floor":12,"key":"blueLaboratory:FruitPreserves"},{"floor":21,"key":"blueLaboratory:PolymorphPotion"},{"floor":25,"key":"DuplicationPotion"},{"floor":29,"key":"SteroidPotion"}],"is_trial":false,"path_per_floor":["M","?","?","M","$","R","E","M","T","M","R","M","?","E","R","B",null,"M","AVR","?","M","?","R","E","M","T","M","?","E","M","M","R","B"],"character_chosen":"IRONCLAD","items_purchased":[],"campfire_rested":2,"item_purchase_floors":[],"current_hp_per_floor":[72,72,72,72,72,72,53,53,53,54,54,68,68,56,56,13,60,49,49,49,41,41,63,52,54,54,60,60,50,50,56,75,0,0],"gold":618,"neow_bonus":"HUNDRED_GOLD","is_daily":false,"chose_seed":false,"campfire_upgraded":3,"win_rate":0.0,"timestamp":1614450172,"path_taken":["M","?","?","M","$","R","E","M","T","M","R","?","?","E","R","BOSS","M","AVR","?","M","?","R","E","M","T","M","?","E","?","M","R","BOSS"],"items_purchased_type":[],"build_version":"2020-12-22","purchased_purges":0,"victory":false,"max_hp_per_floor":[75,75,75,75,75,75,75,75,75,75,75,75,75,75,75,75,75,75,75,75,75,75,75,75,75,75,75,75,75,75,75,75,75,75],"card_choices":[{"not_picked":["Headbutt","DDmod:EasePowerCard"],"picked":"Thunderclap","floor":1},{"not_picked":["Shrug It Off","Power Through"],"picked":"Perfected Strike","floor":4},{"not_picked":["Dark Embrace","DDmod:RapidStrikeAttack","Run Through"],"picked":"SKIP","floor":7},{"not_picked":["Life Link","Rupture"],"picked":"Pommel Strike","floor":8},{"not_picked":["ReplayReversal","Battle Trance"],"picked":"Twin Strike","floor":10},{"not_picked":["ReplayTheSpireMod:Strike From Hell","Iron Wave"],"picked":"Armaments","floor":12},{"not_picked":["Abandon","Sentinel"],"picked":"Metallicize","floor":14},{"not_picked":["Clash","Body Slam","ReplayTheSpireMod:Corrosion Curse"],"picked":"SKIP","floor":18},{"not_picked":["Perfected Strike","Clothesline"],"picked":"Metallicize","floor":21},{"not_picked":["Uppercut","Anger","Run Through+1"],"picked":"SKIP","floor":24},{"not_picked":["Wild Strike","DDmod:BurningFumesPowerCard+1","Metallicize"],"picked":"SKIP","floor":25},{"not_picked":["Headbutt","DDmod:ScaleUpSkill"],"picked":"DDmod:SpikedSkill","floor":27},{"not_picked":["Ghostly Armor","Clash","StSpp:CounterStrike"],"picked":"SKIP","floor":29},{"not_picked":["Hemogenesis","Wild Strike","Twin Strike"],"picked":"SKIP","floor":30},{"not_picked":["Iron Wave","Wild Strike"],"picked":"Double Tap","floor":31}],"player_experience":929506,"relics_obtained":[{"floor":7,"key":"infinitespire:Beetle Shell"},{"floor":9,"key":"reliquary:SilkGlove"},{"floor":14,"key":"reliquary:Spinner"},{"floor":24,"key":"reliquary:PorcupineQuills"},{"floor":26,"key":"Anchor"},{"floor":29,"key":"Gremlin Food"}],"event_choices":[{"damage_healed":0,"gold_gain":0,"player_choice":"Got Potions","damage_taken":0,"max_hp_gain":0,"max_hp_loss":0,"event_name":"Lab","floor":3,"gold_loss":0},{"damage_healed":0,"gold_gain":0,"player_choice":"Forge","damage_taken":0,"max_hp_gain":0,"max_hp_loss":0,"event_name":"Accursed Blacksmith","floor":13,"gold_loss":0,"cards_upgraded":["Armaments"]},{"damage_healed":0,"gold_gain":0,"player_choice":"Obtained Relic","damage_taken":0,"relics_obtained":["Bag of Marbles"],"max_hp_gain":0,"max_hp_loss":0,"event_name":"Addict","floor":20,"gold_loss":85},{"damage_healed":0,"gold_gain":0,"player_choice":"Ignored","damage_taken":0,"max_hp_gain":0,"max_hp_loss":0,"event_name":"Transmorgrifier","floor":28,"gold_loss":0}],"is_beta":false,"boss_relics":[{"not_picked":["StSpp:Balance","ChewingGum","conspire:SlowCooker"]}],"items_purged_floors":[],"is_endless":false,"potions_floor_spawned":[10,12,21,25,27,29],"killed_by":"Pondfish","ascension_level":17}}