{"host":"xg4r5pv6chpuampg","time":1614414667,"event":{"mods":["AchievementEnabler","BaseMod","Googly Eyes","Minty Spire (QoL Compilation)","StSLib","Together in Spire"],"gold_per_floor":[111,31,44,44,70,104,104,136,136,15,47,58,92,103,103,103,103],"floor_reached":16,"language":"ENG","playtime":367,"items_purged":[],"score":278,"play_id":"bd8f43ab-1b9a-491a-90b4-d7e3c5eb3afa","local_time":"20210227113107","is_ascension_mode":true,"campfire_choices":[{"data":"Eruption","floor":7,"key":"SMITH"},{"data":"Tantrum","floor":15,"key":"SMITH"}],"circlet_count":0,"master_deck":["Strike_P","Strike_P","Strike_P","Strike_P","Defend_P","Defend_P","Defend_P","Defend_P","Eruption+1","Vigilance","BowlingBash","Tantrum+1","CrushJoints","WheelKick","CutThroughFate","FollowUp","DeceiveReality","CutThroughFate","FollowUp"],"relics":["PureWater","NeowsBlessing","Happy Flower","Anchor","Question Card","Letter Opener","Pen Nib","Meat on the Bone"],"acts_visited":["Exordium"],"potions_floor_usage":[16,16],"damage_taken":[{"damage":0,"enemies":"Small Slimes","floor":1,"turns":1},{"damage":0,"enemies":"Jaw Worm","floor":3,"turns":1},{"damage":0,"enemies":"Gremlin Nob","floor":6,"turns":1},{"damage":0,"enemies":"Lagavulin","floor":8,"turns":3},{"damage":0,"enemies":"Gremlin Nob","floor":11,"turns":2},{"damage":0,"enemies":"Cultist","floor":12,"turns":1},{"damage":36,"enemies":"Lagavulin","floor":13,"turns":3},{"damage":0,"enemies":"Blue Slaver","floor":14,"turns":2}],"seed_played":"1452003349488355332","potions_obtained":[{"floor":3,"key":"BlessingOfTheForge"},{"floor":11,"key":"Block Potion"},{"floor":14,"key":"SteroidPotion"}],"is_trial":false,"path_per_floor":["M","$","M","?","T","E","R","E","T","$","E","M","E","M","R","B"],"character_chosen":"WATCHER","items_purchased":["Tantrum","WheelKick","CutThroughFate"],"campfire_rested":0,"item_purchase_floors":[2,10,10],"current_hp_per_floor":[72,72,72,77,77,77,77,77,77,77,77,77,41,41,41,0,0],"gold":103,"neow_bonus":"THREE_ENEMY_KILL","is_daily":false,"chose_seed":false,"campfire_upgraded":2,"win_rate":0.0,"timestamp":1614414667,"path_taken":["M","$","M","?","?","E","R","E","T","$","E","M","E","?","R","BOSS"],"items_purchased_type":["Card","Card","Card"],"build_version":"2020-12-22","purchased_purges":0,"victory":false,"max_hp_per_floor":[72,72,72,77,77,77,77,77,77,77,77,77,77,77,77,77,77],"card_choices":[{"not_picked":["JustLucky","LikeWater"],"picked":"BowlingBash","floor":1},{"not_picked":["Evaluate","Fasting2","Pray"],"picked":"SKIP","floor":3},{"not_picked":["Halt","BowlingBash"],"picked":"CrushJoints","floor":6},{"not_picked":["LikeWater","Indignation","Sanctity"],"picked":"SKIP","floor":8},{"not_picked":["Wireheading","Judgement","Conclude"],"picked":"FollowUp","floor":11},{"not_picked":["LikeWater","BowlingBash","Halt"],"picked":"DeceiveReality","floor":12},{"not_picked":["Protect","ClearTheMind","Adaptation"],"picked":"CutThroughFate","floor":13},{"not_picked":["EmptyBody","Pray","Worship"],"picked":"FollowUp","floor":14}],"player_experience":173533,"relics_obtained":[{"floor":5,"key":"Happy Flower"},{"floor":6,"key":"Anchor"},{"floor":8,"key":"Question Card"},{"floor":9,"key":"Letter Opener"},{"floor":11,"key":"Pen Nib"},{"floor":13,"key":"Meat on the Bone"}],"event_choices":[{"damage_healed":0,"gold_gain":0,"player_choice":"Donut","damage_taken":0,"max_hp_gain":5,"max_hp_loss":0,"event_name":"Big Fish","floor":4,"gold_loss":0}],"is_beta":false,"boss_relics":[],"items_purged_floors":[],"is_endless":false,"potions_floor_spawned":[3,11,14],"killed_by":"The Guardian","ascension_level":2}}