{"host":"49pjgf1q9ev52n8z","time":1614407877,"event":{"mods":["BaseMod","Bestiary","Colored Map","Keyboard Shortcuts","Minty Spire (QoL Compilation)","Practice Mode","Relic Stats","StSLib"],"gold_per_floor":[118,131,147,163,177,191,191,210,210,210,14,27,27,47,47,142,142,159,159,169,25,25,25],"floor_reached":22,"language":"ENG","playtime":1224,"items_purged":[],"score":246,"play_id":"36e93654-7731-4092-94e8-96f332a491c0","local_time":"20210226223757","is_ascension_mode":true,"campfire_choices":[{"floor":10.0,"key":"REST"},{"floor":13.0,"key":"REST"},{"data":"Genetic Algorithm","floor":15.0,"key":"SMITH"}],"circlet_count":0,"master_deck":["Strike_B","Strike_B","Strike_B","Strike_B","Defend_B","Defend_B","Defend_B","Defend_B","Zap","Dualcast","Go for the Eyes","Rebound","Echo Form","Genetic Algorithm+1","Tempest","Ball Lightning","Defragment","Darkness","Sunder","Stack","Biased Cognition","Chaos+1","Turbo"],"relics":["Cracked Core","FossilizedHelix","ClockworkSouvenir","Inserter","Pen Nib"],"acts_visited":["Exordium","TheCity"],"potions_floor_usage":[],"damage_taken":[{"damage":7.0,"enemies":"Jaw Worm","floor":1.0,"turns":3.0},{"damage":0.0,"enemies":"Small Slimes","floor":2.0,"turns":3.0},{"damage":0.0,"enemies":"2 Louse","floor":3.0,"turns":3.0},{"damage":19.0,"enemies":"Looter","floor":4.0,"turns":3.0},{"damage":28.0,"enemies":"Large Slime","floor":5.0,"turns":6.0},{"damage":14.0,"enemies":"Red Slaver","floor":6.0,"turns":5.0},{"damage":6.0,"enemies":"3 Louse","floor":8.0,"turns":2.0},{"damage":0.0,"enemies":"Large Slime","floor":12.0,"turns":4.0},{"damage":0.0,"enemies":"Blue Slaver","floor":14.0,"turns":3.0},{"damage":22.0,"enemies":"Hexaghost","floor":16.0,"turns":7.0},{"damage":22.0,"enemies":"Spheric Guardian","floor":18.0,"turns":4.0},{"damage":8.0,"enemies":"Shell Parasite","floor":20.0,"turns":6.0},{"damage":42,"enemies":"Shelled Parasite and Fungi","floor":22,"turns":4}],"seed_played":"1011229355340457991","potions_obtained":[{"floor":2.0,"key":"CultistPotion"},{"floor":3.0,"key":"BlessingOfTheForge"},{"floor":8.0,"key":"SkillPotion"},{"floor":14.0,"key":"Strength Potion"},{"floor":16.0,"key":"BlessingOfTheForge"},{"floor":18.0,"key":"FearPotion"},{"floor":20.0,"key":"FearPotion"}],"is_trial":false,"path_per_floor":["M","M","M","M","M","M","?","M","T","R","$","M","R","M","R","B",null,"M","?","M","$","M"],"character_chosen":"DEFECT","items_purchased":["ClockworkSouvenir","Darkness","Pen Nib"],"campfire_rested":2,"item_purchase_floors":[11,11,21],"current_hp_per_floor":[68,68,68,49,21,7,7,1,1,25,25,25,49,49,49,27,68,46,46,38,38,0,0],"gold":25,"neow_bonus":"TEN_PERCENT_HP_BONUS","is_daily":false,"chose_seed":false,"campfire_upgraded":1,"win_rate":0.0,"timestamp":1614407877,"path_taken":["M","M","M","M","M","M","?","M","T","R","?","M","R","M","R","BOSS","M","?","M","$","M"],"items_purchased_type":["Relic","Card","Relic"],"build_version":"2020-12-22","purchased_purges":0,"victory":false,"max_hp_per_floor":[82,82,82,82,82,82,82,82,82,82,82,82,82,82,82,82,82,82,82,82,82,82,82],"relic_stats":{"Inserter":[7],"counters":[13,53],"Pen Nib":[0],"obtain_stats":[{"Inserter":17,"Pen Nib":21,"Cracked Core":0,"FossilizedHelix":9,"ClockworkSouvenir":11},{"Inserter":10,"Pen Nib":12,"Cracked Core":0,"FossilizedHelix":7,"ClockworkSouvenir":7},{"Inserter":39,"Pen Nib":49,"Cracked Core":0,"FossilizedHelix":25,"ClockworkSouvenir":25}]},"card_choices":[{"not_picked":["Barrage","Consume"],"picked":"Go for the Eyes","floor":1.0},{"not_picked":["Hello World","Steam"],"picked":"Rebound","floor":2.0},{"not_picked":["Stack","Beam Cell"],"picked":"Echo Form","floor":3.0},{"not_picked":["Redo","Steam"],"picked":"Genetic Algorithm","floor":4.0},{"not_picked":["Redo","Sweeping Beam"],"picked":"Tempest","floor":5.0},{"not_picked":["Steam","Rip and Tear"],"picked":"Ball Lightning","floor":6.0},{"not_picked":["Compile Driver","Scrape"],"picked":"Defragment","floor":8.0},{"not_picked":["Blizzard","Glacier"],"picked":"Sunder","floor":12.0},{"not_picked":["Tempest","Recycle"],"picked":"Stack","floor":14.0},{"not_picked":["Electrodynamics","Reboot"],"picked":"Biased Cognition","floor":16.0},{"not_picked":["Heatsinks","Steam"],"picked":"Chaos+1","floor":18.0},{"not_picked":["Hello World+1","Leap"],"picked":"Turbo","floor":20.0}],"player_experience":893517,"relics_obtained":[{"floor":9.0,"key":"FossilizedHelix"}],"event_choices":[{"damage_healed":0.0,"max_hp_gain":0.0,"max_hp_loss":0.0,"gold_gain":0.0,"event_name":"Liars Game","player_choice":"Ignored","floor":7.0,"gold_loss":0.0,"damage_taken":0.0},{"damage_healed":0.0,"max_hp_gain":0.0,"max_hp_loss":0.0,"gold_gain":0.0,"event_name":"Beggar","player_choice":"Ignored","floor":19.0,"gold_loss":0.0,"damage_taken":0.0}],"is_beta":false,"boss_relics":[{"not_picked":["Tiny House","Busted Crown"],"picked":"Inserter"}],"items_purged_floors":[],"is_endless":false,"potions_floor_spawned":[2,3,8,14,16,18,20],"killed_by":"Shelled Parasite and Fungi","ascension_level":7}}