{"host":"Doisman","time":1614409964,"event":{"mods":["AchievementEnabler","BaseMod","Better Note","Curses Come First","Minty Spire (QoL Compilation)","Permanent Neow","Quick Restart","Relic Stats","Replay The Spire","StSLib","slay the spire mod where everything is the same but ironclad has a cowboy hat"],"gold_per_floor":[113,113,133,150,245,245,275,294,320,320,320,338,338,1,65,161,161,178,278,278,288,288,323,335,9,35,60,71,103,103,128,128,224,224,237,255,101,101,116,116,143,156,156,175,186,196,216,234,234,234],"floor_reached":51,"language":"ENG","playtime":8318,"items_purged":["Time Bomb+1","Gash"],"score":1349,"play_id":"3c0bd20b-53be-4433-9283-2f08ac9e02f1","local_time":"20210227011244","is_ascension_mode":true,"campfire_choices":[{"floor":6.0,"key":"REST"},{"data":"Consume","floor":11.0,"key":"SMITH"},{"data":"Mirror Shield","floor":13.0,"key":"SMITH"},{"data":"Capacitor","floor":30.0,"key":"SMITH"},{"data":"Cold Snap","floor":32.0,"key":"PURGE"},{"data":"Mirror Shield","floor":40,"key":"SMITH"},{"data":"Coolheaded","floor":49,"key":"SMITH"}],"circlet_count":0,"master_deck":["Biased Cognition","Mirror Shield+1","Chill","Glacier","Mirror Shield+1","Capacitor+1","ReplayTheSpireMod:Calculation Training","Loop+1","White Noise","Consume+1","Loop","Glacier","Seek+1","Leap+1","Glacier","Barrage+1","ReplayTheSpireMod:Brewmster","Chill","ReplayTheSpireMod:Calculation Training","FIFO Queue+1","ReplayTheSpireMod:Repulse+1","Core Surge","Coolheaded","Streamline","White Noise+1","Coolheaded+1","Biased Cognition"],"relics":["Pandora\u0027s Box","Replay:Baseball","ReplayTheSpireMod:TigerMarble","Runic Capacitor","Replay:Antivirus Software","Astrolabe","Prayer Wheel","Nloth\u0027s Gift","Replay:Bottled Flurry","Gremlin Food","DataDisk","Replay:Accelerometer","Replay:Towering Pillar of Hats","Painkiller Herb","Replay:PocketPolymizer","Bronze Scales"],"acts_visited":["Exordium","TheCity","TheBeyond"],"potions_floor_usage":[39,44,45,45,45,45,46,47,47,47,47,47,47,47,47,47,47,47,47,47,47,47,47,47,47,47,47,47,47,47,47,47,47,47,47,50,50,50,50,50,50,50,50,50,50,50],"damage_taken":[{"damage":0.0,"enemies":"Jaw Worm","floor":1.0,"turns":3.0},{"damage":6.0,"enemies":"Small Slimes","floor":3.0,"turns":4.0},{"damage":0.0,"enemies":"2 Louse","floor":4.0,"turns":4.0},{"damage":0.0,"enemies":"Lagavulin","floor":7.0,"turns":7.0},{"damage":0.0,"enemies":"Looter","floor":8.0,"turns":4.0},{"damage":0.0,"enemies":"Exordium Wildlife","floor":12.0,"turns":6.0},{"damage":8.0,"enemies":"Gremlin Nob","floor":15.0,"turns":5.0},{"damage":5.0,"enemies":"The Guardian","floor":16.0,"turns":9.0},{"damage":0.0,"enemies":"Shell Parasite","floor":18.0,"turns":8.0},{"damage":0.0,"enemies":"Spheric Guardian","floor":21.0,"turns":6.0},{"damage":0.0,"enemies":"Gremlin Leader","floor":23.0,"turns":10.0},{"damage":0.0,"enemies":"Centurion and Healer","floor":24.0,"turns":8.0},{"damage":28.0,"enemies":"Slavers","floor":27.0,"turns":27.0},{"damage":0.0,"enemies":"Sentry and Sphere","floor":28.0,"turns":12.0},{"damage":0.0,"enemies":"Book of Stabbing","floor":29.0,"turns":7.0},{"damage":0.0,"enemies":"Slavers","floor":31.0,"turns":10.0},{"damage":6.0,"enemies":"Pondfish","floor":33.0,"turns":13.0},{"damage":0.0,"enemies":"Orb Walker","floor":35.0,"turns":5.0},{"damage":0,"enemies":"3 Shapes","floor":36,"turns":4},{"damage":0,"enemies":"Maw","floor":39,"turns":13},{"damage":0,"enemies":"Nemesis","floor":41,"turns":5},{"damage":0,"enemies":"Spire Growth","floor":42,"turns":7},{"damage":0,"enemies":"Jaw Worm Horde","floor":44,"turns":5},{"damage":5,"enemies":"4 Shapes","floor":45,"turns":19},{"damage":4,"enemies":"Transient","floor":46,"turns":5},{"damage":6,"enemies":"Sphere and 2 Shapes","floor":47,"turns":54},{"damage":0,"enemies":"Spire Growth","floor":48,"turns":7},{"damage":0,"enemies":"Awakened One","floor":50,"turns":12}],"seed_played":"-8713704807769213116","potions_obtained":[{"floor":1.0,"key":"Explosive Potion"},{"floor":7.0,"key":"PowerPotion"},{"floor":8.0,"key":"Explosive Potion"},{"floor":12.0,"key":"Fruit Juice"},{"floor":18.0,"key":"Reflective Coating"},{"floor":21.0,"key":"Weak Potion"},{"floor":24.0,"key":"BlessingOfTheForge"},{"floor":33.0,"key":"PotionOfCapacity"},{"floor":41,"key":"Elixir"},{"floor":44,"key":"DuplicationPotion"},{"floor":47,"key":"Flashbang"},{"floor":48,"key":"Regen Potion"}],"is_trial":false,"path_per_floor":["M","?","M","M","?","R","E","M","T","?","R","M","R","$","R","B",null,"M","?","?","M","?","E","M","$","T","E","M","E","R","E","R","B",null,"?","?","T","?","?","T","E","?","T","?","?","?","?","?","T","B",null],"character_chosen":"DEFECT","items_purchased":["Runic Capacitor","Replay:Antivirus Software","Loop","ReplayTheSpireMod:Brewmster","Chill","Coolheaded"],"campfire_rested":1,"item_purchase_floors":[14,14,14,25,25,37],"current_hp_per_floor":[75,68,62,62,32,54,54,54,54,39,39,44,44,44,36,31,80,80,80,80,80,80,80,80,80,80,67,67,67,67,67,67,61,80,80,80,80,90,90,90,90,90,90,90,85,81,90,90,90,90],"gold":234,"neow_bonus":"BOSS_RELIC","is_daily":false,"chose_seed":false,"campfire_upgraded":5,"win_rate":0.0,"timestamp":1614409964,"path_taken":["M","?","M","M","?","R","E","M","T","?","R","?","R","$","R","BOSS","M","?","?","?","?","E","M","$","T","E","?","E","R","E","R","BOSS","?","?","T","?","?","T","E","?","T","?","?","?","?","?","T","BOSS"],"items_purchased_type":["Relic","Relic","Card","Card","Card","Card"],"build_version":"2020-12-18","purchased_purges":2,"victory":true,"max_hp_per_floor":[75,75,75,75,75,75,75,75,75,75,75,80,80,80,80,80,80,80,80,80,80,80,80,80,80,80,80,80,80,80,80,80,80,80,80,80,80,90,90,90,90,90,90,90,90,90,90,90,90,90],"relic_stats":{"counters":[28,279],"Astrolabe":["Seek","Reprogram","Leap"],"Bronze Scales":[166],"Pandora\u0027s Box":["Biased Cognition","Mirror Shield","Chill","Time Bomb","ReplayTheSpireMod:GoodbyeWorld","BasicCrystalCard","Glacier","Mirror Shield"],"Prayer Wheel":13,"Nloth\u0027s Gift":5,"obtain_stats":[{"Gremlin Food":26,"Replay:Accelerometer":29,"Replay:PocketPolymizer":41,"Replay:Towering Pillar of Hats":31,"Astrolabe":17,"Painkiller Herb":34,"Runic Capacitor":14,"Replay:Rubber Ducky":15,"Replay:Baseball":7,"DataDisk":27,"Bronze Scales":43,"Pandora\u0027s Box":0,"Prayer Wheel":18,"ReplayTheSpireMod:TigerMarble":9,"Nloth\u0027s Gift":20,"Replay:Bottled Flurry":23,"Replay:Antivirus Software":14,"Cracked Core":0},{"Gremlin Food":12,"Replay:Accelerometer":15,"Replay:PocketPolymizer":21,"Replay:Towering Pillar of Hats":16,"Astrolabe":8,"Painkiller Herb":17,"Runic Capacitor":6,"Replay:Rubber Ducky":7,"Replay:Baseball":4,"DataDisk":13,"Bronze Scales":22,"Pandora\u0027s Box":0,"Prayer Wheel":9,"ReplayTheSpireMod:TigerMarble":5,"Nloth\u0027s Gift":9,"Replay:Bottled Flurry":11,"Replay:Antivirus Software":6,"Cracked Core":0},{"Gremlin Food":74,"Replay:Accelerometer":120,"Replay:PocketPolymizer":170,"Replay:Towering Pillar of Hats":130,"Astrolabe":42,"Painkiller Herb":143,"Runic Capacitor":28,"Replay:Rubber Ducky":33,"Replay:Baseball":18,"DataDisk":101,"Bronze Scales":177,"Pandora\u0027s Box":0,"Prayer Wheel":48,"ReplayTheSpireMod:TigerMarble":22,"Nloth\u0027s Gift":50,"Replay:Bottled Flurry":66,"Replay:Antivirus Software":28,"Cracked Core":0}]},"card_choices":[{"not_picked":["Chaos","Beam Cell"],"picked":"Capacitor","floor":1.0},{"not_picked":["Turbo","Scrape"],"picked":"ReplayTheSpireMod:Calculation Training","floor":3.0},{"not_picked":["Leap","Go for the Eyes"],"picked":"Cold Snap","floor":4.0},{"not_picked":["Capacitor","Coolheaded"],"picked":"Loop","floor":5.0},{"not_picked":["Recycle","Panic Button"],"picked":"White Noise","floor":5.0},{"not_picked":["Storm","Thunder Strike"],"picked":"Consume","floor":7.0},{"not_picked":["Stack","Aggregate"],"picked":"Gash","floor":8.0},{"not_picked":["Ball Lightning","ReplayTheSpireMod:Reroute Power","Turbo"],"picked":"SKIP","floor":12.0},{"not_picked":["Ball Lightning","BasicCrystalCard"],"picked":"Glacier","floor":15.0},{"not_picked":["ReplayRNGCard","Thunder Strike"],"picked":"ReplayTheSpireMod:Fabricate Wheel","floor":16.0},{"not_picked":["Melter","Sunder+1"],"picked":"Glacier","floor":18.0},{"not_picked":["Cold Snap","Leap+1","Barrage+1"],"picked":"SKIP","floor":18.0},{"not_picked":["Cold Snap","Leap+1"],"picked":"Barrage+1","floor":18.0},{"not_picked":["BasicCrystalCard","Rip and Tear","Panic Button"],"picked":"SKIP","floor":21.0},{"not_picked":["Turbo","Go for the Eyes","Gash"],"picked":"SKIP","floor":21.0},{"not_picked":["Aggregate","All For One","Steam"],"picked":"SKIP","floor":23.0},{"not_picked":["Skim","Reinforced Body","Beam Cell+1"],"picked":"SKIP","floor":24.0},{"not_picked":["Self Repair","ReplayTheSpireMod:Reroute Power+1","Panic Button"],"picked":"SKIP","floor":24.0},{"not_picked":["Amplify","Core Surge","Double Energy"],"picked":"SKIP","floor":27.0},{"not_picked":["BasicCrystalCard","Panic Button"],"picked":"ReplayTheSpireMod:Calculation Training","floor":28.0},{"not_picked":["Go for the Eyes","Amplify","Compile Driver"],"picked":"SKIP","floor":28.0},{"not_picked":["Compile Driver","ReplayGash","ReplayTheSpireMod:Fabricate Wheel"],"picked":"SKIP","floor":29.0},{"not_picked":["Coolheaded","Leap","ReplaySort"],"picked":"SKIP","floor":31.0},{"not_picked":["Amplify","Fission"],"picked":"Biased Cognition","floor":33.0},{"not_picked":["Melter","Undo"],"picked":"FIFO Queue+1","floor":35.0},{"not_picked":["Leap+1","ReplayTheSpireMod:System Scan","Gash"],"picked":"SKIP","floor":35.0},{"not_picked":["Redo+1","Skim+1"],"picked":"ReplayTheSpireMod:Repulse+1","floor":36},{"not_picked":["Turbo+1","Auto Shields+1"],"picked":"Core Surge","floor":36},{"not_picked":["Streamline","Heatsinks","Conserve Battery"],"picked":"SKIP","floor":39},{"not_picked":["Doom and Gloom","BasicCrystalCard+1","Turbo+1"],"picked":"SKIP","floor":39},{"not_picked":["Reprogram","Darkness","Rip and Tear+1"],"picked":"SKIP","floor":41},{"not_picked":["Stack","Hello World","Recycle"],"picked":"SKIP","floor":42},{"not_picked":["BasicCrystalCard+1","Rainbow","Heatsinks"],"picked":"SKIP","floor":42},{"not_picked":["Stack+1","Sunder+1"],"picked":"Streamline","floor":44},{"not_picked":["Scrape+1","Crystallizer+1","Gash"],"picked":"SKIP","floor":44},{"not_picked":["Stack+1","Fusion+1","Cold Snap"],"picked":"SKIP","floor":45},{"not_picked":["Reprogram+1","Consume","Panic Button"],"picked":"SKIP","floor":45},{"not_picked":["ReplayTheSpireMod:System Scan","Conserve Battery+1","Amplify"],"picked":"SKIP","floor":46},{"not_picked":["Sweeping Beam","Rebound+1","White Noise"],"picked":"SKIP","floor":46},{"not_picked":["Go for the Eyes+1","Darkness"],"picked":"White Noise+1","floor":47},{"not_picked":["Hello World+1","Beam Cell+1","Skim"],"picked":"SKIP","floor":47},{"not_picked":["Turbo+1","Rebound"],"picked":"Coolheaded","floor":48},{"not_picked":["Fission","Steam+1"],"picked":"Biased Cognition","floor":48}],"player_experience":804485,"relics_obtained":[{"floor":7.0,"key":"Replay:Baseball"},{"floor":9.0,"key":"ReplayTheSpireMod:TigerMarble"},{"floor":15.0,"key":"Replay:Rubber Ducky"},{"floor":23.0,"key":"Replay:Bottled Flurry"},{"floor":26.0,"key":"Gremlin Food"},{"floor":27.0,"key":"DataDisk"},{"floor":29.0,"key":"Replay:Accelerometer"},{"floor":31.0,"key":"Replay:Towering Pillar of Hats"},{"floor":41,"key":"Replay:PocketPolymizer"},{"floor":43,"key":"Bronze Scales"}],"event_choices":[{"cards_removed":["ReplayTheSpireMod:GoodbyeWorld"],"damage_healed":0.0,"max_hp_gain":0.0,"max_hp_loss":0.0,"gold_gain":0.0,"event_name":"Golden Wing","player_choice":"Card Removal","floor":2.0,"gold_loss":0.0,"damage_taken":7.0},{"damage_healed":0.0,"max_hp_gain":0.0,"max_hp_loss":0.0,"gold_gain":0.0,"event_name":"Shining Light","player_choice":"Entered Light","floor":10.0,"gold_loss":0.0,"damage_taken":15.0,"cards_upgraded":["Loop","Time Bomb"]},{"damage_healed":0.0,"max_hp_gain":0.0,"max_hp_loss":0.0,"gold_gain":0.0,"event_name":"Dead Adventurer","player_choice":"Searched \u00272\u0027 times","floor":15.0,"gold_loss":0.0,"damage_taken":0.0},{"damage_healed":0.0,"max_hp_gain":0.0,"max_hp_loss":0.0,"gold_gain":100.0,"event_name":"Golden Shrine","player_choice":"Pray","floor":19.0,"gold_loss":0.0,"damage_taken":0.0},{"damage_healed":0.0,"max_hp_gain":0.0,"max_hp_loss":0.0,"gold_gain":0.0,"event_name":"N\u0027loth","player_choice":"Traded Relic","floor":20.0,"relics_lost":["Replay:Rubber Ducky"],"gold_loss":0.0,"damage_taken":0.0,"relics_obtained":["Nloth\u0027s Gift"]},{"cards_removed":["Reprogram"],"damage_healed":0.0,"max_hp_gain":0.0,"max_hp_loss":0.0,"gold_gain":0.0,"event_name":"Wheel of Change","player_choice":"Card Removal","floor":22.0,"gold_loss":0.0,"damage_taken":0.0},{"cards_removed":["Biased Cognition"],"damage_healed":0,"gold_gain":0,"player_choice":"Offered Rare","damage_taken":0,"max_hp_gain":10,"max_hp_loss":0,"event_name":"Bonfire Elementals","floor":38,"gold_loss":0}],"is_beta":true,"boss_relics":[{"not_picked":["Kintsugi","Replay:Wanted Poster"],"picked":"Astrolabe"},{"not_picked":["Empty Cage","Replay:Ancient Bell"],"picked":"Painkiller Herb"}],"items_purged_floors":[25,37],"is_endless":false,"potions_floor_spawned":[1,7,8,12,18,21,24,31,33,36,41,44,45,47,48],"ascension_level":1}}