{"host":"338bkdl2yirdp2ct","time":1614453870,"event":{"mods":["AchievementEnabler","BaseMod","Challenge The Spire","Colored Powertips","Custom Start","Dark Map","DeckTracker","Highlight Path","Minty Spire (QoL Compilation)","Quick Restart","Random Character Button","Relic Sorter","Relic Stats","Uncapped","Unceasing Turn Reminder","slay the spire mod where everything is the same but ironclad has a cowboy hat"],"gold_per_floor":[297,52,81,108,137,137,69,17,44,75,75,75],"floor_reached":11,"language":"ENG","playtime":479,"items_purged":[],"score":184,"play_id":"64fb10a2-1f6d-43f1-ba46-8452970e82f9","local_time":"20210227112430","daily_mods":["challengethespire:Gold Difficulty","challengethespire:Elite Rush","Uncertain Future"],"is_ascension_mode":true,"campfire_choices":[],"circlet_count":0,"master_deck":["AscendersBane","Strike_R","Strike_R","Strike_R","Strike_R","Strike_R","Defend_R","Defend_R","Defend_R","Defend_R","Bash","Shrug It Off","Shrug It Off","Headbutt","True Grit","Disarm","Disarm","Power Through","Armaments","Juggernaut"],"relics":["Black Blood","Black Star","Sling","PreservedInsect","Self Forming Clay","Medical Kit","Akabeko","MealTicket","Eternal Feather","Strawberry","Darkstone Periapt","Kunai","Ornamental Fan","TungstenRod","Thread and Needle","Potion Belt","Molten Egg 2"],"acts_visited":["Exordium"],"potions_floor_usage":[5,9,10],"damage_taken":[{"damage":29,"enemies":"Lagavulin","floor":3,"turns":4},{"damage":7,"enemies":"3 Sentries","floor":4,"turns":8},{"damage":24,"enemies":"Gremlin Nob","floor":5,"turns":4},{"damage":23,"enemies":"Book of Stabbing","floor":9,"turns":11},{"damage":29,"enemies":"Slavers","floor":10,"turns":10},{"damage":39,"enemies":"Gremlin Leader","floor":11,"turns":6}],"seed_played":"-1416862528172227678","potions_obtained":[{"floor":4,"key":"SkillPotion"},{"floor":5,"key":"Energy Potion"}],"is_trial":true,"path_per_floor":["$","$","E","E","E","T","$","$","E","E","E"],"character_chosen":"IRONCLAD","items_purchased":["Shrug It Off","Self Forming Clay","Medical Kit","Shrug It Off","Akabeko","Headbutt","Power Through","PowerPotion"],"campfire_rested":0,"item_purchase_floors":[1,1,1,2,2,2,7,8],"current_hp_per_floor":[68,68,45,51,33,33,48,63,52,35,0,0],"gold":75,"neow_bonus":"","is_daily":false,"chose_seed":false,"campfire_upgraded":0,"win_rate":0.0,"timestamp":1614453870,"path_taken":["$","$","E","E","E","T","$","$","E","E","E"],"items_purchased_type":["Card","Relic","Relic","Card","Relic","Card","Card","Potion"],"build_version":"2020-12-22","purchased_purges":0,"victory":false,"max_hp_per_floor":[75,75,75,82,82,82,82,82,82,82,82,82],"relic_stats":{"Darkstone Periapt":0,"counters":[6,43],"Self Forming Clay":[72],"Black Blood":42,"Eternal Feather":0,"PreservedInsect":224,"Medical Kit":[38],"Ornamental Fan":[8],"MealTicket":30,"Black Star":5,"Kunai":[2],"obtain_stats":[{"Darkstone Periapt":4,"Potion Belt":10,"Self Forming Clay":1,"Black Blood":6,"Eternal Feather":3,"Thread and Needle":9,"PreservedInsect":0,"Sling":0,"Medical Kit":1,"Burning Blood":0,"Akabeko":2,"Ornamental Fan":5,"Strawberry":4,"MealTicket":3,"Molten Egg 2":10,"Black Star":0,"Kunai":5,"TungstenRod":9},{"Darkstone Periapt":2,"Potion Belt":5,"Self Forming Clay":0,"Black Blood":3,"Eternal Feather":1,"Thread and Needle":4,"PreservedInsect":0,"Sling":0,"Medical Kit":0,"Burning Blood":0,"Akabeko":0,"Ornamental Fan":3,"Strawberry":2,"MealTicket":1,"Molten Egg 2":5,"Black Star":0,"Kunai":3,"TungstenRod":4},{"Darkstone Periapt":12,"Potion Belt":37,"Self Forming Clay":0,"Black Blood":16,"Eternal Feather":4,"Thread and Needle":27,"PreservedInsect":0,"Sling":0,"Medical Kit":0,"Burning Blood":0,"Akabeko":0,"Ornamental Fan":16,"Strawberry":12,"MealTicket":4,"Molten Egg 2":37,"Black Star":0,"Kunai":16,"TungstenRod":27}],"TungstenRod":12},"card_choices":[],"player_experience":1185356,"relics_obtained":[{"floor":3,"key":"MealTicket"},{"floor":3,"key":"Eternal Feather"},{"floor":4,"key":"Strawberry"},{"floor":4,"key":"Darkstone Periapt"},{"floor":5,"key":"Kunai"},{"floor":5,"key":"Ornamental Fan"},{"floor":9,"key":"TungstenRod"},{"floor":9,"key":"Thread and Needle"},{"floor":10,"key":"Potion Belt"},{"floor":10,"key":"Molten Egg 2"}],"event_choices":[],"is_beta":false,"boss_relics":[{"not_picked":["Runic Dome","Astrolabe"],"picked":"Black Blood"}],"items_purged_floors":[],"is_endless":false,"potions_floor_spawned":[4,5],"killed_by":"Gremlin Leader","ascension_level":15}}