{"host":"m7jrdcbl89w2s34c","time":1614434133,"event":{"mods":["AchievementEnabler","BaseMod","Bestiary","Block Reminder","Colored Map","Colored Powertips","Minty Spire (QoL Compilation)","Permanent Neow","Relic Stats","StSLib"],"gold_per_floor":[119,119,23,43,43,73,73,85,85,117,117,142,41,69,69,69,69],"floor_reached":16,"language":"ENG","playtime":777,"items_purged":["Defend_B"],"score":294,"play_id":"540aa68a-08b5-4d10-9251-f068b30ce7d7","local_time":"20210227145533","is_ascension_mode":true,"campfire_choices":[{"data":"Sweeping Beam","floor":7.0,"key":"SMITH"},{"data":"Loop","floor":11.0,"key":"SMITH"},{"data":"Coolheaded","floor":15.0,"key":"SMITH"}],"circlet_count":0,"master_deck":["AscendersBane","Strike_B","Strike_B","Strike_B","Strike_B","Defend_B","Defend_B","Defend_B","Zap+1","Dualcast","Loop+1","Self Repair","Coolheaded+1","Cold Snap","Sweeping Beam+1","Go for the Eyes","Conserve Battery","Capacitor","Go for the Eyes"],"relics":["Cracked Core","NeowsBlessing","Bottled Flame","Kunai","Dead Branch","FossilizedHelix","Oddly Smooth Stone"],"acts_visited":[],"potions_floor_usage":[],"damage_taken":[{"damage":0.0,"enemies":"Jaw Worm","floor":1.0,"turns":1.0},{"damage":0.0,"enemies":"Cultist","floor":4.0,"turns":1.0},{"damage":0.0,"enemies":"3 Sentries","floor":6.0,"turns":1.0},{"damage":8.0,"enemies":"Small Slimes","floor":8.0,"turns":3.0},{"damage":38.0,"enemies":"Gremlin Nob","floor":10.0,"turns":5.0},{"damage":10.0,"enemies":"3 Sentries","floor":12.0,"turns":7.0},{"damage":4.0,"enemies":"Lagavulin","floor":14.0,"turns":6.0},{"damage":27,"enemies":"Hexaghost","floor":16,"turns":11}],"seed_played":"6733151512433184120","potions_obtained":[{"floor":4.0,"key":"Weak Potion"},{"floor":6.0,"key":"Explosive Potion"},{"floor":14.0,"key":"SpeedPotion"}],"is_trial":false,"path_per_floor":["M","?","$","M","$","E","R","M","T","E","R","E","$","E","R","B"],"character_chosen":"DEFECT","items_purchased":["Self Repair","Coolheaded","Go for the Eyes"],"campfire_rested":0,"item_purchase_floors":[3,3,13],"current_hp_per_floor":[64,64,64,64,64,64,64,63,63,32,32,22,22,25,25,0,0],"gold":69,"neow_bonus":"THREE_ENEMY_KILL","is_daily":false,"chose_seed":false,"campfire_upgraded":3,"win_rate":0.0,"timestamp":1614434133,"path_taken":["M","?","?","M","$","E","R","?","T","E","R","E","$","E","R","BOSS"],"items_purchased_type":["Card","Card","Card"],"build_version":"2020-12-22","purchased_purges":1,"victory":false,"max_hp_per_floor":[71,71,71,71,71,71,71,71,71,71,71,71,71,71,71,71,71],"relic_stats":{"counters":[8,35],"Dead Branch":[13],"Kunai":[8],"obtain_stats":[{"Bottled Flame":6,"NeowsBlessing":0,"Dead Branch":10,"Oddly Smooth Stone":14,"Kunai":9,"Cracked Core":0,"FossilizedHelix":12},{"Bottled Flame":3,"NeowsBlessing":0,"Dead Branch":5,"Oddly Smooth Stone":7,"Kunai":4,"Cracked Core":0,"FossilizedHelix":6},{"Bottled Flame":3,"NeowsBlessing":0,"Dead Branch":11,"Oddly Smooth Stone":24,"Kunai":6,"Cracked Core":0,"FossilizedHelix":18}]},"card_choices":[{"not_picked":["Turbo","Sweeping Beam"],"picked":"Loop","floor":1.0},{"not_picked":["Consume","Skim"],"picked":"Cold Snap","floor":4.0},{"not_picked":["Rebound","Amplify"],"picked":"Sweeping Beam","floor":6.0},{"not_picked":["Force Field","Turbo"],"picked":"Go for the Eyes","floor":8.0},{"not_picked":["Leap","Turbo"],"picked":"Conserve Battery","floor":10.0},{"not_picked":["Leap","Coolheaded"],"picked":"Capacitor","floor":12.0},{"not_picked":["Gash","Amplify","Undo"],"picked":"SKIP","floor":14.0}],"player_experience":279179,"relics_obtained":[{"floor":6.0,"key":"Bottled Flame"},{"floor":9.0,"key":"Kunai"},{"floor":10.0,"key":"Dead Branch"},{"floor":12.0,"key":"FossilizedHelix"},{"floor":14.0,"key":"Oddly Smooth Stone"}],"event_choices":[{"damage_healed":0.0,"max_hp_gain":0.0,"max_hp_loss":0.0,"gold_gain":0.0,"event_name":"Upgrade Shrine","player_choice":"Upgraded","floor":2.0,"gold_loss":0.0,"damage_taken":0.0,"cards_upgraded":["Zap"]}],"is_beta":false,"boss_relics":[],"items_purged_floors":[13],"is_endless":false,"potions_floor_spawned":[4,6,14],"killed_by":"Hexaghost","ascension_level":19}}