{"host":"99tfb11iqiu41jyj","time":1614420737,"event":{"mods":["2.2 Compatiblity","AchievementEnabler","BaseMod","Colored Powertips","Downfall","Infinite Spire","Minty Spire (QoL Compilation)","Morshu Shopkeeper - ENHANCED","Poor People Problems","Quick Restart","Reliquary","Replay The Spire","Spicy Shops","Spire Arcade","StSLib"],"gold_per_floor":[99,114,129,1480,1480,1492,1519,1519,1547,1547,556,566,586,613,630,735,735,735,753,753,753,753,764,832,832,845,862,962,962,982,997,997,997,997],"floor_reached":32,"language":"ENG","playtime":2302,"items_purged":["Replay:Hysterical Blindness"],"score":269,"play_id":"7f6e9c26-ce33-4234-b081-382ca35f8e84","local_time":"20210227101217","is_ascension_mode":true,"campfire_choices":[{"data":"sneckomod:SnekBite","floor":1,"key":"SMITH"},{"floor":10,"key":"REST"},{"data":"sneckomod:SerpentIdol","floor":18,"key":"SMITH"},{"floor":29,"key":"REST"}],"circlet_count":0,"master_deck":["sneckomod:Strike","sneckomod:Strike","sneckomod:Strike","sneckomod:Defend","sneckomod:Defend","sneckomod:Defend","sneckomod:TailWhip+1","sneckomod:SnekBite+1","sneckomod:Unknown","sneckomod:Unknown","sneckomod:DiceBlock","sneckomod:SlitherStrike+1","sneckomod:CheapStock+1","sneckomod:UnknownClassTHE_CHAMP_GRAY","sneckomod:UnlimitedRolls","sneckomod:SerpentIdol","sneckomod:UnknownClassTHE_BRONZE_AUTOMATON","sneckomod:ImprovisedAttack","sneckomod:UnknownClassHEXA_GHOST_PURPLE","sneckomod:SerpentIdol+1","sneckomod:UnknownClassGUARDIAN","sneckomod:DiceBlock","sneckomod:UnknownRarePower","sneckomod:WideSting+1","sneckomod:Restock","Slimebound:CheckThePlaybook","downfall:Icky","sneckomod:UnknownClassRED+1","infinitespire:Oblivion","infinitespire:Collect","sneckomod:SnekBeam+1","sneckomod:SoulCleanse+1","sneckomod:Unknown1Cost","sneckomod:UnknownDexterity+1"],"relics":["sneckomod:SneckoSoul","CultistMask","reliquary:TatteredRug","Lee\u0027s Waffle","Frozen Eye","reliquary:JackalopeAntler","reliquary:RosewoodLute","Sozu","downfall:RedIOU","Matryoshka","Oddly Smooth Stone","Ring of Chaos","downfall:GremlinWheel"],"acts_visited":["Exordium","TheCity"],"potions_floor_usage":[9,9,9,11,16,16,28],"damage_taken":[{"damage":8,"enemies":"Jaw Worm","floor":2,"turns":2},{"damage":0,"enemies":"Cultist","floor":3,"turns":2},{"damage":10,"enemies":"2 Louse","floor":4,"turns":4},{"damage":27,"enemies":"Gremlin Gang","floor":6,"turns":5},{"damage":38,"enemies":"3 Sentries","floor":9,"turns":9},{"damage":0,"enemies":"downfall:FleeingMerchant","floor":11,"turns":4},{"damage":15,"enemies":"downfall:LooterAlt","floor":12,"turns":3},{"damage":6,"enemies":"3 Louse","floor":13,"turns":2},{"damage":18,"enemies":"Lagavulin","floor":14,"turns":5},{"damage":19,"enemies":"2 Fungi Beasts","floor":15,"turns":3},{"damage":1,"enemies":"SI_SHIV_ARCHETYPE","floor":16,"turns":7},{"damage":5,"enemies":"Chosen","floor":19,"turns":4},{"damage":38,"enemies":"Shell Parasite","floor":23,"turns":5},{"damage":0,"enemies":"Centurion and Healer","floor":26,"turns":1},{"damage":20,"enemies":"Shelled Parasite and Fungi","floor":27,"turns":4},{"damage":12,"enemies":"Shelled Parasite and Fungi","floor":28,"turns":2},{"damage":15,"enemies":"3 Cultists","floor":30,"turns":5},{"damage":22,"enemies":"Centurion and Healer","floor":31,"turns":5},{"damage":24,"enemies":"Cultist and Chosen","floor":32,"turns":4}],"seed_played":"-1871622979589267562","potions_obtained":[{"floor":2,"key":"Venom Potion"},{"floor":3,"key":"bronze:BurnAndBuffPotion"},{"floor":6,"key":"Elixir"},{"floor":16,"key":"DuplicationPotion"}],"is_trial":false,"path_per_floor":["R","M","M","M","?","M","T","?","E","R","$","M","M","E","M","B",null,"R","M","?","?","?","M","T","AVR","M","M","?","R","M","M","M"],"character_chosen":"THE_SNECKO","items_purchased":["Lee\u0027s Waffle","Frozen Eye","sneckomod:UnknownClassTHE_BRONZE_AUTOMATON","sneckomod:ImprovisedAttack","reliquary:JackalopeAntler","Fruit Juice","LiquidBronze","LiquidBronze","Strength Potion"],"campfire_rested":2,"item_purchase_floors":[11,11,11,11,11,11,11,11,11],"current_hp_per_floor":[90,82,82,72,72,45,45,45,7,34,102,87,81,63,44,43,102,102,97,97,97,97,59,59,59,59,39,27,57,42,20,0,0,0],"gold":997,"neow_bonus":"UPGRADE_CARD","is_daily":false,"chose_seed":false,"campfire_upgraded":2,"win_rate":0.0,"timestamp":1614420737,"path_taken":["R","M","M","M","?","?","T","?","E","R","$","M","?","E","M","BOSS","R","M","?","?","?","M","T","AVR","M","M","?","R","M","M","M"],"items_purchased_type":["Relic","Relic","Card","Card","Relic","Potion","Potion","Potion","Potion"],"build_version":"2020-12-22","purchased_purges":1,"victory":false,"max_hp_per_floor":[90,90,90,90,90,90,90,90,90,90,102,102,102,102,102,102,102,102,102,102,102,102,102,102,102,102,102,102,102,102,102,102,102,102],"card_choices":[{"not_picked":["sneckomod:UnknownClassGREEN","sneckomod:UnknownUncommonPower"],"picked":"sneckomod:DiceBlock","floor":2},{"not_picked":["sneckomod:Nope","sneckomod:SoulCleanse"],"picked":"sneckomod:SlitherStrike","floor":3},{"not_picked":["sneckomod:QuickBite","sneckomod:WideSting"],"picked":"sneckomod:CheapStock","floor":4},{"not_picked":["sneckomod:RainOfDice","sneckomod:TrashToTreasure"],"picked":"sneckomod:UnknownClassTHE_CHAMP_GRAY","floor":6},{"not_picked":["sneckomod:UnknownStrike","sneckomod:UnknownDraw"],"picked":"sneckomod:UnlimitedRolls","floor":9},{"not_picked":["sneckomod:SnakeSap","sneckomod:UnknownCommonAttack"],"picked":"sneckomod:SerpentIdol","floor":11},{"not_picked":["sneckomod:UnknownClassBLUE","sneckomod:UnknownDraw"],"picked":"sneckomod:UnknownClassHEXA_GHOST_PURPLE","floor":12},{"not_picked":["sneckomod:UnknownClassRED","sneckomod:UnknownColorless"],"picked":"sneckomod:SerpentIdol","floor":13},{"not_picked":["sneckomod:QuickMove","sneckomod:SoulRoll"],"picked":"sneckomod:UnknownClassGUARDIAN","floor":14},{"not_picked":["sneckomod:SlitherStrike","sneckomod:SoulDraw"],"picked":"sneckomod:DiceBlock","floor":15},{"not_picked":["sneckomod:Transmogrify","sneckomod:UnknownRareSkill"],"picked":"sneckomod:UnknownRarePower","floor":16},{"not_picked":["sneckomod:Nope","sneckomod:UnknownCommonAttack"],"picked":"sneckomod:WideSting+1","floor":19},{"not_picked":["sneckomod:UnknownCommonAttack","sneckomod:MorePower"],"picked":"sneckomod:UnknownClassRED+1","floor":23},{"not_picked":["sneckomod:WideSting","sneckomod:UnknownCommonSkill"],"picked":"sneckomod:SnekBeam+1","floor":26},{"not_picked":["sneckomod:SoulDraw","sneckomod:CheapStock"],"picked":"sneckomod:SoulCleanse+1","floor":27},{"not_picked":["sneckomod:UnknownBlock","sneckomod:UnknownStrength"],"picked":"sneckomod:Unknown1Cost","floor":30},{"not_picked":["sneckomod:UnknownClassGUARDIAN","sneckomod:SoulDraw"],"picked":"sneckomod:UnknownDexterity+1","floor":31}],"player_experience":74714,"relics_obtained":[{"floor":7,"key":"Replay:Wax Seal"},{"floor":9,"key":"reliquary:TatteredRug"},{"floor":14,"key":"reliquary:RosewoodLute"},{"floor":24,"key":"Matryoshka"},{"floor":28,"key":"downfall:GremlinWheel"}],"event_choices":[{"damage_healed":0,"gold_gain":0,"player_choice":"Trade","damage_taken":0,"relics_obtained":["CultistMask"],"max_hp_gain":0,"max_hp_loss":0,"event_name":"FaceTrader","floor":5,"gold_loss":0}],"is_beta":false,"boss_relics":[{"not_picked":["reliquary:RedCape","Replay:Drink Me"],"picked":"Sozu"}],"items_purged_floors":[11],"is_endless":false,"potions_floor_spawned":[2,3,6,14,15,16,19,28,31],"killed_by":"Cultist and Chosen","ascension_level":1}}