{"host":"ur8591ivwt16uwtw","time":1614436110,"event":{"mods":["BaseMod","Hubris","Minty Spire (QoL Compilation)","Rare Cards Sparkle","Replay The Spire","StSLib","The Disciple","The Necromancer","The Runesmith","The Servant 0.9.4"],"gold_per_floor":[112,127,141,141,158,158,192,192,192,205,130,146,165,196,196,301,301,316,326,251,332,344,374,374,402,402,422,447,467,566,601,601,698,698,713,762,253,264,139,171,171,185,185,185,35,48,75,75,75,75],"floor_reached":51,"language":"ENG","playtime":2566,"items_purged":["Defend_W","Strike_W","Defend_W","Defend_W"],"score":1036,"play_id":"12db1d25-2e89-4853-9036-d1b80411deb6","local_time":"20210227152830","is_ascension_mode":true,"campfire_choices":[{"data":"hubris:DuctTapeCard","floor":6,"key":"SMITH"},{"data":"Deaths_Shadow","floor":8,"key":"SMITH"},{"data":"Strike_W","floor":15,"key":"PURGE"},{"data":"Thousand_Bone_Knives","floor":24,"key":"SMITH"},{"data":"Vampiric_Strike","floor":32,"key":"SMITH"},{"data":"Grasp_Heart","floor":41,"key":"SMITH"},{"data":"Life_Drain","floor":44,"key":"SMITH"},{"data":"Grasp_Heart","floor":49,"key":"SMITH"}],"circlet_count":0,"master_deck":["Defend_W","Bone_Wall+1","Vampiric_Strike+1","Deaths_Shadow+1","hubris:DuctTapeCard+2","Spectral_Armor+1","Siphon_Strength","Life_Drain+1","Thousand_Bone_Knives+1","Siphon_Strength","Grasp_Heart+1","Summon_Lich+1","Siphon_Strength","Summon_Undead_Army+1","Summon_Undead_Army+1","Grasp_Heart+1"],"relics":["Vampire_Amulet","hubris:DuctTape","Replay:Rubber Ducky","Replay:Baseball","BranchBurnRelic","Painkiller Herb","Mummified Hand","War Paint","Strawberry","Centennial Puzzle","StrikeDummy","Pet Ghost","hubris:VirtuousBlindfold","Replay:Bottled Flurry","hubris:EmptyBottle","Runesmith:Nanobots","Nunchaku","Kunai","Boot","hubris:Icosahedron"],"acts_visited":["Exordium","TheCity","TheBeyond"],"potions_floor_usage":[16,27,50,50,50,50],"damage_taken":[{"damage":2,"enemies":"Cultist","floor":1,"turns":4},{"damage":3,"enemies":"2 Louse","floor":2,"turns":3},{"damage":0,"enemies":"Jaw Worm","floor":3,"turns":5},{"damage":12,"enemies":"Lots of Slimes","floor":5,"turns":6},{"damage":10,"enemies":"3 Sentries","floor":7,"turns":10},{"damage":0,"enemies":"Blue Slaver","floor":10,"turns":3},{"damage":4,"enemies":"Exordium Wildlife","floor":12,"turns":2},{"damage":0,"enemies":"Looter","floor":13,"turns":2},{"damage":10,"enemies":"Lagavulin","floor":14,"turns":6},{"damage":28,"enemies":"Fading Forest","floor":16,"turns":11},{"damage":1,"enemies":"3 Byrds","floor":18,"turns":4},{"damage":0,"enemies":"Shell Parasite","floor":19,"turns":3},{"damage":9,"enemies":"Shelled Parasite and Fungi","floor":22,"turns":3},{"damage":22,"enemies":"Slavers","floor":23,"turns":5},{"damage":12,"enemies":"Gremlin Leader","floor":25,"turns":5},{"damage":0,"enemies":"Snecko","floor":27,"turns":3},{"damage":13,"enemies":"Slavers","floor":28,"turns":6},{"damage":10,"enemies":"Sentry and Sphere","floor":29,"turns":5},{"damage":0,"enemies":"Book of Stabbing","floor":31,"turns":5},{"damage":12,"enemies":"Collector","floor":33,"turns":6},{"damage":1,"enemies":"Orb Walker","floor":35,"turns":3},{"damage":12,"enemies":"3 Shapes","floor":38,"turns":3},{"damage":0,"enemies":"Nemesis","floor":40,"turns":6},{"damage":0,"enemies":"Transient","floor":42,"turns":5},{"damage":0,"enemies":"Writhing Mass","floor":46,"turns":4},{"damage":0,"enemies":"Giant Head","floor":47,"turns":5},{"damage":14,"enemies":"Time Eater","floor":50,"turns":4}],"seed_played":"-5121148489666061514","potions_obtained":[{"floor":2,"key":"FearPotion"},{"floor":3,"key":"SteroidPotion"},{"floor":5,"key":"Flashbang"},{"floor":14,"key":"Ancient Potion"},{"floor":18,"key":"Ancient Potion"},{"floor":27,"key":"Venom Potion"},{"floor":28,"key":"AttackPotion"},{"floor":29,"key":"Adrenaline Potion"},{"floor":42,"key":"PowerPotion"}],"is_trial":false,"path_per_floor":["M","M","M","T","M","R","E","R","T","M","$","M","M","E","R","B",null,"?","?","?","T","?","E","T","E","T","?","E","?","?","E","T","B",null,"?","?","T","?","T","E","T","?","T","T","T","?","E","?","T","B",null],"character_chosen":"NECROMANCER","items_purchased":["hubris:EmptyBottle","Runesmith:Nanobots"],"campfire_rested":0,"item_purchase_floors":[37,37],"current_hp_per_floor":[75,75,75,75,72,72,72,72,72,75,75,73,75,73,73,66,75,75,75,75,75,73,63,63,82,82,82,75,75,75,82,82,79,82,82,82,82,80,82,82,82,82,82,82,82,82,82,82,82,82],"gold":75,"neow_bonus":"REMOVE_CARD","is_daily":false,"chose_seed":false,"campfire_upgraded":7,"win_rate":0.0,"timestamp":1614436110,"path_taken":["M","?","M","?","M","R","E","R","T","M","$","M","M","E","R","BOSS","?","?","?","?","?","E","T","E","T","?","E","?","?","E","T","BOSS","?","?","?","?","T","E","T","?","T","T","T","?","E","?","T","BOSS"],"items_purchased_type":["Relic","Relic"],"build_version":"2020-12-22","purchased_purges":4,"victory":true,"max_hp_per_floor":[75,75,75,75,75,75,75,75,75,75,75,75,75,75,75,75,75,75,75,75,75,75,75,75,82,82,82,82,82,82,82,82,82,82,82,82,82,82,82,82,82,82,82,82,82,82,82,82,82,82],"card_choices":[{"not_picked":["Scare","Whirlwind_of_Bones"],"picked":"Negative_Energy_Shield","floor":1},{"not_picked":["Consume_Illness","Bone_Bullets"],"picked":"Vampiric_Strike","floor":2},{"not_picked":["Chill_Blood","Uncharnel"],"picked":"Deaths_Shadow","floor":3},{"not_picked":["Flesh_Made_Foul","Negative_Energy_Shield"],"picked":"Spectral_Armor","floor":5},{"not_picked":["Bones_to_Steel","Corrupt"],"picked":"Siphon_Strength","floor":7},{"not_picked":["Violent_Necrosis","Life_Tap"],"picked":"Life_Drain","floor":10},{"not_picked":["Finger_Of_Death","Death_Knell"],"picked":"Thousand_Bone_Knives","floor":12},{"not_picked":["Shackles_Of_Pain","Vampiric_Strike"],"picked":"Siphon_Strength","floor":13},{"not_picked":["Blood_Wake","Summon_Undead_Army","Bones_to_Steel"],"picked":"SKIP","floor":14},{"not_picked":["Blood_Magic","Summon_Death_Knight"],"picked":"Grasp_Heart","floor":16},{"not_picked":["Summon_Lich","Shade_Step","Death_March_Dance+1"],"picked":"SKIP","floor":18},{"not_picked":["Shackles_Of_Pain","Life_Tap"],"picked":"Summon_Lich+1","floor":19},{"not_picked":["Pandemic+1","Strike_from_Beyond","Life_Drain+1"],"picked":"SKIP","floor":22},{"not_picked":["Scare","Finger_Of_Death","Blood_Whip+1"],"picked":"SKIP","floor":23},{"not_picked":["Bone_Armory+1","Negative_Energy_Javelin"],"picked":"Siphon_Strength","floor":25},{"not_picked":["Bone_Armor","Shackles_Of_Pain+1","Summon_Lich"],"picked":"SKIP","floor":27},{"not_picked":["Negative_Energy_Shield+1","Bone_Armor+1","Bone_Armory"],"picked":"SKIP","floor":28},{"not_picked":["Skeleton_Dragon","Blood_for_Blood","Blood_Whip+1"],"picked":"SKIP","floor":29},{"not_picked":["Negative_Energy_Sphere","Negative_Energy_Javelin","Finger_Of_Death"],"picked":"SKIP","floor":31},{"not_picked":["Bone_Spikes","Spectral_Walk","Negative_Energy_Sphere"],"picked":"SKIP","floor":35},{"not_picked":["Negative_Energy_Mist","Bone_Spikes+1"],"picked":"Summon_Undead_Army+1","floor":38},{"not_picked":["Blood_Shield","Negative_Energy_Mist","Spectral_Walk+1"],"picked":"SKIP","floor":40},{"not_picked":["Shackles_Of_Pain+1","Death_Coil+1"],"picked":"Summon_Undead_Army+1","floor":42},{"not_picked":["Blood_Shield+1","Bone_Shift"],"picked":"Grasp_Heart","floor":46},{"not_picked":["Shackles_Of_Pain","Bones_to_Steel","Death_Knell+1"],"picked":"SKIP","floor":47}],"player_experience":2365248,"relics_obtained":[{"floor":4,"key":"hubris:DuctTape"},{"floor":7,"key":"Replay:Rubber Ducky"},{"floor":9,"key":"Replay:Baseball"},{"floor":14,"key":"Dead Branch"},{"floor":21,"key":"Mummified Hand"},{"floor":23,"key":"War Paint"},{"floor":25,"key":"Strawberry"},{"floor":26,"key":"Centennial Puzzle"},{"floor":28,"key":"StrikeDummy"},{"floor":31,"key":"Pet Ghost"},{"floor":36,"key":"Replay:Bottled Flurry"},{"floor":40,"key":"Nunchaku"},{"floor":43,"key":"Kunai"},{"floor":47,"key":"Boot"}],"event_choices":[{"cards_removed":["Strike_W"],"damage_healed":0,"gold_gain":0,"player_choice":"Gave Gold","damage_taken":0,"max_hp_gain":0,"max_hp_loss":0,"event_name":"Beggar","floor":20,"gold_loss":75},{"damage_healed":0,"gold_gain":99,"player_choice":"Stole From Cult","damage_taken":0,"max_hp_gain":0,"max_hp_loss":0,"event_name":"Nest","floor":30,"gold_loss":0}],"is_beta":false,"boss_relics":[{"not_picked":["hubris:ScarierMask","Cursed Key"],"picked":"Painkiller Herb"},{"not_picked":["Fusion Hammer","Replay:Bronze Core"],"picked":"hubris:VirtuousBlindfold"}],"items_purged_floors":[11,37,39,45],"is_endless":false,"potions_floor_spawned":[2,3,5,12,13,14,18,22,27,28,29,40,42],"ascension_level":4}}