{"host":"fbdlh90rovbiajun","time":1614453402,"event":{"mods":["AchievementEnabler","BaseMod","Colored Map","Keyboard Shortcuts","Minty Spire (QoL Compilation)","SuperFastMode"],"gold_per_floor":[115,115,40,40,115,115,130,130,156,181,199,99,142,158,158,281,281,296,221,221,221,221,221,96,120,190,205,304,304,3,49,49,180,180,204,219,233,233,257,300,300,331,358,417,417,86,102,143,143,143],"floor_reached":51,"language":"KOR","playtime":1357,"items_purged":["Defend_P","Strike_P","Defend_P","Strike_P","BattleHymn+1"],"score":1463,"play_id":"9318fc2b-1166-439d-ba1e-b2c64917b2f9","local_time":"20210228041642","is_ascension_mode":true,"campfire_choices":[{"data":"Eruption","floor":6.0,"key":"SMITH"},{"data":"Adaptation","floor":8.0,"key":"SMITH"},{"floor":15.0,"key":"REST"},{"data":"WheelKick","floor":23.0,"key":"SMITH"},{"data":"MentalFortress","floor":32,"key":"SMITH"},{"data":"Scrawl","floor":41,"key":"SMITH"},{"data":"Vigilance","floor":49,"key":"SMITH"}],"circlet_count":0,"master_deck":["AscendersBane","Eruption+1","Vigilance+1","Adaptation+1","WheelKick+1","MentalFortress+1","Judgement","BowlingBash+1","DeusExMachina+1","Scrawl+1"],"relics":["PureWater","Ancient Tea Set","Golden Idol","Meat on the Bone","Art of War","PreservedInsect","Astrolabe","Mummified Hand","Nunchaku","Orichalcum","VioletLotus","Strawberry","Blood Vial","Bag of Marbles","CaptainsWheel","Lantern","Centennial Puzzle","CloakClasp"],"acts_visited":["Exordium","TheCity","TheBeyond"],"potions_floor_usage":[33],"damage_taken":[{"damage":23.0,"enemies":"Cultist","floor":1.0,"turns":5.0},{"damage":0.0,"enemies":"Jaw Worm","floor":7.0,"turns":2.0},{"damage":10.0,"enemies":"2 Louse","floor":10.0,"turns":2.0},{"damage":21.0,"enemies":"Blue Slaver","floor":11.0,"turns":2.0},{"damage":24.0,"enemies":"3 Sentries","floor":13.0,"turns":5.0},{"damage":0.0,"enemies":"Looter","floor":14.0,"turns":2.0},{"damage":14.0,"enemies":"Hexaghost","floor":16.0,"turns":8.0},{"damage":24.0,"enemies":"Shell Parasite","floor":18.0,"turns":2.0},{"damage":14.0,"enemies":"2 Thieves","floor":25.0,"turns":2.0},{"damage":28.0,"enemies":"Shelled Parasite and Fungi","floor":27.0,"turns":2.0},{"damage":10,"enemies":"Champ","floor":33,"turns":11},{"damage":12,"enemies":"3 Shapes","floor":35,"turns":2},{"damage":0,"enemies":"Orb Walker","floor":36,"turns":1},{"damage":15,"enemies":"3 Darklings","floor":37,"turns":2},{"damage":5,"enemies":"4 Shapes","floor":39,"turns":3},{"damage":0,"enemies":"Giant Head","floor":40,"turns":2},{"damage":0,"enemies":"Nemesis","floor":42,"turns":4},{"damage":12,"enemies":"2 Orb Walkers","floor":44,"turns":2},{"damage":0,"enemies":"Jaw Worm Horde","floor":47,"turns":1},{"damage":0,"enemies":"Giant Head","floor":48,"turns":1},{"damage":0,"enemies":"Donu and Deca","floor":50,"turns":1}],"seed_played":"1724784487216610171","potions_obtained":[{"floor":1.0,"key":"EntropicBrew"},{"floor":11.0,"key":"Strength Potion"},{"floor":14.0,"key":"Block Potion"},{"floor":16.0,"key":"DistilledChaos"},{"floor":18.0,"key":"DuplicationPotion"},{"floor":39,"key":"SkillPotion"},{"floor":48,"key":"FearPotion"}],"is_trial":false,"path_per_floor":["M","?","$","?","T","R","M","R","T","M","M","$","E","M","R","B",null,"M","?","?","?","?","R","$","M","T","M","?","?","$","T","R","B",null,"M","M","M","?","M","E","R","E","T","?","T","$","M","E","R","B",null],"character_chosen":"WATCHER","items_purchased":["Nunchaku","Centennial Puzzle"],"campfire_rested":1,"item_purchase_floors":[30,46],"current_hp_per_floor":[42,42,42,24,24,24,36,36,36,38,29,29,17,29,50,48,66,42,42,42,42,42,42,42,40,40,24,24,48,48,48,48,38,64,52,52,37,37,44,51,51,51,51,41,41,41,43,45,45,47],"gold":143,"neow_bonus":"RANDOM_COMMON_RELIC","is_daily":false,"chose_seed":false,"campfire_upgraded":6,"win_rate":0.0,"timestamp":1614453402,"path_taken":["M","?","$","?","?","R","M","R","T","M","M","?","E","M","R","BOSS","M","?","?","?","?","R","$","M","T","M","?","?","$","?","R","BOSS","M","M","M","?","M","E","R","E","T","?","?","$","M","E","R","BOSS"],"items_purchased_type":["Relic","Relic"],"build_version":"2020-12-22","purchased_purges":5,"victory":true,"max_hp_per_floor":[72,72,72,72,72,72,72,72,72,72,72,72,72,72,72,72,72,72,72,72,72,72,72,72,72,72,72,72,72,72,72,72,72,72,72,72,72,68,68,75,75,75,75,75,75,75,75,75,75,75],"card_choices":[{"not_picked":["Weave","Nirvana"],"picked":"Adaptation","floor":1.0},{"not_picked":["ClearTheMind","JustLucky","EmptyBody"],"picked":"SKIP","floor":7.0},{"not_picked":["ClearTheMind","Adaptation"],"picked":"WheelKick","floor":10.0},{"not_picked":["SashWhip","Evaluate","ForeignInfluence"],"picked":"SKIP","floor":11.0},{"not_picked":["WreathOfFlame","Consecrate"],"picked":"MentalFortress","floor":13.0},{"not_picked":["JustLucky","FlyingSleeves","Indignation"],"picked":"SKIP","floor":14.0},{"not_picked":["Wish","LessonLearned"],"picked":"Judgement","floor":16.0},{"not_picked":["Nirvana","Prostrate+1","Crescendo"],"picked":"SKIP","floor":18.0},{"not_picked":["Evaluate","ClearTheMind","Nirvana"],"picked":"SKIP","floor":25.0},{"not_picked":["Perseverance+1","MentalFortress","MasterReality"],"picked":"SKIP","floor":27.0},{"not_picked":["Evaluate+1","Halt+1","FollowUp"],"picked":"SKIP","floor":35},{"not_picked":["ThirdEye+1","Vengeance","Worship+1"],"picked":"SKIP","floor":36},{"not_picked":["ClearTheMind","SashWhip","Wireheading"],"picked":"SKIP","floor":37},{"not_picked":["Sanctity+1","EmptyFist+1"],"picked":"Scrawl","floor":39},{"not_picked":["Prostrate","MentalFortress+1","WheelKick+1"],"picked":"SKIP","floor":40},{"not_picked":["FlurryOfBlows","Evaluate+1","EmptyBody"],"picked":"SKIP","floor":42},{"not_picked":["FollowUp","TalkToTheHand","BowlingBash+1"],"picked":"SKIP","floor":47},{"not_picked":["Alpha","MasterReality","CarveReality+1"],"picked":"SKIP","floor":48}],"player_experience":150610,"relics_obtained":[{"floor":5.0,"key":"Meat on the Bone"},{"floor":9.0,"key":"Art of War"},{"floor":13.0,"key":"PreservedInsect"},{"floor":26.0,"key":"Mummified Hand"},{"floor":31,"key":"Orichalcum"},{"floor":40,"key":"Strawberry"},{"floor":42,"key":"Blood Vial"},{"floor":43,"key":"Bag of Marbles"},{"floor":44,"key":"CaptainsWheel"},{"floor":45,"key":"Lantern"},{"floor":48,"key":"CloakClasp"}],"event_choices":[{"damage_healed":0.0,"max_hp_gain":0.0,"max_hp_loss":0.0,"gold_gain":0.0,"event_name":"Liars Game","player_choice":"Ignored","floor":2.0,"gold_loss":0.0,"damage_taken":0.0},{"damage_healed":0.0,"max_hp_gain":0.0,"max_hp_loss":0.0,"gold_gain":0.0,"event_name":"Golden Idol","player_choice":"Take Damage","floor":4.0,"gold_loss":0.0,"damage_taken":18.0,"relics_obtained":["Golden Idol"]},{"cards_removed":["Strike_P"],"damage_healed":0.0,"max_hp_gain":0.0,"max_hp_loss":0.0,"gold_gain":0.0,"event_name":"Beggar","player_choice":"Gave Gold","floor":19.0,"gold_loss":75.0,"damage_taken":0.0},{"damage_healed":0.0,"max_hp_gain":0.0,"max_hp_loss":0.0,"gold_gain":0.0,"event_name":"Vampires","player_choice":"Ignored","floor":20.0,"gold_loss":0.0,"damage_taken":0.0},{"damage_healed":0.0,"max_hp_gain":0.0,"max_hp_loss":0.0,"gold_gain":0.0,"event_name":"The Mausoleum","player_choice":"Ignored","floor":21.0,"gold_loss":0.0,"damage_taken":0.0},{"damage_healed":0.0,"max_hp_gain":0.0,"max_hp_loss":0.0,"gold_gain":0.0,"event_name":"Ghosts","player_choice":"Ignored","floor":22.0,"gold_loss":0.0,"damage_taken":0.0},{"damage_healed":0.0,"max_hp_gain":0.0,"max_hp_loss":0.0,"gold_gain":99.0,"event_name":"Nest","player_choice":"Stole From Cult","floor":28.0,"gold_loss":0.0,"damage_taken":0.0},{"damage_healed":24,"gold_gain":0,"player_choice":"Heal","damage_taken":0,"max_hp_gain":0,"max_hp_loss":0,"event_name":"The Library","floor":29,"gold_loss":0},{"damage_healed":0,"gold_gain":0,"player_choice":"Max HP","damage_taken":0,"max_hp_gain":0,"max_hp_loss":4,"event_name":"Winding Halls","floor":38,"gold_loss":0},{"damage_healed":0,"gold_gain":0,"player_choice":"Fight","damage_taken":0,"max_hp_gain":0,"max_hp_loss":0,"event_name":"Mysterious Sphere","floor":44,"gold_loss":0}],"is_beta":false,"boss_relics":[{"not_picked":["Sozu","Calling Bell"],"picked":"Astrolabe"},{"not_picked":["Empty Cage","Snecko Eye"],"picked":"VioletLotus"}],"items_purged_floors":[3,12,24,30,46],"is_endless":false,"potions_floor_spawned":[1,11,14,16,18,39,40,47,48],"ascension_level":11}}