{"host":"w36evy4uyf1bcavi","time":1614421770,"event":{"mods":["Act Like it!","Arknights","Aspiration","BaseMod","Conspire","Jedi Mod","Minty Spire (QoL Compilation)","Replay The Spire","Spicy Shops","StSLib","The Hierophant","The Runesmith"],"gold_per_floor":[116,158,51,51,68,98,98,108,182,26,26,58,74,85,85,183,183,195,195,213,233,158,158,8,26,49,61,74,100,118,130,130,229,229,241,241,254,529,542,574,588,617,664,664,691,691,701,528,528,528,528,528,18,53,53],"floor_reached":56,"language":"ZHS","playtime":6753,"items_purged":["Regret","Overencumbered","Doubt"],"score":1146,"play_id":"56960da1-d597-45a7-bf72-66059c6e09f1","local_time":"20210227182930","is_ascension_mode":false,"campfire_choices":[{"data":"ats:Directed Diagnosis","floor":7,"key":"SMITH"},{"floor":11,"key":"RECALL"},{"data":"ats:Healing Strengthening","floor":15,"key":"SMITH"},{"floor":23,"key":"REST"},{"data":"ats:Composite Medical Shells","floor":46,"key":"SMITH"},{"data":"ats:Shadow Assault","floor":49,"key":"SMITH"},{"data":"ats:Volcano","floor":52,"key":"SMITH"}],"circlet_count":0,"master_deck":["ats:Strike C+1","ats:Strike G+1","ats:Strike S","ats:Strike V+1","ats:Armor Crushing Shot","ats:Defend","ats:Defend","ats:Defend","ats:Defend","ats:Emotion Absorption","ats:Directed Diagnosis+1","ats:Poison Spread","ats:Healing Strengthening+1","ats:Magnetic Hammer","ats:Apocalypse","ats:Explosion Area Strengthen","ats:Shadow Assault+1","ats:Composite Medical Shells+1","ats:Assault Order","ats:Fractured Body","Clumsy","ats:Dogmatic Field","ats:Song Of Battle+1","ats:Shell Defense","ats:Apocalypse","ats:Shell Defense","ats:Part Time Job+1","ats:Chain Hook+1","ats:Apocalypse+1","ats:Healing Drone","ats:Calcification","ats:Directed Diagnosis+1","conspire:Banana","ats:Thorns+1","ats:Revitalization","ats:Absolute Focus","Pot Of Greed","Pot Of Greed","Pot Of Greed","Pot Of Greed","ats:Volcano+1","ats:Flexible Camouflage","ats:Shell Defense+1","ats:Thorns","ats:Shadow Raid","ats:Encircling Forest+1"],"relics":["ats:Sanity","NeowsBlessing","Whetstone","ats:Originium","Centennial Puzzle","Lee\u0027s Waffle","conspire:Dentures","Replay:Ancient Bell","PreservedInsect","conspire:DeflatedDodgeball","Bird Faced Urn","aspiration:ArtOfWarUpgrade","Replay:Rubber Ducky","aspiration:HatOfInfinitePower","Replay:Bronze Core","MealTicket","Grinning Jar","Replay:Baseball","ats:Omniscience","ReplayTheSpireMod:CursedCoin","Bottled Tornado","aspiration:Nostalgia","Replay:M_StaffOfTheSnake","Bag of Preparation"],"acts_visited":["Exordium","TheCity","TheBeyond","TheEnding"],"potions_floor_usage":[12,12,12,16,21,23,27,50,55,55],"damage_taken":[{"damage":0,"enemies":"Small Slimes","floor":1,"turns":2},{"damage":0,"enemies":"ats:Genji","floor":5,"turns":1},{"damage":0,"enemies":"Replay:BlueRogue","floor":6,"turns":1},{"damage":10,"enemies":"2 Louse","floor":8,"turns":4},{"damage":28,"enemies":"Lagavulin","floor":12,"turns":6},{"damage":30,"enemies":"Exordium Wildlife","floor":13,"turns":7},{"damage":6,"enemies":"2 Fungi Beasts","floor":14,"turns":2},{"damage":73,"enemies":"Slime Boss","floor":16,"turns":13},{"damage":85,"enemies":"Spheric Guardian","floor":18,"turns":10},{"damage":72,"enemies":"Shell Parasite","floor":20,"turns":15},{"damage":43,"enemies":"3 Cultists","floor":21,"turns":5},{"damage":80,"enemies":"Snake Plant","floor":25,"turns":9},{"damage":25,"enemies":"Centurion and Healer","floor":27,"turns":14},{"damage":42,"enemies":"Snecko","floor":28,"turns":8},{"damage":30,"enemies":"Slavers","floor":29,"turns":4},{"damage":26,"enemies":"Sentry and Sphere","floor":30,"turns":8},{"damage":38,"enemies":"Shelled Parasite and Fungi","floor":31,"turns":10},{"damage":115,"enemies":"Champ","floor":33,"turns":18},{"damage":31,"enemies":"Orb Walker","floor":35,"turns":5},{"damage":43,"enemies":"3 Shapes","floor":37,"turns":4},{"damage":102,"enemies":"Writhing Mass","floor":39,"turns":10},{"damage":10,"enemies":"R_Hoarder","floor":40,"turns":11},{"damage":122,"enemies":"Transient","floor":41,"turns":5},{"damage":53,"enemies":"Nemesis","floor":42,"turns":9},{"damage":9,"enemies":"Reptomancer","floor":45,"turns":5},{"damage":31,"enemies":"Maw","floor":47,"turns":9},{"damage":60,"enemies":"Replay:Hell Engine","floor":50,"turns":11},{"damage":71,"enemies":"Shield and Spear","floor":54,"turns":6},{"damage":173,"enemies":"The Heart","floor":55,"turns":12}],"seed_played":"2123923691545523082","potions_obtained":[{"floor":1,"key":"jedi:tentaclejuice"},{"floor":2,"key":"Explosive Potion"},{"floor":2,"key":"Toxic Potion"},{"floor":14,"key":"Energy Potion"},{"floor":16,"key":"AttackPotion"},{"floor":18,"key":"jedi:mysterypotion"},{"floor":25,"key":"Weak Potion"},{"floor":30,"key":"LifebloodPotion"},{"floor":33,"key":"Block Potion"},{"floor":39,"key":"PowerPotion"},{"floor":42,"key":"jedi:StrikingPotion"},{"floor":45,"key":"Doom Potion"}],"is_trial":false,"path_per_floor":["M","?","$","?","M","E","R","M","T","$","R","E","M","M","R","B",null,"M","?","M","M","?","R","$","M","T","M","M","E","M","M","R","B",null,"M","?","M","?","M","E","M","E","T","R","E","R","M","$","R","B",null,"R","$","E","B",null],"character_chosen":"DOCTOR_CLASS","items_purchased":["Whetstone","ats:Healing Strengthening","Lee\u0027s Waffle","Art of War","ReplayTheSpireMod:CursedCoin","Bottled Tornado","aspiration:Nostalgia","ats:Thorns","ats:Shadow Raid"],"campfire_rested":1,"item_purchase_floors":[3,3,10,24,48,48,53,53,53],"current_hp_per_floor":[72,54,54,54,59,65,65,66,66,79,79,56,49,48,48,10,79,30,30,27,1,1,24,24,13,13,79,72,70,79,79,79,79,79,76,76,66,66,81,82,14,84,84,84,85,85,86,86,86,87,87,87,87,80,82],"gold":53,"neow_bonus":"THREE_ENEMY_KILL","is_daily":false,"chose_seed":false,"campfire_upgraded":5,"win_rate":0.0,"timestamp":1614421770,"path_taken":["M","?","$","?","M","E","R","M","T","$","R","E","?","M","R","BOSS","M","?","M","M","?","R","?","M","T","M","?","E","?","M","R","BOSS","M","?","M","?","M","E","M","E","T","R","E","R","?","?","R","BOSS","R","$","E","BOSS"],"items_purchased_type":["Relic","Card","Relic","Relic","Relic","Relic","Relic","Card","Card"],"build_version":"2020-12-22","purchased_purges":3,"victory":true,"max_hp_per_floor":[72,72,72,72,72,72,72,72,72,79,79,79,79,79,79,79,79,79,79,79,79,79,79,79,79,79,79,79,79,79,79,79,79,79,79,79,80,80,81,82,83,84,84,84,85,85,86,86,86,87,87,87,87,88,89],"card_choices":[{"not_picked":["ats:Defend Order","ats:Absolute Focus"],"picked":"ats:Directed Diagnosis","floor":1},{"not_picked":["ats:Literary Storm","ats:Ignite"],"picked":"ats:Poison Spread","floor":2},{"not_picked":["ats:Guard Mode","ats:Blood Oath"],"picked":"ats:Magnetic Hammer","floor":5},{"not_picked":["ats:Fractured Body","ats:Hammer On"],"picked":"ats:Apocalypse","floor":6},{"not_picked":["ats:Powerful Strike","ats:Ignite"],"picked":"ats:Explosion Area Strengthen","floor":8},{"not_picked":["ats:Automatic Cover","ats:Flexible Camouflage"],"picked":"ats:Shadow Assault","floor":12},{"not_picked":["ats:Powerful Strike","ats:Sunburst"],"picked":"ats:Composite Medical Shells","floor":13},{"not_picked":["ats:Guard Mode","ats:Powerful Strike"],"picked":"ats:Assault Order","floor":14},{"not_picked":["ats:Durian","ats:Ambush"],"picked":"ats:Fractured Body","floor":16},{"not_picked":["ReplayTheSpireMod:Restless Dread","jedi:BattleThirst"],"picked":"Pain","floor":17},{"not_picked":["Replay:Hysterical Blindness","Decay"],"picked":"Clumsy","floor":17},{"not_picked":["Amnesia","Parasite"],"picked":"Doubt","floor":17},{"not_picked":["ats:Demon Strength","ats:Explosion Area Strengthen+1"],"picked":"ats:Dogmatic Field","floor":18},{"not_picked":["ats:Poison Spread","ats:Flame Of Heaven"],"picked":"ats:Song Of Battle+1","floor":20},{"not_picked":["ats:Magnetic Hammer","ats:Ignite"],"picked":"ats:Shell Defense","floor":21},{"not_picked":["ats:Closed Bolt Burst Fire","ats:Thermite Blade"],"picked":"ats:Apocalypse","floor":25},{"not_picked":["ats:Ignite","ats:Chain Hook+1"],"picked":"ats:Shell Defense","floor":27},{"not_picked":["ats:Ignite+1","ats:Support Order"],"picked":"ats:Part Time Job+1","floor":28},{"not_picked":["ats:Red Shift","ats:Curse Doll"],"picked":"ats:Chain Hook+1","floor":29},{"not_picked":["ats:Poison Spread","ats:Assault Order"],"picked":"ats:Apocalypse+1","floor":30},{"not_picked":["ats:Echo Reverb","ats:Flexible Camouflage+1"],"picked":"ats:Healing Drone","floor":31},{"not_picked":["ats:Volcano","ats:True Silver Slash"],"picked":"ats:Calcification","floor":33},{"not_picked":["ats:Closed Bolt Burst Fire+1","ats:Absolute Focus+1"],"picked":"ats:Directed Diagnosis+1","floor":35},{"not_picked":["HandOfGreed","Replay:Sssssssssstrike"],"picked":"conspire:Banana","floor":36},{"not_picked":["ats:Absolute Focus","ats:Sunburst"],"picked":"ats:Thorns+1","floor":37},{"not_picked":["ats:Cat Scratch","ats:Leaping Hammer"],"picked":"ats:Revitalization","floor":39},{"not_picked":["ats:Red Shift","ats:Closed Bolt Burst Fire","ats:Cat Scratch"],"picked":"SKIP","floor":40},{"not_picked":["ats:Cat Scratch+1","ats:Assault Order"],"picked":"ats:Absolute Focus","floor":41},{"not_picked":["ats:Absolute Focus","ats:Serious Mode+1"],"picked":"ats:Volcano","floor":42},{"not_picked":["ats:Closed Bolt Burst Fire+1","ats:Assault Order"],"picked":"ats:Flexible Camouflage","floor":45},{"not_picked":["ats:Flexible Camouflage","ats:Cat Scratch+1"],"picked":"ats:Shell Defense+1","floor":47},{"not_picked":["Doppelganger","Weave+1"],"picked":"ats:Encircling Forest+1","floor":54}],"player_experience":360705,"relics_obtained":[{"floor":6,"key":"ats:Originium"},{"floor":6,"key":"Centennial Puzzle"},{"floor":12,"key":"ats:Originium"},{"floor":12,"key":"conspire:Dentures"},{"floor":26,"key":"Replay:Rubber Ducky"},{"floor":29,"key":"ats:Originium"},{"floor":29,"key":"aspiration:HatOfInfinitePower"},{"floor":40,"key":"ats:Originium"},{"floor":40,"key":"MealTicket"},{"floor":42,"key":"Grinning Jar"},{"floor":43,"key":"Replay:Baseball"},{"floor":45,"key":"ats:Omniscience"},{"floor":54,"key":"Bag of Preparation"}],"event_choices":[{"damage_healed":0,"gold_gain":0,"player_choice":"Leave","damage_taken":0,"max_hp_gain":0,"max_hp_loss":0,"event_name":"conspire:Investor","floor":19,"gold_loss":0},{"cards_removed":["Pain"],"damage_healed":0,"gold_gain":0,"player_choice":"Gave Gold","damage_taken":0,"max_hp_gain":0,"max_hp_loss":0,"event_name":"Beggar","floor":22,"gold_loss":75},{"damage_healed":0,"gold_gain":0,"player_choice":"Memory 1","damage_taken":0,"max_hp_gain":0,"max_hp_loss":0,"event_name":"SensoryStone","floor":36,"gold_loss":0},{"damage_healed":0,"gold_gain":275,"player_choice":"Desecrate","damage_taken":0,"max_hp_gain":0,"max_hp_loss":0,"event_name":"Golden Shrine","floor":38,"gold_loss":0,"cards_obtained":["Regret"]}],"is_beta":false,"boss_relics":[{"not_picked":["Replay:Drink Me","Pandora\u0027s Box"],"picked":"Replay:Ancient Bell"},{"not_picked":["ReplayTheSpireMod:TigerMarble","MawBank"],"picked":"PreservedInsect"},{"not_picked":["White Beast Statue","jedi:angrymask"],"picked":"conspire:DeflatedDodgeball"},{"not_picked":["Turnip","Replay:Towering Pillar of Hats"],"picked":"Bird Faced Urn"},{"not_picked":["Tiny House","Sozu"],"picked":"Replay:Bronze Core"}],"items_purged_floors":[48,53,53],"is_endless":false,"potions_floor_spawned":[1,8,14,16,18,25,30,33,39,42,45],"ascension_level":0}}