{"host":"8is2j71l4wmybkoi","time":1614436466,"event":{"mods":["AchievementEnabler","BaseMod","Colored Map","DeckTracker","Minty Spire (QoL Compilation)","Rare Cards Sparkle","Relic Stats","StSLib","SuperFastMode"],"gold_per_floor":[118,268,268,288,363,389,389,401,450,463,163,163,193,203,203,281,281,299,299,310,310,327,353,353,364,364,364,391,75,75,0,0,73,73,88,0,17,35,35,35,35],"floor_reached":40,"language":"KOR","playtime":3629,"items_purged":["Doubt","Strike_R"],"score":760,"play_id":"f90d9641-a2b3-4d3c-a276-559b37d82a04","local_time":"20210227233426","is_ascension_mode":true,"campfire_choices":[{"data":"Bash","floor":7,"key":"SMITH"},{"data":"Uppercut","floor":12,"key":"SMITH"},{"data":"Rupture","floor":15,"key":"SMITH"},{"data":"Immolate","floor":24,"key":"SMITH"},{"data":"True Grit","floor":27,"key":"SMITH"},{"data":"Feel No Pain","floor":32,"key":"SMITH"}],"circlet_count":0,"master_deck":["AscendersBane","Defend_R","Defend_R","Defend_R","Defend_R","Bash+1","Blood for Blood+1","Anger","Combust","True Grit+1","Rupture+1","Uppercut+1","Impervious","Shrug It Off","Impervious","Immolate+1","True Grit+1","Sword Boomerang","Sever Soul","Feel No Pain+1","Bloodletting+1","Reckless Charge","Demon Form","Power Through","Rupture+1"],"relics":["Burning Blood","Red Skull","Anchor","Blood Vial","Unceasing Top","Mark of Pain","Ancient Tea Set","Paper Frog","Ornamental Fan","Membership Card","Self Forming Clay","Coffee Dripper","Red Mask"],"acts_visited":["Exordium","TheCity","TheBeyond"],"potions_floor_usage":[16,22,22,22,23,40],"damage_taken":[{"damage":8,"enemies":"Jaw Worm","floor":1,"turns":4},{"damage":8,"enemies":"2 Louse","floor":4,"turns":3},{"damage":32,"enemies":"Gremlin Nob","floor":6,"turns":4},{"damage":6,"enemies":"Cultist","floor":8,"turns":3},{"damage":5,"enemies":"2 Fungi Beasts","floor":10,"turns":3},{"damage":15,"enemies":"Lagavulin","floor":13,"turns":5},{"damage":6,"enemies":"Exordium Wildlife","floor":14,"turns":4},{"damage":16,"enemies":"Hexaghost","floor":16,"turns":7},{"damage":3,"enemies":"Chosen","floor":18,"turns":4},{"damage":6,"enemies":"Shell Parasite","floor":20,"turns":4},{"damage":3,"enemies":"Snecko","floor":22,"turns":4},{"damage":12,"enemies":"Gremlin Leader","floor":23,"turns":6},{"damage":29,"enemies":"Cultist and Chosen","floor":25,"turns":7},{"damage":27,"enemies":"Book of Stabbing","floor":28,"turns":5},{"damage":25,"enemies":"Collector","floor":33,"turns":7},{"damage":1,"enemies":"Orb Walker","floor":35,"turns":4},{"damage":43,"enemies":"3 Darklings","floor":37,"turns":6},{"damage":18,"enemies":"Spire Growth","floor":38,"turns":4},{"damage":46,"enemies":"Giant Head","floor":40,"turns":6}],"seed_played":"-534961813705030898","potions_obtained":[{"floor":6,"key":"FearPotion"},{"floor":8,"key":"SneckoOil"},{"floor":20,"key":"EntropicBrew"},{"floor":28,"key":"FairyPotion"},{"floor":33,"key":"PowerPotion"}],"is_trial":false,"path_per_floor":["M","?","?","M","?","E","R","M","T","M","$","R","E","M","R","B",null,"M","?","M","?","M","E","R","M","T","R","E","$","?","?","R","B",null,"M","?","M","M","?","E"],"character_chosen":"IRONCLAD","items_purchased":["Rupture","Uppercut","Impervious","Membership Card","Self Forming Clay"],"campfire_rested":0,"item_purchase_floors":[11,11,11,29,29],"current_hp_per_floor":[66,66,66,64,53,27,27,27,27,30,30,30,23,25,25,17,61,66,66,68,68,73,69,69,48,48,48,29,29,29,29,29,12,59,66,66,31,21,21,22,22],"gold":35,"neow_bonus":"RANDOM_COMMON_RELIC","is_daily":false,"chose_seed":false,"campfire_upgraded":6,"win_rate":0.0,"timestamp":1614436466,"path_taken":["M","?","?","?","?","E","R","M","T","M","?","R","E","M","R","BOSS","M","?","M","?","M","E","R","?","T","R","E","$","?","?","R","BOSS","M","?","M","M","?","E"],"items_purchased_type":["Card","Card","Card","Relic","Relic"],"build_version":"2020-12-22","purchased_purges":2,"victory":false,"max_hp_per_floor":[75,75,75,75,75,75,75,75,75,75,75,75,75,75,75,75,75,75,75,75,75,75,75,75,75,75,75,75,75,75,75,75,75,75,75,75,75,75,75,75,75],"relic_stats":{"Blood Vial":30,"counters":[19,89],"Ornamental Fan":[12],"Self Forming Clay":[75],"obtain_stats":[{"Self Forming Clay":29,"Ancient Tea Set":23,"Burning Blood":0,"Blood Vial":9,"Anchor":6,"Ornamental Fan":28,"Mark of Pain":17,"Coffee Dripper":34,"Red Mask":36,"Membership Card":29,"Red Skull":0,"Unceasing Top":13,"Paper Frog":26},{"Self Forming Clay":14,"Ancient Tea Set":12,"Burning Blood":0,"Blood Vial":4,"Anchor":3,"Ornamental Fan":14,"Mark of Pain":8,"Coffee Dripper":15,"Red Mask":16,"Membership Card":14,"Red Skull":0,"Unceasing Top":6,"Paper Frog":13},{"Self Forming Clay":63,"Ancient Tea Set":51,"Burning Blood":0,"Blood Vial":14,"Anchor":11,"Ornamental Fan":63,"Mark of Pain":33,"Coffee Dripper":70,"Red Mask":74,"Membership Card":63,"Red Skull":0,"Unceasing Top":22,"Paper Frog":58}],"Burning Blood":108,"Unceasing Top":[14]},"card_choices":[{"not_picked":["True Grit","Clothesline"],"picked":"Blood for Blood","floor":1},{"not_picked":["Heavy Blade","Perfected Strike"],"picked":"Anger","floor":4},{"not_picked":["Rampage","Clash","Perfected Strike"],"picked":"SKIP","floor":6},{"not_picked":["Cleave","Dual Wield"],"picked":"Combust","floor":8},{"not_picked":["Second Wind","Headbutt"],"picked":"True Grit","floor":10},{"not_picked":["Pommel Strike","Sever Soul"],"picked":"Shrug It Off","floor":13},{"not_picked":["Ghostly Armor","Seeing Red"],"picked":"Impervious","floor":14},{"not_picked":["Brutality","Exhume"],"picked":"Immolate","floor":16},{"not_picked":["Body Slam","Anger"],"picked":"True Grit+1","floor":18},{"not_picked":["Infernal Blade","Armaments"],"picked":"Feel No Pain","floor":20},{"not_picked":["Clash","Perfected Strike","Iron Wave"],"picked":"SKIP","floor":22},{"not_picked":["Clash","Perfected Strike","Iron Wave"],"picked":"SKIP","floor":22},{"not_picked":["Demon Form","Sword Boomerang"],"picked":"Bloodletting+1","floor":23},{"not_picked":["Havoc","Warcry","Infernal Blade"],"picked":"SKIP","floor":25},{"not_picked":["Flame Barrier","Perfected Strike+1"],"picked":"Reckless Charge","floor":28},{"not_picked":["Double Tap","Berserk"],"picked":"Demon Form","floor":33},{"not_picked":["Flex","Thunderclap","Heavy Blade"],"picked":"SKIP","floor":35},{"not_picked":["True Grit","Pommel Strike","Warcry"],"picked":"SKIP","floor":37},{"not_picked":["Thunderclap","Bloodletting"],"picked":"Power Through","floor":38}],"player_experience":1361443,"relics_obtained":[{"floor":6,"key":"Anchor"},{"floor":9,"key":"Blood Vial"},{"floor":13,"key":"Unceasing Top"},{"floor":23,"key":"Ancient Tea Set"},{"floor":26,"key":"Paper Frog"},{"floor":28,"key":"Ornamental Fan"}],"event_choices":[{"damage_healed":0,"gold_gain":150,"player_choice":"AGREE","damage_taken":0,"max_hp_gain":0,"max_hp_loss":0,"event_name":"Liars Game","floor":2,"gold_loss":0,"cards_obtained":["Doubt"]},{"damage_healed":0,"gold_gain":0,"player_choice":"Forge","damage_taken":0,"max_hp_gain":0,"max_hp_loss":0,"event_name":"Accursed Blacksmith","floor":3,"gold_loss":0,"cards_upgraded":["Blood for Blood"]},{"damage_healed":0,"gold_gain":75,"player_choice":"Gather Gold","damage_taken":11,"max_hp_gain":0,"max_hp_loss":0,"event_name":"World of Goop","floor":5,"gold_loss":0},{"damage_healed":0,"gold_gain":0,"cards_transformed":["Strike_R","Strike_R"],"player_choice":"Became Test Subject","damage_taken":0,"max_hp_gain":0,"max_hp_loss":0,"event_name":"Drug Dealer","floor":19,"gold_loss":0,"cards_obtained":["Sword Boomerang","Sever Soul"]},{"damage_healed":0,"gold_gain":0,"player_choice":"Got Potions","damage_taken":0,"max_hp_gain":0,"max_hp_loss":0,"event_name":"Lab","floor":21,"gold_loss":0},{"cards_removed":["Strike_R"],"damage_healed":0,"gold_gain":0,"player_choice":"Elegance","damage_taken":0,"max_hp_gain":0,"max_hp_loss":0,"event_name":"Back to Basics","floor":30,"gold_loss":0},{"cards_removed":["Strike_R"],"damage_healed":0,"gold_gain":0,"player_choice":"Gave Gold","damage_taken":0,"max_hp_gain":0,"max_hp_loss":0,"event_name":"Beggar","floor":31,"gold_loss":75},{"damage_healed":0,"gold_gain":0,"player_choice":"Paid","damage_taken":0,"relics_obtained":["Red Mask"],"max_hp_gain":0,"max_hp_loss":0,"event_name":"Tomb of Lord Red Mask","floor":36,"gold_loss":88},{"damage_healed":0,"gold_gain":0,"player_choice":"Copied","damage_taken":0,"max_hp_gain":0,"max_hp_loss":0,"event_name":"Duplicator","floor":39,"gold_loss":0,"cards_obtained":["Rupture"]}],"is_beta":false,"boss_relics":[{"not_picked":["Busted Crown","Runic Dome"],"picked":"Mark of Pain"},{"not_picked":["SacredBark","Velvet Choker"],"picked":"Coffee Dripper"}],"items_purged_floors":[11,29],"is_endless":false,"potions_floor_spawned":[6,8,13,14,20,28,33,38],"killed_by":"Giant Head","ascension_level":15}}