{"host":"emzatosnsokm6754","time":1614441381,"event":{"mods":["Act Like it!","BaseMod","Bossed Relics","Colored Powertips","Dota2Spire","Energized Spire","Minty Spire (QoL Compilation)","Rare Cards Sparkle","Replay The Spire","Ruina","Small Relic Pack","StSLib","The Hierophant","The Servant 0.9.4"],"gold_per_floor":[115,190,190,42,54,54,82,82,162,162,177,177,177,203,203,299,299,313,142,142,142],"floor_reached":20,"language":"ENG","playtime":463,"items_purged":["Defend_P","Pain"],"score":223,"play_id":"601c4d20-db67-489c-ab33-1e324675e626","local_time":"20210228045621","is_ascension_mode":true,"campfire_choices":[{"data":"SignatureMove","floor":6,"key":"SMITH"},{"data":"Prostrate","floor":8,"key":"SMITH"},{"data":"Brilliance","floor":12,"key":"SMITH"},{"data":"Eruption","floor":15,"key":"SMITH"}],"circlet_count":0,"master_deck":["Strike_P","Defend_P","Eruption+1","Prostrate+1","SignatureMove+1","LessonLearned","Voices","FollowUp+1","Doubt","Prostrate"],"relics":["PureWater","NeowsBlessing","Bottled Lightning","Replay:Bottled Flurry","relicPack:AllForOne","The Courier","Kintsugi","ReplayTheSpireMod:CursedCoin","Garlic"],"acts_visited":["Exordium","ruina:Briah"],"potions_floor_usage":[16],"damage_taken":[{"damage":0,"enemies":"Jaw Worm","floor":1,"turns":1},{"damage":0,"enemies":"Cultist","floor":5,"turns":1},{"damage":0,"enemies":"Lagavulin","floor":7,"turns":1},{"damage":0,"enemies":"2 Louse","floor":11,"turns":2},{"damage":24,"enemies":"3 Sentries","floor":14,"turns":5},{"damage":25,"enemies":"The Guardian","floor":16,"turns":6},{"damage":24,"enemies":"ruina:2_Scarecrows","floor":18,"turns":4},{"damage":58,"enemies":"ruina:BadWolf","floor":20,"turns":3}],"seed_played":"-964263848272003905","potions_obtained":[{"floor":1,"key":"LiquidBronze"},{"floor":11,"key":"Dexterity Potion"},{"floor":18,"key":"Block Potion"}],"is_trial":false,"path_per_floor":["M","?","?","$","M","R","E","R","T","?","M","R","?","E","R","B",null,"M","$","M"],"character_chosen":"WATCHER","items_purchased":["SignatureMove","ReplayTheSpireMod:CursedCoin","Prostrate","Garlic"],"campfire_rested":0,"item_purchase_floors":[4,19,19,19],"current_hp_per_floor":[72,61,61,61,61,61,61,61,61,54,54,54,54,30,30,5,72,48,48,0,0],"gold":142,"neow_bonus":"THREE_ENEMY_KILL","is_daily":false,"chose_seed":false,"campfire_upgraded":4,"win_rate":0.0,"timestamp":1614441381,"path_taken":["M","?","?","$","?","R","E","R","T","?","M","R","?","E","R","BOSS","M","$","M"],"items_purchased_type":["Card","Relic","Card","Relic"],"build_version":"2020-12-22","purchased_purges":2,"victory":false,"max_hp_per_floor":[72,72,72,72,72,72,72,72,72,72,72,72,72,72,72,72,72,72,72,72,72],"card_choices":[{"not_picked":["EmptyMind","FollowUp"],"picked":"Prostrate","floor":1},{"not_picked":["Collect","FlurryOfBlows","Halt"],"picked":"SKIP","floor":5},{"not_picked":["PathToVictory","Replay:ManipulateFuture","BowlingBash"],"picked":"SKIP","floor":7},{"not_picked":["EmptyBody","SashWhip"],"picked":"Brilliance","floor":11},{"not_picked":["Conclude","InnerPeace","Replay:AtTheReady"],"picked":"SKIP","floor":14},{"not_picked":["Establishment","Wish"],"picked":"LessonLearned","floor":16},{"not_picked":["Protect+1","Replay:BluntJabs+1"],"picked":"FollowUp+1","floor":18}],"player_experience":240401,"relics_obtained":[{"floor":7,"key":"Bottled Lightning"},{"floor":9,"key":"Replay:Bottled Flurry"},{"floor":14,"key":"The Courier"}],"event_choices":[{"damage_healed":0,"gold_gain":75,"player_choice":"Gather Gold","damage_taken":11,"max_hp_gain":0,"max_hp_loss":0,"event_name":"World of Goop","floor":2,"gold_loss":0},{"cards_removed":["Strike_P"],"damage_healed":0,"gold_gain":0,"player_choice":"Purged","damage_taken":0,"max_hp_gain":0,"max_hp_loss":0,"event_name":"Purifier","floor":3,"gold_loss":0},{"cards_removed":["Defend_P"],"damage_healed":0,"gold_gain":0,"player_choice":"Card Removal","damage_taken":7,"max_hp_gain":0,"max_hp_loss":0,"event_name":"Golden Wing","floor":10,"gold_loss":0}],"is_beta":false,"boss_relics":[{"not_picked":["Philosopher\u0027s Stone","Replay:Bronze Core"],"picked":"Kintsugi"}],"items_purged_floors":[4,19],"is_endless":false,"potions_floor_spawned":[1,11,18],"killed_by":"ruina:BadWolf","ascension_level":2}}