{"host":"or8fr2mp0k3eluj8","time":1614440739,"event":{"mods":["AchievementEnabler","BaseMod","Colored Map","DeckTracker","Keyboard Shortcuts","Minty Spire (QoL Compilation)","StSLib","SuperFastMode","everything is the same but u backflip on backflip"],"gold_per_floor":[117,117,117,81,29,55,55,81,163,182,182,182,10,42,42,139,139,152,163,88,88,103,103,117,149,149,192,154,185,215,240,252,264,264],"floor_reached":33,"language":"KOR","playtime":789,"items_purged":["Strike_B"],"score":435,"play_id":"56b3097d-c527-49be-a7df-4b803ad03614","local_time":"20210228004539","is_ascension_mode":true,"campfire_choices":[{"data":"1","floor":11,"key":"LIFT"},{"floor":15,"key":"REST"},{"data":"2","floor":23,"key":"LIFT"},{"floor":32,"key":"REST"}],"circlet_count":0,"master_deck":["Strike_B","Strike_B+1","Defend_B","Defend_B","Defend_B","Defend_B","Zap+1","Dualcast","Go for the Eyes+1","Rip and Tear","Gash","Gash","Seek","Beam Cell","Dark Shackles","Turbo","Hologram","Scrape+1","RitualDagger","BootSequence","Steam Power","Self Repair","Scrape","Heatsinks","White Noise"],"relics":["FrozenCore","NeowsBlessing","Girya","MealTicket","Mummified Hand","Anchor","Matryoshka","Question Card","Bag of Preparation","MawBank","Oddly Smooth Stone"],"acts_visited":["Exordium","TheCity"],"potions_floor_usage":[16,25,25,25,25,25,29,29,29,30,33],"damage_taken":[{"damage":0,"enemies":"Jaw Worm","floor":1,"turns":1},{"damage":0,"enemies":"3 Sentries","floor":6,"turns":1},{"damage":0,"enemies":"Gremlin Nob","floor":8,"turns":1},{"damage":0,"enemies":"Small Slimes","floor":10,"turns":2},{"damage":40,"enemies":"3 Sentries","floor":14,"turns":8},{"damage":27,"enemies":"Slime Boss","floor":16,"turns":7},{"damage":0,"enemies":"Chosen","floor":18,"turns":5},{"damage":8,"enemies":"Shell Parasite","floor":19,"turns":5},{"damage":29,"enemies":"Snecko","floor":22,"turns":5},{"damage":1,"enemies":"Snake Plant","floor":24,"turns":4},{"damage":0,"enemies":"Gremlin Leader","floor":25,"turns":7},{"damage":5,"enemies":"Book of Stabbing","floor":27,"turns":5},{"damage":15,"enemies":"Sentry and Sphere","floor":29,"turns":4},{"damage":5,"enemies":"Shelled Parasite and Fungi","floor":30,"turns":4},{"damage":4,"enemies":"Cultist and Chosen","floor":31,"turns":6},{"damage":52,"enemies":"Automaton","floor":33,"turns":6}],"seed_played":"774151484874505113","potions_obtained":[{"floor":6,"key":"Energy Potion"},{"floor":10,"key":"SteroidPotion"},{"floor":14,"key":"Weak Potion"},{"floor":18,"key":"EntropicBrew"},{"floor":25,"key":"EntropicBrew"},{"floor":29,"key":"Explosive Potion"}],"is_trial":false,"path_per_floor":["M","?","?","$","$","E","T","E","T","M","R","?","$","E","R","B",null,"M","M","?","?","M","R","M","E","T","E","?","M","M","M","R","B"],"character_chosen":"DEFECT","items_purchased":["Rip and Tear","Gash","Dark Shackles"],"campfire_rested":2,"item_purchase_floors":[4,5,13],"current_hp_per_floor":[75,57,57,57,57,57,57,57,57,57,57,42,57,17,39,12,75,75,67,67,61,32,32,31,31,31,33,33,25,20,23,45,0,0],"gold":264,"neow_bonus":"THREE_ENEMY_KILL","is_daily":false,"chose_seed":false,"campfire_upgraded":0,"win_rate":0.0,"timestamp":1614440739,"path_taken":["M","?","?","?","$","E","?","E","T","?","R","?","$","E","R","BOSS","M","M","?","?","M","R","M","E","T","E","?","?","M","M","R","BOSS"],"items_purchased_type":["Card","Card","Card"],"build_version":"2020-12-22","purchased_purges":1,"victory":false,"max_hp_per_floor":[75,75,75,75,75,75,75,75,75,75,75,75,75,75,75,75,75,75,75,75,75,75,75,75,75,75,75,75,75,75,75,75,75,75],"card_choices":[{"not_picked":["Turbo","Barrage"],"picked":"Go for the Eyes","floor":1},{"not_picked":["Streamline","White Noise"],"picked":"Gash","floor":6},{"not_picked":["Streamline","Doom and Gloom"],"picked":"Seek","floor":8},{"not_picked":["Compile Driver","Leap"],"picked":"Beam Cell","floor":10},{"not_picked":["Cold Snap","Ball Lightning"],"picked":"Turbo","floor":14},{"not_picked":["Conserve Battery","Barrage","Redo+1"],"picked":"Hologram","floor":18},{"not_picked":["Rebound+1","Stack+1","Heatsinks"],"picked":"Scrape+1","floor":19},{"not_picked":["Compile Driver","Beam Cell","Fission"],"picked":"BootSequence","floor":22},{"not_picked":["Capacitor","Sweeping Beam","Conserve Battery"],"picked":"Steam Power","floor":24},{"not_picked":["Rebound","Conserve Battery","Streamline"],"picked":"Self Repair","floor":25},{"not_picked":["Sunder+1","Compile Driver+1","Darkness"],"picked":"Scrape","floor":27},{"not_picked":["Cold Snap","Turbo","Compile Driver"],"picked":"Heatsinks","floor":29},{"not_picked":["Stack","Fusion+1","Steam Power"],"picked":"White Noise","floor":30},{"not_picked":["Barrage","Rebound","Sunder+1","Beam Cell"],"picked":"SKIP","floor":31}],"player_experience":500986,"relics_obtained":[{"floor":6,"key":"MealTicket"},{"floor":7,"key":"Mummified Hand"},{"floor":8,"key":"Anchor"},{"floor":9,"key":"Matryoshka"},{"floor":14,"key":"Question Card"},{"floor":25,"key":"Bag of Preparation"},{"floor":26,"key":"MawBank"},{"floor":27,"key":"Oddly Smooth Stone"}],"event_choices":[{"damage_healed":0,"gold_gain":0,"player_choice":"Success","damage_taken":18,"relics_obtained":["Girya"],"max_hp_gain":0,"max_hp_loss":0,"event_name":"Scrap Ooze","floor":2,"gold_loss":0},{"damage_healed":0,"gold_gain":0,"player_choice":"Grow","damage_taken":0,"max_hp_gain":0,"max_hp_loss":0,"event_name":"Living Wall","floor":3,"gold_loss":0,"cards_upgraded":["Go for the Eyes"]},{"damage_healed":0,"gold_gain":0,"player_choice":"Entered Light","damage_taken":15,"max_hp_gain":0,"max_hp_loss":0,"event_name":"Shining Light","floor":12,"gold_loss":0,"cards_upgraded":["Strike_B","Zap"]},{"cards_removed":["Strike_B"],"damage_healed":0,"gold_gain":0,"player_choice":"Gave Gold","damage_taken":0,"max_hp_gain":0,"max_hp_loss":0,"event_name":"Beggar","floor":20,"gold_loss":75},{"damage_healed":0,"gold_gain":0,"player_choice":"Joined the Cult","damage_taken":6,"max_hp_gain":0,"max_hp_loss":0,"event_name":"Nest","floor":21,"gold_loss":0,"cards_obtained":["RitualDagger"]},{"damage_healed":0,"gold_gain":0,"player_choice":"Bet on Owner","damage_taken":0,"max_hp_gain":0,"max_hp_loss":0,"event_name":"The Joust","floor":28,"gold_loss":50}],"is_beta":false,"boss_relics":[{"not_picked":["Velvet Choker","Busted Crown"],"picked":"FrozenCore"}],"items_purged_floors":[13],"is_endless":false,"potions_floor_spawned":[6,10,14,18,25,29],"killed_by":"Automaton","ascension_level":3}}