{"host":"e0rtortnmozl44qq","time":1614424409,"event":{"mods":["AchievementEnabler","Act Like it!","BaseMod","Better Third Choice","Colored Map","Highlight Path","Minty Spire (QoL Compilation)","Permanent Neow","Quick Restart","StSLib","SuperFastMode"],"gold_per_floor":[111,130,0,19,94,129,129,54,54,7,7,40,40,53,53,154,154,165,240,255,170,186,186,213,213,213,228,257,257,275,290,290,392,392,404,89,89,89,106,155,4,23,98,108,108,108,8,24,24,24],"floor_reached":51,"language":"ENG","playtime":2453,"items_purged":["Strike_R","Defend_R"],"score":752,"play_id":"775afb80-965e-43a2-abd2-9527e428c91f","local_time":"20210227121329","is_ascension_mode":true,"campfire_choices":[{"data":"Enlightenment","floor":11.0,"key":"SMITH"},{"floor":13.0,"key":"REST"},{"data":"Double Tap","floor":15.0,"key":"SMITH"},{"data":"Bash","floor":23.0,"key":"SMITH"},{"data":"Bludgeon","floor":32.0,"key":"SMITH"},{"data":"1","floor":45,"key":"LIFT"},{"data":"2","floor":49,"key":"LIFT"}],"circlet_count":0,"master_deck":["Strike_R","Strike_R","Defend_R","Defend_R","Bash+1","Cleave","Enlightenment+1","Battle Trance","Heavy Blade","Shockwave","Double Tap+1","Brutality","Barricade","Bludgeon+1","Heavy Blade","Reaper","Metamorphosis","Bludgeon","Offering"],"relics":["Burning Blood","Blue Candle","Self Forming Clay","Potion Belt","Runic Cube","Nunchaku","Incense Burner","Meat on the Bone","Blood Vial","SlaversCollar","Eternal Feather","Girya","Pear"],"acts_visited":["Exordium","TheCity","TheBeyond"],"potions_floor_usage":[50,50],"damage_taken":[{"damage":2.0,"enemies":"2 Louse","floor":1.0,"turns":3.0},{"damage":6.0,"enemies":"Jaw Worm","floor":2.0,"turns":4.0},{"damage":6.0,"enemies":"Cultist","floor":4.0,"turns":3.0},{"damage":34.0,"enemies":"Gremlin Nob","floor":6.0,"turns":5.0},{"damage":28.0,"enemies":"Lagavulin","floor":12.0,"turns":4.0},{"damage":5.0,"enemies":"Looter","floor":14.0,"turns":3.0},{"damage":33.0,"enemies":"Hexaghost","floor":16.0,"turns":9.0},{"damage":11.0,"enemies":"2 Thieves","floor":18.0,"turns":3.0},{"damage":21.0,"enemies":"Shell Parasite","floor":20.0,"turns":3.0},{"damage":27.0,"enemies":"Snake Plant","floor":22.0,"turns":5.0},{"damage":26.0,"enemies":"Gremlin Leader","floor":24.0,"turns":5.0},{"damage":24.0,"enemies":"Shelled Parasite and Fungi","floor":27.0,"turns":3.0},{"damage":14.0,"enemies":"Book of Stabbing","floor":28.0,"turns":4.0},{"damage":16.0,"enemies":"Colosseum Slavers","floor":29.0,"turns":2.0},{"damage":8.0,"enemies":"3 Cultists","floor":30.0,"turns":3.0},{"damage":13.0,"enemies":"Cultist and Chosen","floor":31.0,"turns":4.0},{"damage":5.0,"enemies":"Collector","floor":33.0,"turns":5.0},{"damage":13.0,"enemies":"3 Darklings","floor":35.0,"turns":5.0},{"damage":29.0,"enemies":"3 Shapes","floor":39.0,"turns":4.0},{"damage":72.0,"enemies":"2 Orb Walkers","floor":40.0,"turns":5.0},{"damage":21,"enemies":"Jaw Worm Horde","floor":42,"turns":4},{"damage":33,"enemies":"Maw","floor":44,"turns":5},{"damage":23,"enemies":"3 Darklings","floor":48,"turns":4},{"damage":77,"enemies":"Awakened One","floor":50,"turns":6}],"seed_played":"7136987725561308470","potions_obtained":[{"floor":6.0,"key":"FairyPotion"},{"floor":12.0,"key":"GamblersBrew"},{"floor":18.0,"key":"SneckoOil"},{"floor":22.0,"key":"FearPotion"},{"floor":24.0,"key":"Ancient Potion"},{"floor":33.0,"key":"BlessingOfTheForge"},{"floor":35.0,"key":"Strength Potion"},{"floor":39.0,"key":"BloodPotion"},{"floor":48,"key":"Regen Potion"}],"is_trial":false,"path_per_floor":["M","M","?","M","?","E","?","$","T","$","R","E","R","M","R","B",null,"M","?","M","?","M","R","E","?","T","M","E","?","M","M","R","B",null,"M","$","?","?","M","?","$","M","T","M","R","?","$","M","R","B",null],"character_chosen":"IRONCLAD","items_purchased":["Battle Trance","Heavy Blade","Eternal Feather","Bludgeon"],"campfire_rested":1,"item_purchase_floors":[8,10,36,41],"current_hp_per_floor":[72,72,78,78,67,39,32,32,32,32,32,10,33,34,34,7,78,73,66,51,51,30,30,10,10,10,27,31,35,47,54,54,57,78,78,78,74,74,63,29,29,28,38,33,45,45,45,60,69,56],"gold":24,"neow_bonus":"REMOVE_TWO","is_daily":false,"chose_seed":false,"campfire_upgraded":4,"win_rate":0.0,"timestamp":1614424409,"path_taken":["M","M","?","M","?","E","?","$","T","?","R","E","R","?","R","BOSS","M","?","?","?","M","R","E","?","T","M","E","?","M","M","R","BOSS","M","$","?","?","M","?","?","M","T","M","R","?","$","M","R","BOSS"],"items_purchased_type":["Card","Card","Relic","Card"],"build_version":"2020-12-22","purchased_purges":2,"victory":true,"max_hp_per_floor":[72,72,78,78,78,78,78,78,78,78,78,78,78,78,78,78,78,78,78,78,78,78,78,78,78,78,78,78,78,78,78,78,78,78,78,78,74,74,74,74,74,74,84,84,84,84,84,84,84,84],"card_choices":[{"not_picked":["Heavy Blade","Headbutt"],"picked":"Cleave","floor":1.0},{"not_picked":["Reckless Charge","Evolve","True Grit"],"picked":"SKIP","floor":2.0},{"not_picked":["Wild Strike","Body Slam","Havoc"],"picked":"SKIP","floor":4.0},{"not_picked":["Iron Wave","Wild Strike","True Grit"],"picked":"SKIP","floor":6.0},{"not_picked":["Dropkick","Flex"],"picked":"Shockwave","floor":12.0},{"not_picked":["Body Slam","Pummel"],"picked":"Double Tap","floor":14.0},{"not_picked":["Juggernaut","Double Tap"],"picked":"Brutality","floor":16.0},{"not_picked":["Cleave","Headbutt+1","Pommel Strike"],"picked":"SKIP","floor":18.0},{"not_picked":["Headbutt","Bloodletting"],"picked":"Barricade","floor":20.0},{"not_picked":["Hemokinesis","Flex+1","Clash"],"picked":"SKIP","floor":22.0},{"not_picked":["Pommel Strike","Perfected Strike+1"],"picked":"Bludgeon","floor":24.0},{"not_picked":["Sword Boomerang","Rage"],"picked":"Heavy Blade","floor":27.0},{"not_picked":["Warcry","Sever Soul+1","Power Through+1"],"picked":"SKIP","floor":28.0},{"not_picked":["Metallicize","Second Wind","Armaments"],"picked":"SKIP","floor":30.0},{"not_picked":["Havoc","Sword Boomerang","Sentinel+1"],"picked":"SKIP","floor":31.0},{"not_picked":["Feed","Corruption"],"picked":"Reaper","floor":33.0},{"not_picked":["Pommel Strike","Sword Boomerang+1","Entrench+1"],"picked":"SKIP","floor":35.0},{"not_picked":["Secret Weapon","Chrysalis"],"picked":"Metamorphosis","floor":38.0},{"not_picked":["Flame Barrier","Iron Wave","Bloodletting"],"picked":"SKIP","floor":39.0},{"not_picked":["Shrug It Off","Second Wind","Wild Strike+1"],"picked":"SKIP","floor":42},{"not_picked":["Battle Trance","Heavy Blade"],"picked":"Offering","floor":44},{"not_picked":["Headbutt+1","Twin Strike+1","Cleave"],"picked":"SKIP","floor":48}],"player_experience":25657,"relics_obtained":[{"floor":6.0,"key":"Blue Candle"},{"floor":9.0,"key":"Self Forming Clay"},{"floor":12.0,"key":"Potion Belt"},{"floor":24.0,"key":"Incense Burner"},{"floor":26.0,"key":"Meat on the Bone"},{"floor":28.0,"key":"Blood Vial"},{"floor":40.0,"key":"Girya"},{"floor":43,"key":"Pear"}],"event_choices":[{"damage_healed":0.0,"max_hp_gain":0.0,"max_hp_loss":0.0,"gold_gain":0.0,"event_name":"betterThird:BetterSerpent","player_choice":"RENOUNCE","floor":3.0,"gold_loss":130.0,"damage_taken":130.0,"cards_obtained":["Enlightenment"]},{"damage_healed":0.0,"max_hp_gain":0.0,"max_hp_loss":0.0,"gold_gain":75.0,"event_name":"betterThird:BetterGoop","player_choice":"Gold","floor":5.0,"gold_loss":0.0,"damage_taken":11.0},{"cards_removed":["Defend_R"],"damage_healed":0.0,"max_hp_gain":0.0,"max_hp_loss":0.0,"gold_gain":0.0,"event_name":"Golden Wing","player_choice":"Card Removal","floor":7.0,"gold_loss":0.0,"damage_taken":7.0},{"damage_healed":0.0,"max_hp_gain":0.0,"max_hp_loss":0.0,"gold_gain":75.0,"event_name":"FaceTrader","player_choice":"Touch","floor":19.0,"gold_loss":0.0,"damage_taken":7.0},{"damage_healed":0.0,"max_hp_gain":0.0,"max_hp_loss":0.0,"gold_gain":0.0,"event_name":"Addict","player_choice":"Obtained Relic","floor":21.0,"gold_loss":85.0,"damage_taken":0.0,"relics_obtained":["Nunchaku"]},{"damage_healed":0.0,"max_hp_gain":0.0,"max_hp_loss":0.0,"gold_gain":0.0,"event_name":"BanditSerpent","player_choice":"Serpent","floor":25.0,"gold_loss":0.0,"damage_taken":0.0},{"damage_healed":0.0,"max_hp_gain":0.0,"max_hp_loss":0.0,"gold_gain":0.0,"event_name":"Colosseum","player_choice":"Fight","floor":29.0,"gold_loss":0.0,"damage_taken":0.0},{"damage_healed":0.0,"max_hp_gain":0.0,"max_hp_loss":0.0,"gold_gain":0.0,"event_name":"Colosseum","player_choice":"Fled From Nobs","floor":29.0,"gold_loss":0.0,"damage_taken":0.0},{"damage_healed":0.0,"max_hp_gain":0.0,"max_hp_loss":4.0,"gold_gain":0.0,"event_name":"Winding Halls","player_choice":"Max HP","floor":37.0,"gold_loss":0.0,"damage_taken":0.0},{"damage_healed":0.0,"max_hp_gain":0.0,"max_hp_loss":0.0,"gold_gain":0.0,"event_name":"SensoryStone","player_choice":"Memory 1","floor":38.0,"gold_loss":0.0,"damage_taken":0.0},{"damage_healed":0.0,"max_hp_gain":0.0,"max_hp_loss":0.0,"gold_gain":0.0,"event_name":"Mysterious Sphere","player_choice":"Fight","floor":40.0,"gold_loss":0.0,"damage_taken":0.0},{"damage_healed":0,"gold_gain":0,"player_choice":"Ignored","damage_taken":0,"max_hp_gain":0,"max_hp_loss":0,"event_name":"Tomb of Lord Red Mask","floor":46,"gold_loss":0}],"is_beta":false,"boss_relics":[{"not_picked":["Tiny House","Fusion Hammer"],"picked":"Runic Cube"},{"not_picked":["Philosopher\u0027s Stone","Snecko Eye"],"picked":"SlaversCollar"}],"items_purged_floors":[36,47],"is_endless":false,"potions_floor_spawned":[6,12,18,22,24,29,33,35,39,48],"ascension_level":1}}