{"host":"1ie89x0glpq08u84","time":1614436073,"event":{"mods":["AchievementEnabler","BaseMod","Highlight Path","Minty Spire (QoL Compilation)","StSLib","Unceasing Turn Reminder"],"gold_per_floor":[116,135,149,224,2,33,33,59,85,85,124,124,147,0,0,113,113,134,152,67,67,27,27,68,88,88,128,166,191,231,253,253,362,362,382,87,108,117,137,178,178,213,291,291,324,349,377,411,411,411,411,411,44,88,88],"floor_reached":56,"language":"ENG","playtime":2015,"items_purged":["Strike_B","Strike_B"],"score":1756,"play_id":"643405b7-5a3d-4259-abdb-268bf5eb1faa","local_time":"20210227092753","is_ascension_mode":true,"campfire_choices":[{"data":"Chaos","floor":7.0,"key":"SMITH"},{"data":"Buffer","floor":12.0,"key":"SMITH"},{"data":"Defragment","floor":15.0,"key":"SMITH"},{"data":"Defragment","floor":23,"key":"SMITH"},{"data":"Consume","floor":32,"key":"SMITH"},{"data":"Electrodynamics","floor":41,"key":"SMITH"},{"floor":44,"key":"RECALL"},{"data":"Amplify","floor":49,"key":"SMITH"},{"data":"Consume","floor":52,"key":"SMITH"}],"circlet_count":0,"master_deck":["Defend_B","Defend_B","Defend_B","Defend_B","Zap","Dualcast","Doom and Gloom","Barrage","Chaos+1","Gash","Buffer+1","Barrage","Chill","Defragment+1","Cold Snap","Amplify+1","Gash","Gash","Consume+1","Defragment+1","Lockon","Cold Snap","Barrage","Go for the Eyes+1","Beam Cell+1","Leap+1","Defragment+1","Coolheaded","Creative AI","Loop","Consume+1","Coolheaded+1","Bandage Up","Lockon+1","Electrodynamics+1","Creative AI","Coolheaded+1","Static Discharge+1","Creative AI","Chaos+1","Capacitor","Core Surge"],"relics":["Inserter","Membership Card","PreservedInsect","Toy Ornithopter","Bag of Marbles","CeramicFish","Gambling Chip","Runic Capacitor","Coffee Dripper","DataDisk","Lantern","White Beast Statue","Vajra","Red Mask","CaptainsWheel","Cursed Key","Omamori","Gremlin Horn","Boot","Bottled Flame","Singing Bowl","Regal Pillow","Orrery","Cables","HornCleat","Shuriken"],"acts_visited":["Exordium","TheCity","TheBeyond","TheEnding"],"potions_floor_usage":[24,27,28,29,30,33,33,40,42,45,55,55,55],"damage_taken":[{"damage":7.0,"enemies":"2 Louse","floor":1.0,"turns":3.0},{"damage":6.0,"enemies":"Jaw Worm","floor":2.0,"turns":3.0},{"damage":6.0,"enemies":"Cultist","floor":3.0,"turns":3.0},{"damage":5.0,"enemies":"3 Sentries","floor":6.0,"turns":5.0},{"damage":3.0,"enemies":"Gremlin Nob","floor":8.0,"turns":3.0},{"damage":13.0,"enemies":"Lagavulin","floor":11.0,"turns":4.0},{"damage":4.0,"enemies":"2 Fungi Beasts","floor":13.0,"turns":2.0},{"damage":0.0,"enemies":"Slime Boss","floor":16.0,"turns":10.0},{"damage":0,"enemies":"Spheric Guardian","floor":18,"turns":6},{"damage":0,"enemies":"Slavers","floor":24,"turns":6},{"damage":2,"enemies":"Shell Parasite","floor":25,"turns":3},{"damage":11,"enemies":"Book of Stabbing","floor":27,"turns":6},{"damage":0,"enemies":"Masked Bandits","floor":28,"turns":4},{"damage":0,"enemies":"3 Cultists","floor":29,"turns":4},{"damage":7,"enemies":"Gremlin Leader","floor":30,"turns":7},{"damage":0,"enemies":"Centurion and Healer","floor":31,"turns":6},{"damage":0,"enemies":"Automaton","floor":33,"turns":9},{"damage":0,"enemies":"Orb Walker","floor":35,"turns":5},{"damage":11,"enemies":"3 Darklings","floor":37,"turns":8},{"damage":0,"enemies":"4 Shapes","floor":39,"turns":6},{"damage":12,"enemies":"Nemesis","floor":40,"turns":7},{"damage":3,"enemies":"Giant Head","floor":42,"turns":6},{"damage":0,"enemies":"Reptomancer","floor":45,"turns":5},{"damage":0,"enemies":"Spire Growth","floor":46,"turns":4},{"damage":10,"enemies":"3 Darklings","floor":47,"turns":6},{"damage":4,"enemies":"Nemesis","floor":48,"turns":5},{"damage":0,"enemies":"Donu and Deca","floor":50,"turns":7},{"damage":5,"enemies":"Shield and Spear","floor":54,"turns":4},{"damage":52,"enemies":"The Heart","floor":55,"turns":8}],"seed_played":"-7092944674686615225","potions_obtained":[{"floor":1.0,"key":"PotionOfCapacity"},{"floor":2.0,"key":"ColorlessPotion"},{"floor":3.0,"key":"EssenceOfSteel"},{"floor":16.0,"key":"Fire Potion"},{"floor":24,"key":"Strength Potion"},{"floor":27,"key":"SkillPotion"},{"floor":28,"key":"DistilledChaos"},{"floor":29,"key":"Dexterity Potion"},{"floor":30,"key":"PowerPotion"},{"floor":33,"key":"GamblersBrew"},{"floor":35,"key":"PotionOfCapacity"},{"floor":40,"key":"SkillPotion"},{"floor":42,"key":"AttackPotion"},{"floor":45,"key":"BlessingOfTheForge"},{"floor":46,"key":"DuplicationPotion"}],"is_trial":false,"path_per_floor":["M","M","M","?","$","E","R","E","T","?","E","R","M","$","R","B",null,"M","?","?","?","$","R","E","M","T","E","?","M","E","M","R","B",null,"M","$","M","?","M","E","R","E","T","R","E","M","M","E","R","B",null,"R","$","E","B",null],"character_chosen":"DEFECT","items_purchased":["Membership Card","PreservedInsect","Defragment","Runic Capacitor","Cold Snap","Defragment","Lockon","Omamori","Consume","Gremlin Horn","FocusPotion","Orrery","Cables","HornCleat","PowerPotion","Capacitor"],"campfire_rested":0,"item_purchase_floors":[5,5,14,14,14,22,22,36,36,36,36,53,53,53,53,53],"current_hp_per_floor":[68,62,56,45,45,40,40,37,37,75,62,62,58,58,58,58,75,75,75,75,75,75,75,75,73,73,66,71,75,68,68,68,75,75,75,75,64,64,68,65,65,71,71,71,77,77,71,67,67,71,77,77,85,80,42],"gold":88,"neow_bonus":"BOSS_RELIC","is_daily":false,"chose_seed":false,"campfire_upgraded":8,"win_rate":0.0,"timestamp":1614436073,"path_taken":["M","M","M","?","$","E","R","E","T","?","E","R","M","$","R","BOSS","M","?","?","?","$","R","E","?","T","E","?","M","E","M","R","BOSS","M","$","M","?","M","E","R","E","T","R","E","M","M","E","R","BOSS","R","$","E","BOSS"],"items_purchased_type":["Relic","Relic","Card","Relic","Card","Card","Card","Relic","Card","Relic","Potion","Relic","Relic","Relic","Potion","Card"],"build_version":"2020-12-22","purchased_purges":2,"victory":true,"max_hp_per_floor":[75,75,75,75,75,75,75,75,75,75,75,75,75,75,75,75,75,75,75,75,75,75,75,75,75,75,75,75,75,75,75,75,75,75,75,75,75,75,75,75,75,75,75,75,77,77,77,77,77,77,77,77,85,85,85],"card_choices":[{"not_picked":["Ball Lightning","Aggregate"],"picked":"Doom and Gloom","floor":1.0},{"not_picked":["Reinforced Body","Rebound"],"picked":"Barrage","floor":2.0},{"not_picked":["Scrape","Recycle"],"picked":"Chaos","floor":3.0},{"not_picked":["Turbo","Stack"],"picked":"Gash","floor":6.0},{"not_picked":["Rebound","Conserve Battery"],"picked":"Buffer","floor":8.0},{"not_picked":["Beam Cell","Streamline"],"picked":"Barrage","floor":11.0},{"not_picked":["Beam Cell","Hologram"],"picked":"Chill","floor":13.0},{"not_picked":["Meteor Strike","Reboot"],"picked":"Amplify","floor":16.0},{"not_picked":["BootSequence+1","Rip and Tear+1"],"picked":"Gash","floor":18},{"not_picked":["Aggregate","Auto Shields"],"picked":"Cold Snap","floor":24},{"not_picked":["Compile Driver","Turbo"],"picked":"Barrage","floor":25},{"not_picked":["Steam Power","Conserve Battery"],"picked":"Go for the Eyes+1","floor":27},{"not_picked":["Rebound","Leap"],"picked":"Beam Cell+1","floor":28},{"not_picked":["Reinforced Body","Steam+1"],"picked":"Leap+1","floor":29},{"not_picked":["Rip and Tear","Chill"],"picked":"Defragment+1","floor":30},{"not_picked":["Reinforced Body","Sweeping Beam"],"picked":"Coolheaded","floor":31},{"not_picked":["Machine Learning","Meteor Strike"],"picked":"Creative AI","floor":33},{"not_picked":["Sweeping Beam+1","Leap+1"],"picked":"Loop","floor":35},{"not_picked":["Auto Shields","Machine Learning"],"picked":"Coolheaded+1","floor":37},{"not_picked":["Magnetism","Deep Breath"],"picked":"Bandage Up","floor":38},{"not_picked":["Leap+1","Rebound+1"],"picked":"Lockon+1","floor":39},{"not_picked":["Consume+1","Lockon+1"],"picked":"Electrodynamics","floor":40},{"not_picked":["Doom and Gloom+1","Steam+1"],"picked":"Creative AI","floor":42},{"not_picked":["Tempest","Hologram","Ball Lightning"],"picked":"Singing Bowl","floor":45},{"not_picked":["Genetic Algorithm","FTL+1"],"picked":"Coolheaded+1","floor":46},{"not_picked":["Cold Snap+1","Redo"],"picked":"Static Discharge+1","floor":47},{"not_picked":["Self Repair","Skim+1"],"picked":"Creative AI","floor":48},{"not_picked":["Streamline+1","Stack","FTL+1"],"picked":"Singing Bowl","floor":53},{"not_picked":["Gash","Barrage"],"picked":"Chaos+1","floor":53},{"not_picked":["Double Energy","Streamline","Beam Cell+1"],"picked":"Singing Bowl","floor":53},{"not_picked":["Streamline+1","Hyperbeam","Conserve Battery"],"picked":"Singing Bowl","floor":53},{"not_picked":["Skim+1","Streamline+1","Cold Snap+1"],"picked":"Singing Bowl","floor":53},{"not_picked":["Leap","Self Repair"],"picked":"Core Surge","floor":54}],"player_experience":451052,"relics_obtained":[{"floor":6.0,"key":"Toy Ornithopter"},{"floor":8.0,"key":"Bag of Marbles"},{"floor":9.0,"key":"CeramicFish"},{"floor":11.0,"key":"Gambling Chip"},{"floor":24,"key":"Lantern"},{"floor":26,"key":"White Beast Statue"},{"floor":27,"key":"Vajra"},{"floor":28,"key":"Red Mask"},{"floor":30,"key":"CaptainsWheel"},{"floor":40,"key":"Boot"},{"floor":42,"key":"Bottled Flame"},{"floor":45,"key":"Singing Bowl"},{"floor":48,"key":"Regal Pillow"},{"floor":54,"key":"Shuriken"}],"event_choices":[{"damage_healed":0.0,"max_hp_gain":0.0,"max_hp_loss":0.0,"gold_gain":75.0,"event_name":"World of Goop","player_choice":"Gather Gold","floor":4.0,"gold_loss":0.0,"damage_taken":11.0},{"damage_healed":38.0,"max_hp_gain":0.0,"max_hp_loss":0.0,"gold_gain":0.0,"event_name":"Wheel of Change","player_choice":"Full Heal","floor":10.0,"gold_loss":0.0,"damage_taken":0.0},{"damage_healed":0,"gold_gain":0,"cards_transformed":["Strike_B","Strike_B"],"player_choice":"Became Test Subject","damage_taken":0,"max_hp_gain":0,"max_hp_loss":0,"event_name":"Drug Dealer","floor":19,"gold_loss":0,"cards_obtained":["Gash","Consume"]},{"damage_healed":0,"gold_gain":0,"player_choice":"Obtained Relic","damage_taken":0,"relics_obtained":["DataDisk"],"max_hp_gain":0,"max_hp_loss":0,"event_name":"Addict","floor":20,"gold_loss":85},{"damage_healed":0,"gold_gain":0,"player_choice":"Ignored","damage_taken":0,"max_hp_gain":0,"max_hp_loss":0,"event_name":"Vampires","floor":21,"gold_loss":0},{"damage_healed":0,"gold_gain":0,"player_choice":"Fought Bandits","damage_taken":0,"max_hp_gain":0,"max_hp_loss":0,"event_name":"Masked Bandits","floor":28,"gold_loss":0},{"damage_healed":0,"gold_gain":0,"player_choice":"Memory 1","damage_taken":0,"max_hp_gain":0,"max_hp_loss":0,"event_name":"SensoryStone","floor":38,"gold_loss":0}],"is_beta":false,"boss_relics":[{"not_picked":["SlaversCollar","Runic Pyramid"],"picked":"Coffee Dripper"},{"not_picked":["Calling Bell","SacredBark"],"picked":"Cursed Key"}],"items_purged_floors":[14,36],"is_endless":false,"potions_floor_spawned":[1,2,3,16,24,27,28,29,30,31,33,35,37,39,40,42,45,46,47,48,54],"ascension_level":1}}