{"host":"ee5exjejqz6r5zx9","time":1614449532,"event":{"mods":["ATMod(阿瑾Mod)","Act Like it!","BaseMod","Card Forge","Colored Powertips","Custom Start","Gensokyo","HololiveMod","Library of Ruina","Library of Ruina Extra","Minty Spire (QoL Compilation)","MostiFishMod","Quick Restart","Rare Cards Sparkle","Relic Filter Mod","Remove Card Discount Mod","Replay The Spire","RumiaBox-露米娅的神秘盒子","Shop Mod","StSLib","TestMod","【功能Mod】混沌之环修复补丁","【遗物卡牌】REMEMod"],"gold_per_floor":[3333,3351,2679,2692,2016,2047,2047,2062,2062,2089,2089,2124,2124,2138,2138,2238,2238,2254,2254,2271,2271,2319,2319,2334,2363,2363,2363,2167,2196,2208,2242,2342,2442,2442,2459,2459,2459,2474,2488,2488,2515,2515,2515,2531,2531,2556,2556,2566,2566,2566,2566,2566,2566,2564,2592,2592],"floor_reached":57,"language":"ZHS","playtime":1674,"items_purged":["DegradedFairy"],"score":2102,"play_id":"4022ac2b-5f47-4958-ab00-feb8d4adcce2","local_time":"20210228021212","is_ascension_mode":true,"campfire_choices":[{"data":"UnforgettableMelody","floor":7.0,"key":"SMITH"},{"data":"WillOfThePrescript","floor":11.0,"key":"SMITH"},{"data":"TheWillOfTheCity","floor":15.0,"key":"SMITH"},{"data":"DegradedShockwave","floor":23.0,"key":"SMITH"},{"data":"Gensokyo:MissMary","floor":27.0,"key":"SMITH"},{"data":"TendonChords","floor":40,"key":"SMITH"},{"data":"CleanUp","floor":42,"key":"SMITH"},{"data":"DegradedLock","floor":47,"key":"SMITH"},{"floor":49,"key":"RECALL"},{"data":"DegradedChain","floor":53,"key":"SMITH"}],"circlet_count":0,"master_deck":["DegradedFairy","DegradedFairy","DegradedChain+1","DegradedChain","DegradedLock+1","DegradedPillar","DegradedPillar","DegradedShockwave+1","UnforgettableMelody+1","Gensokyo:MissMary+1","WillOfThePrescript+1","TheWillOfTheCity+1","FrontalAssault","BiXi+1","TendonChords+1","CleanUp+1"],"relics":["PageOfLibrarian","testmod-TestBox","REME_ComplimentaryCards","AT_ATBox","testmod-Fanaticism","Dodecahedron","SynthV:TestCard","Medical Kit","TheAbacus","HandDrill","PageOfHappyTeddyBear","Pondfish Scales","White Beast Statue","testmod-Fortitude","SSSystem","Sozu","Meat on the Bone","Divine Protection","Strawberry","OrangePellets","AT_SunfireAegis","PageOfBigBadWolf","AT_GoldPhoenixTree","PageOfTheSilentOrchestra","Busted Crown","DaveBox","Bird Faced Urn","ReplayTheSpireMod:Shallot","AT_ArchangelStaff"],"acts_visited":["Gensokyo:Gensokyo","Gensokyo:Gensokyoer","Gensokyo:Gensokyoest","TheEnding"],"potions_floor_usage":[],"damage_taken":[{"damage":0.0,"enemies":"Gensokyo:Gryphon","floor":1.0,"turns":1.0},{"damage":0.0,"enemies":"Gensokyo:2_Kodama","floor":2.0,"turns":1.0},{"damage":0.0,"enemies":"Gensokyo:Python","floor":4.0,"turns":1.0},{"damage":0.0,"enemies":"Gensokyo:Aya","floor":6.0,"turns":2.0},{"damage":0.0,"enemies":"Gensokyo:VengefulSpirit","floor":8.0,"turns":1.0},{"damage":0.0,"enemies":"Gensokyo:Cirno","floor":10.0,"turns":5.0},{"damage":0.0,"enemies":"Gensokyo:Mamizou","floor":12.0,"turns":3.0},{"damage":0.0,"enemies":"Gensokyo:3_Kodama","floor":14.0,"turns":2.0},{"damage":0.0,"enemies":"Gensokyo:Kokoro","floor":16.0,"turns":2.0},{"damage":0.0,"enemies":"Gensokyo:3_Dogs","floor":18.0,"turns":2.0},{"damage":0.0,"enemies":"Gensokyo:CosmicMonolith","floor":20.0,"turns":1.0},{"damage":0.0,"enemies":"Gensokyo:Wraith","floor":24.0,"turns":2.0},{"damage":0.0,"enemies":"Gensokyo:Reisen","floor":25.0,"turns":2.0},{"damage":0.0,"enemies":"Gensokyo:Koishi","floor":29.0,"turns":2.0},{"damage":0.0,"enemies":"Gensokyo:Mirror_and_Dog","floor":30.0,"turns":1.0},{"damage":0.0,"enemies":"Gensokyo:Reisen","floor":31.0,"turns":1.0},{"damage":0.0,"enemies":"Gensokyo:Reisen","floor":32.0,"turns":2.0},{"damage":0.0,"enemies":"Gensokyo:Kaguya","floor":33.0,"turns":2.0},{"damage":0.0,"enemies":"Gensokyo:AncientGuardian","floor":35.0,"turns":1.0},{"damage":0.0,"enemies":"Gensokyo:3_Boulders","floor":38.0,"turns":1.0},{"damage":0,"enemies":"Gensokyo:Rafflesia","floor":39,"turns":1},{"damage":0,"enemies":"Gensokyo:Doremy","floor":41,"turns":2},{"damage":0,"enemies":"Gensokyo:Sharpion","floor":44,"turns":2},{"damage":0,"enemies":"Gensokyo:Marisa","floor":46,"turns":2},{"damage":0,"enemies":"Gensokyo:AtlasGolem","floor":48,"turns":1},{"damage":0,"enemies":"Gensokyo:Shinki","floor":50,"turns":4},{"damage":0,"enemies":"Gensokyo:Shinki","floor":51,"turns":2},{"damage":0,"enemies":"Shield and Spear","floor":55,"turns":1},{"damage":0,"enemies":"The Heart","floor":56,"turns":4}],"seed_played":"-4015119633862504670","potions_obtained":[{"floor":6.0,"key":"SteroidPotion"},{"floor":8.0,"key":"DuplicationPotion"}],"is_trial":false,"path_per_floor":["M","M","COS","M","$","E","R","M","T","E","R","E","?","M","R","B",null,"M","?","M","?","?","R","M","E","T","R","$","E","M","E","R","B",null,"M","?","?","M","M","R","E","R","T","M","?","E","R","M","R","B",null,null,"R","$","E","B",null],"character_chosen":"Librarian","items_purchased":["PageOfHappyTeddyBear","DuplicationPotion","Pondfish Scales","OrangePellets","Unlock1"],"campfire_rested":0,"item_purchase_floors":[5,5,5,28,28],"current_hp_per_floor":[60,60,60,60,60,60,60,60,60,60,60,60,60,60,60,60,90,90,90,90,90,90,90,90,90,97,97,97,97,97,97,97,97,97,97,97,97,97,97,97,100,100,100,105,105,110,110,115,115,120,125,127,127,127,127,127],"gold":2592,"neow_bonus":"REMOVE_CARD","is_daily":false,"chose_seed":false,"campfire_upgraded":9,"win_rate":0.0,"timestamp":1614449532,"path_taken":["M","M","COS","M","?","E","R","M","T","E","R","E","?","?","R","BOSS","M","?","M","?","?","R","M","E","T","R","$","E","M","E","R","BOSS","M","?","?","M","M","R","E","R","T","M","?","E","R","M","R","BOSS","R","$","E","BOSS"],"items_purchased_type":["Relic","Potion","Relic","Relic","Card"],"build_version":"2020-12-22","purchased_purges":1,"victory":true,"max_hp_per_floor":[90,90,90,90,90,90,90,90,90,90,90,90,90,90,90,90,90,90,90,90,90,90,90,90,90,97,97,97,97,97,97,97,97,97,97,127,127,127,127,127,127,127,127,127,127,127,127,127,127,127,127,127,127,127,127,127],"card_choices":[{"not_picked":["Gigigig","HiddenBlade","SharpSwipe","Leap_lor","MultiBlock","Brawl","RushDown","StructuralAnalysis","BackstreetsDash"],"picked":"SKIP","floor":1.0},{"not_picked":["Struggle","Pound","Brawl","SunsetBlade","TheWillOfTheCity","Creak","WaitUp","GuardingStance","RatsGuideToSurvival","Parry2"],"picked":"UnforgettableMelody","floor":2.0},{"not_picked":["BindingArms","MultiHit","StayCalm","SteelKnuckles","FlowOfTheSword","PreparedMind","HiddenBlade","GreatSerpentsImpact","SuppressingShot","RagingStormLove","BiAn"],"picked":"SKIP","floor":4.0},{"not_picked":["ForcefulGesture","Castigation","Ripple","OpportunitySpotted","ForTheFamily","AsThePrescriptOrders","SkyClearingCut","FlashOfSunup","StrikeDown","Multislash"],"picked":"WillOfThePrescript","floor":6.0},{"not_picked":["PuppetBlockade","SomberProcuration","SearingSword","DarkCloud","BlazingStrike","BiAn","DefenseOrder","EnergyShield","FierceCharge","AutonomousRush","Thrust"],"picked":"SKIP","floor":8.0},{"not_picked":["BackAttack","Struggle","Thrust","MultiBlock","RagingStormLove","AsThePrescriptOrders","Slice_lor","SharpSwipe","Parry2","WildCard","FierceCharge"],"picked":"SKIP","floor":10.0},{"not_picked":["Feast","Punishment","BayonetCombat","ConcentratedFire","SteelKnuckles","Thrust","Retaliate","StrikeDown","GreatSerpentsImpact","HighKick"],"picked":"TheWillOfTheCity","floor":12.0},{"not_picked":["ForTheFamily","MindPrepared","Standoff","Reload","Pound","DefenseOrder","MultiBlock","EnergyConversion","BurningFlash","HiddenBlade","Clone"],"picked":"SKIP","floor":14.0},{"not_picked":["Multislash","SuppressingShot+1","MultiHit+1","WillOfThePrescript","DesperateStruggle","Wallop_lor","HighKick","SparkingSpear","Duel_lor","GreatSerpentsImpact","Pound"],"picked":"SKIP","floor":18.0},{"not_picked":["FaintMemories","EnergyCycle","StrikeDown","BulkyImpact","ChargeUp","FocusFire","BackAttack","Eliminate","SuppressingShot","DefenseOrder","EndlessBattle"],"picked":"SKIP","floor":20.0},{"not_picked":["BackAttack","FleetFootsteps","Endure","CombatPreparation+1","Diversion","SmokingPipe","Thrust+1","FaintMemories","Pound","CoordinatedAssault"],"picked":"FrontalAssault","floor":22.0},{"not_picked":["Marionette+1","EnergyConversion+1","Wallop_lor+1","WillOfThePrescript","RulesOfTheBackstreets","EmotionalTurbulence","DesperateStruggle","ChopItOff","QuickSuppression","Leap_lor","SmokingPipe"],"picked":"SKIP","floor":24.0},{"not_picked":["RepressedFlesh","SilentNight","UpbeatPerformance","CutIn+1","SetFire","SwordOfVolition","LoosenUp","MultiBlock","EnergyShield","Suppress","FeatherShield"],"picked":"SKIP","floor":25.0},{"not_picked":["Execute_lor","Riposte","PuppetBlockade+1","VenomousFangs","MultiHit+1","FleetFootsteps","TieShanKao","Overcharge","BiAn+1","IronWall"],"picked":"BiXi+1","floor":29.0},{"not_picked":["DefenseOrder","StructuralAnalysis","Faith+1","SerpentSwordTechnique","WillOfThePrescript","NightInTheBackstreets","PreparedMind","AbsorbImpact","Standoff+1","AutonomousRush","Crush"],"picked":"SKIP","floor":30.0},{"not_picked":["FierceCharge+1","DefenseOrder+1","PinpointShot","OpportunitySpotted","Creak","StayCalm+1","QuickAttack","NightInTheBackstreets","Track+1","Leap_lor","Overpower"],"picked":"SKIP","floor":31.0},{"not_picked":["Slice_lor","ConcentratedFire","GreatSerpentsImpact+1","StrikeDown","GuidanceOfTheGears+1","SunsetBlade+1","JiaoTu+1","HighKick+1","FervidEmotions+1"],"picked":"SKIP","floor":35.0},{"not_picked":["VioletBlade","ViolentFlame","AsThePrescriptOrders","Diversion","ForTheFamily+1","Wallop_lor","Multislash","GuidanceOfTheGears","MultiBlock+1"],"picked":"SKIP","floor":38.0},{"not_picked":["Diversion+1","SweepTheBackstreets+1","FrontalAssault","DarkCloud+1","AssaultOrder","WillOfThePrescript","BackAttack+1","Endure"],"picked":"TendonChords","floor":39},{"not_picked":["AbsorbImpact","AGoldenOpportunity+1","SearingSword","SetFire","Pound","SkyClearingCut","Track+1","IronWall"],"picked":"CleanUp","floor":41},{"not_picked":["SerpentSwordTechnique","DesperateStruggle+1","GuardingStance+1","EnergyStrike","TimeForALittleTest+1","CookingPrep","NightInTheBackstreets+1","BladeWhirl+1","SpearedSweep"],"picked":"SKIP","floor":44},{"not_picked":["Bvapour+1","SweepTheBackstreets+1","Standoff+1","DarkCloud","Gigigig+1","Reload","MultiBlock+1","CutIn","DimensionalRift"],"picked":"SKIP","floor":46},{"not_picked":["SummaryJudgment+1","StrongStrike+1","BladeWhirl","PreemptiveStrike","ToWhereThePrescriptPoints","DesperateStruggle","GuardingStance","MultiHit+1","SerpentSwordTechnique+1"],"picked":"SKIP","floor":48},{"not_picked":["ScratchThat","NonstopAssault+1","SpearedSweep","DestructiveImpact+1","UncannyStrike+1","InhaleSmoke+1","UndertakePrescript","Laceration+1","SwordOfVolition"],"picked":"SKIP","floor":55}],"player_experience":474628,"relics_obtained":[{"floor":1.0,"key":"SynthV:TestCard"},{"floor":6.0,"key":"White Beast Statue"},{"floor":10.0,"key":"testmod-Fortitude"},{"floor":12.0,"key":"SSSystem"},{"floor":22.0,"key":"Meat on the Bone"},{"floor":25.0,"key":"Divine Protection"},{"floor":26.0,"key":"Strawberry"},{"floor":29.0,"key":"AT_SunfireAegis"},{"floor":31.0,"key":"PageOfBigBadWolf"},{"floor":32.0,"key":"AT_GoldPhoenixTree"},{"floor":32.0,"key":"PageOfTheSilentOrchestra"},{"floor":43,"key":"Bird Faced Urn"},{"floor":46,"key":"ReplayTheSpireMod:Shallot"},{"floor":55,"key":"AT_ArchangelStaff"}],"event_choices":[{"damage_healed":0.0,"max_hp_gain":0.0,"max_hp_loss":0.0,"gold_gain":0.0,"event_name":"给自己的盒子","player_choice":"Swap Relic","floor":36.0,"relics_lost":["DaveBox"],"gold_loss":0.0,"damage_taken":0.0,"relics_obtained":["DaveBox"]}],"is_beta":false,"boss_relics":[{"not_picked":["AT_MortalBlade","testmod-CardMagician"],"picked":"Sozu"},{"not_picked":["Replay:Ancient Bell","RhineCircuit"],"picked":"Busted Crown"}],"items_purged_floors":[54],"is_endless":false,"potions_floor_spawned":[6,8,10,12,14,16,18,20,24,25,29,30,31,32,33,35,38,39,41,44,46,48,51,55],"ascension_level":3}}