{"host":"ftbiwowwddq7t5tz","time":1614450844,"event":{"mods":["100% Spire Juice","Act Like it!","Aspiration","BaseMod","Colored Map","Conspire","Hermit","Library of Ruina","Library of Ruina Extra","Lobotomy","LobotomyExtend","Minty Spire (QoL Compilation)","Reliquary","Replay The Spire","Spicy Shops","StSLib","The Blackbeard","The Cursed","The Marked","[GremlinLeader]The Maniac"],"gold_per_floor":[114,189,189,183,183,183,183],"floor_reached":6,"language":"ZHS","playtime":195,"items_purged":["Moonworks:Defend"],"score":32,"play_id":"0cf48da3-dc8c-4a26-afe1-9c32ff427a80","local_time":"20210228023404","is_ascension_mode":false,"campfire_choices":[],"circlet_count":0,"master_deck":["Moonworks:Strike","Moonworks:Strike","Moonworks:Strike","Moonworks:Strike","Moonworks:Defend","Moonworks:Defend","Moonworks:Ambush","Moonworks:LongDistanceShot","Moonworks:LuckyCharm","Shame","Moonworks:x16BigRocket","Regret"],"relics":["Moonworks:BrokenBomb","Moonworks:Homemark","aspiration:Nostalgia","m_SerpentRing","LetterFromLob","ReplayTheSpireMod:CursedCoin","reliquary:RoseTintedGlasses"],"acts_visited":["Exordium"],"potions_floor_usage":[],"damage_taken":[{"damage":1,"enemies":"Jaw Worm","floor":1,"turns":3},{"damage":56,"enemies":"Lagavulin","floor":6,"turns":5}],"seed_played":"9100021940355996937","potions_obtained":[{"floor":1,"key":"Strength Potion"}],"is_trial":false,"path_per_floor":["M","?","?","$","?","E"],"character_chosen":"THE_STARBREAKER","items_purchased":["ReplayTheSpireMod:CursedCoin","Moonworks:x16BigRocket"],"campfire_rested":0,"item_purchase_floors":[4,4],"current_hp_per_floor":[59,48,41,41,41,0,0],"gold":183,"neow_bonus":"NOSTALGIA","is_daily":false,"chose_seed":false,"campfire_upgraded":0,"win_rate":0.0,"timestamp":1614450844,"path_taken":["M","?","?","$","?","E"],"items_purchased_type":["Relic","Card"],"build_version":"2020-12-22","purchased_purges":1,"victory":false,"max_hp_per_floor":[60,60,60,60,60,60,60],"card_choices":[{"not_picked":["Moonworks:Bloodlust","Cloak And Dagger"],"picked":"Moonworks:LuckyCharm","floor":1}],"player_experience":80273,"relics_obtained":[{"floor":1,"key":"LetterFromLob"}],"event_choices":[{"damage_healed":0,"gold_gain":75,"player_choice":"Gather Gold","damage_taken":11,"max_hp_gain":0,"max_hp_loss":0,"event_name":"World of Goop","floor":2,"gold_loss":0},{"cards_removed":["Moonworks:Defend"],"damage_healed":0,"gold_gain":0,"player_choice":"Card Removal","damage_taken":7,"max_hp_gain":0,"max_hp_loss":0,"event_name":"Golden Wing","floor":3,"gold_loss":0},{"damage_healed":0,"gold_gain":0,"player_choice":"Box","damage_taken":0,"relics_obtained":["reliquary:RoseTintedGlasses"],"max_hp_gain":0,"max_hp_loss":0,"event_name":"Big Fish","floor":5,"gold_loss":0,"cards_obtained":["Regret"]}],"is_beta":false,"boss_relics":[],"items_purged_floors":[4],"is_endless":false,"potions_floor_spawned":[1],"killed_by":"Lagavulin","ascension_level":0}}