{"host":"dftd5cr6l8m56acq","time":1614400219,"event":{"mods":["AchievementEnabler","BaseMod","Bestiary","Colored Map","Highlight Path","Minty Spire (QoL Compilation)","Relic Stats","StSLib","everything is the same but u backflip on backflip"],"gold_per_floor":[12,25,35,45,45,77,77,51,75,107,107,126,126,137,137,137,137],"floor_reached":16,"language":"ENG","playtime":404,"items_purged":[],"score":182,"play_id":"4ca00867-8e63-4267-8824-535b48440cc5","local_time":"20210226233019","is_ascension_mode":true,"campfire_choices":[{"floor":7,"key":"REST"},{"floor":11,"key":"REST"},{"floor":15,"key":"REST"}],"circlet_count":0,"master_deck":["Strike_R","Strike_R","Strike_R","Strike_R","Strike_R+1","Defend_R","Defend_R","Defend_R","Defend_R+1","Bash","Sever Soul","Fire Breathing","Pommel Strike","Burning Pact","Perfected Strike","Shockwave","Exhume","Intimidate"],"relics":["Burning Blood","Pen Nib","Art of War"],"acts_visited":["Exordium"],"potions_floor_usage":[10],"damage_taken":[{"damage":0,"enemies":"2 Louse","floor":1,"turns":4},{"damage":7,"enemies":"Jaw Worm","floor":2,"turns":3},{"damage":20,"enemies":"Small Slimes","floor":3,"turns":5},{"damage":17,"enemies":"3 Louse","floor":4,"turns":3},{"damage":66,"enemies":"Lagavulin","floor":6,"turns":8},{"damage":30,"enemies":"3 Sentries","floor":10,"turns":5},{"damage":11,"enemies":"Blue Slaver","floor":12,"turns":3},{"damage":11,"enemies":"Exordium Thugs","floor":14,"turns":4},{"damage":45,"enemies":"Slime Boss","floor":16,"turns":5}],"seed_played":"6743645493106276962","potions_obtained":[{"floor":1,"key":"ElixirPotion"},{"floor":4,"key":"Fire Potion"}],"is_trial":false,"path_per_floor":["M","M","M","M","?","E","R","$","T","E","R","M","?","M","R","B"],"character_chosen":"IRONCLAD","items_purchased":["Perfected Strike"],"campfire_rested":3,"item_purchase_floors":[8],"current_hp_per_floor":[94,93,79,68,68,8,36,36,36,12,40,35,16,11,39,0,0],"gold":137,"neow_bonus":"TWENTY_PERCENT_HP_BONUS","is_daily":false,"chose_seed":false,"campfire_upgraded":0,"win_rate":0.0,"timestamp":1614400219,"path_taken":["M","M","M","M","?","E","R","$","T","E","R","M","?","M","R","BOSS"],"items_purchased_type":["Card"],"build_version":"2020-12-22","purchased_purges":0,"victory":false,"max_hp_per_floor":[96,96,96,96,96,96,96,96,96,96,96,96,96,96,96,96,96],"relic_stats":{"counters":[9,40],"Pen Nib":[2],"Art of War":[1],"obtain_stats":[{"Pen Nib":6,"Art of War":10,"Burning Blood":0},{"Pen Nib":5,"Art of War":6,"Burning Blood":0},{"Pen Nib":23,"Art of War":28,"Burning Blood":0}],"Burning Blood":48},"card_choices":[{"not_picked":["Sword Boomerang","Ghostly Armor"],"picked":"Sever Soul","floor":1},{"not_picked":["True Grit","Havoc"],"picked":"Fire Breathing","floor":2},{"not_picked":["True Grit","Cleave"],"picked":"Pommel Strike","floor":3},{"not_picked":["Thunderclap","Body Slam","Iron Wave"],"picked":"SKIP","floor":4},{"not_picked":["Warcry","Uppercut"],"picked":"Burning Pact","floor":6},{"not_picked":["Armaments","Rampage"],"picked":"Shockwave","floor":10},{"not_picked":["Dropkick","Rupture"],"picked":"Exhume","floor":12},{"not_picked":["Blood for Blood","Iron Wave"],"picked":"Intimidate","floor":14}],"player_experience":510538,"relics_obtained":[{"floor":6,"key":"Pen Nib"},{"floor":10,"key":"Art of War"}],"event_choices":[{"damage_healed":0,"gold_gain":0,"player_choice":"Ignored","damage_taken":0,"max_hp_gain":0,"max_hp_loss":0,"event_name":"Liars Game","floor":5,"gold_loss":0},{"damage_healed":0,"gold_gain":0,"player_choice":"Entered Light","damage_taken":19,"max_hp_gain":0,"max_hp_loss":0,"event_name":"Shining Light","floor":13,"gold_loss":0,"cards_upgraded":["Defend_R","Strike_R"]}],"is_beta":false,"boss_relics":[],"items_purged_floors":[],"is_endless":false,"potions_floor_spawned":[1,4],"killed_by":"Slime Boss","ascension_level":8}}