{"host":"dhv3u8yhd2rnugsp","time":1614384214,"event":{"mods":["BaseMod","Block Reminder","Colored Map","Googly Eyes","Highlight Path","Minty Spire (QoL Compilation)","Permanent Neow","Quick Restart","Random Character Button","StSLib"],"gold_per_floor":[111,76,76,96,117,117,192,227,227,227,54,54,77,2,2,2,2],"floor_reached":16,"language":"ENG","playtime":356,"items_purged":["Strike_B"],"score":196,"play_id":"0c2e9ab5-4685-4c5f-b5a1-822391b754dc","local_time":"20210226180334","is_ascension_mode":true,"campfire_choices":[{"data":"Loop","floor":6,"key":"SMITH"},{"floor":12,"key":"REST"},{"floor":15,"key":"DIG"}],"circlet_count":0,"master_deck":["AscendersBane","Strike_B","Strike_B","Strike_B","Defend_B","Defend_B","Defend_B","Defend_B","Zap+1","Dualcast+1","Rebound","Loop+1","Doom and Gloom+1","Go for the Eyes"],"relics":["Cracked Core","Shovel","Golden Idol","Emotion Chip","Girya","PreservedInsect","War Paint"],"acts_visited":["Exordium"],"potions_floor_usage":[8,13,16],"damage_taken":[{"damage":9,"enemies":"Small Slimes","floor":1,"turns":4},{"damage":2,"enemies":"Jaw Worm","floor":4,"turns":3},{"damage":1,"enemies":"2 Louse","floor":5,"turns":3},{"damage":42,"enemies":"Lagavulin","floor":8,"turns":8},{"damage":6,"enemies":"Large Slime","floor":13,"turns":4},{"damage":17,"enemies":"Slime Boss","floor":16,"turns":6}],"seed_played":"390653851056637675","potions_obtained":[{"floor":5,"key":"Fruit Juice"},{"floor":8,"key":"AttackPotion"},{"floor":13,"key":"BlessingOfTheForge"}],"is_trial":false,"path_per_floor":["M","?","?","M","M","R","?","E","T","?","$","R","M","$","R","B"],"character_chosen":"DEFECT","items_purchased":["PreservedInsect"],"campfire_rested":1,"item_purchase_floors":[11],"current_hp_per_floor":[37,54,54,52,51,51,40,3,3,3,3,23,17,17,17,0,0],"gold":2,"neow_bonus":"ONE_RARE_RELIC","is_daily":false,"chose_seed":false,"campfire_upgraded":1,"win_rate":0.0,"timestamp":1614384214,"path_taken":["M","?","?","M","M","R","?","E","T","?","$","R","?","?","R","BOSS"],"items_purchased_type":["Relic"],"build_version":"2020-12-22","purchased_purges":1,"victory":false,"max_hp_per_floor":[71,71,64,64,64,64,64,69,69,69,69,69,69,69,69,69,69],"card_choices":[{"not_picked":["Beam Cell","Turbo"],"picked":"Rebound","floor":1},{"not_picked":["Barrage","Turbo","Leap"],"picked":"SKIP","floor":4},{"not_picked":["Go for the Eyes","Coolheaded"],"picked":"Loop","floor":5},{"not_picked":["White Noise","Rebound"],"picked":"Doom and Gloom","floor":8},{"not_picked":["Force Field","Rebound"],"picked":"Go for the Eyes","floor":13}],"player_experience":1722255,"relics_obtained":[{"floor":8,"key":"Emotion Chip"},{"floor":9,"key":"Girya"},{"floor":15,"key":"War Paint"}],"event_choices":[{"damage_healed":17,"gold_gain":0,"player_choice":"Healed","damage_taken":0,"max_hp_gain":0,"max_hp_loss":0,"event_name":"The Cleric","floor":2,"gold_loss":35},{"damage_healed":0,"gold_gain":0,"player_choice":"Lose Max HP","damage_taken":0,"relics_obtained":["Golden Idol"],"max_hp_gain":0,"max_hp_loss":7,"event_name":"Golden Idol","floor":3,"gold_loss":0},{"damage_healed":0,"gold_gain":75,"player_choice":"Gather Gold","damage_taken":11,"max_hp_gain":0,"max_hp_loss":0,"event_name":"World of Goop","floor":7,"gold_loss":0},{"damage_healed":0,"gold_gain":0,"player_choice":"Upgraded","damage_taken":0,"max_hp_gain":0,"max_hp_loss":0,"event_name":"Upgrade Shrine","floor":10,"gold_loss":0,"cards_upgraded":["Doom and Gloom"]}],"is_beta":false,"boss_relics":[],"items_purged_floors":[14],"is_endless":false,"potions_floor_spawned":[5,8,13],"killed_by":"Slime Boss","ascension_level":20}}