{"host":"ffn9oaz9ksdh6gtp","time":1614397870,"event":{"mods":["ATMod(°¢èªMod)","Act Like it!","Arknights","BaseMod","GifTheSpireLib","Minty Spire (QoL Compilation)","MostiFishMod","Replay The Spire","StSLib","The Bug Knight","¡¾ÒÅÎï¿¨ÅÆ¡¿REMEMod"],"gold_per_floor":[114,129,304,379,4,34,34,64,64,64,94,124,136,178,190,302,314,341,353,290,317,58,88,88,118,193,223,98,128,49,49,49,149,149,164,164,179,224,224,254,269,269,269],"floor_reached":42,"language":"ZHS","playtime":3589,"items_purged":["Doubt","Anger","Fiend Fire"],"score":784,"play_id":"bfe479b1-ff48-4070-a3a4-2bc79111e4d6","local_time":"20210227115110","daily_mods":["SealedDeck","Flight","Elite Swarm"],"is_ascension_mode":false,"campfire_choices":[{"data":"Barricade","floor":10.0,"key":"SMITH"},{"data":"Armaments","floor":13.0,"key":"SMITH"},{"data":"Body Slam","floor":15.0,"key":"SMITH"},{"data":"Entrench","floor":24.0,"key":"SMITH"},{"data":"Offering","floor":32.0,"key":"SMITH"}],"circlet_count":0,"master_deck":["Shrug It Off","Wild Strike","Armaments+1","Shrug It Off","Entrench+1","Wild Strike","True Grit+1","Body Slam+1","Shrug It Off","Rampage","Cleave","Barricade+1","Juggernaut","Impervious","Impervious","Headbutt","Mayhem","Brutality","Offering+1","Offering","Burning Pact","Exhume","Shockwave+1","Seeing Red"],"relics":["Burning Blood","Toolbox","Tiny Chest","FossilizedHelix","Bronze Scales","White Beast Statue","Girya","MawBank","MealTicket","Coffee Dripper","Enchiridion","Letter Opener","Orichalcum","Mercury Hourglass","Pantograph","Bottled Lightning","HornCleat","Philosopher\u0027s Stone","Thread and Needle","Eternal Feather","Meat on the Bone"],"acts_visited":[],"potions_floor_usage":[],"damage_taken":[{"damage":0.0,"enemies":"Small Slimes","floor":1.0,"turns":4.0},{"damage":0.0,"enemies":"2 Louse","floor":2.0,"turns":3.0},{"damage":13.0,"enemies":"Gremlin Nob","floor":6.0,"turns":4.0},{"damage":20.0,"enemies":"Lagavulin","floor":8.0,"turns":6.0},{"damage":4.0,"enemies":"Gremlin Nob","floor":11.0,"turns":5.0},{"damage":17.0,"enemies":"Lagavulin","floor":12.0,"turns":5.0},{"damage":0.0,"enemies":"Gremlin Nob","floor":14.0,"turns":4.0},{"damage":0.0,"enemies":"The Guardian","floor":16.0,"turns":11.0},{"damage":3.0,"enemies":"Chosen","floor":18.0,"turns":5.0},{"damage":6.0,"enemies":"2 Thieves","floor":21.0,"turns":4.0},{"damage":0.0,"enemies":"Book of Stabbing","floor":23.0,"turns":5.0},{"damage":11.0,"enemies":"Slavers","floor":25.0,"turns":6.0},{"damage":9.0,"enemies":"Gremlin Leader","floor":27.0,"turns":4.0},{"damage":3.0,"enemies":"Slavers","floor":29.0,"turns":4.0},{"damage":6.0,"enemies":"Collector","floor":33.0,"turns":3.0},{"damage":0.0,"enemies":"3 Darklings","floor":35.0,"turns":3.0},{"damage":0.0,"enemies":"3 Shapes","floor":37.0,"turns":3.0},{"damage":13.0,"enemies":"2 Orb Walkers","floor":38.0,"turns":2.0},{"damage":6.0,"enemies":"Reptomancer","floor":40.0,"turns":3.0},{"damage":10,"enemies":"Transient","floor":41,"turns":5},{"damage":0,"enemies":"Giant Head","floor":42,"turns":1}],"seed_played":"-7397021786818157212","potions_obtained":[{"floor":8.0,"key":"SkillPotion"},{"floor":11.0,"key":"GamblersBrew"},{"floor":12.0,"key":"ElixirPotion"},{"floor":14.0,"key":"SteroidPotion"},{"floor":18.0,"key":"Swift Potion"},{"floor":21.0,"key":"LiquidBronze"},{"floor":25.0,"key":"Energy Potion"},{"floor":27.0,"key":"Fruit Juice"},{"floor":29.0,"key":"SteroidPotion"},{"floor":33.0,"key":"EntropicBrew"}],"is_trial":false,"path_per_floor":["M","M","?","?","$","E","?","E","T","R","E","E","R","E","R","B",null,"M","?","?","M","$","E","R","E","T","E","$","E","$","T","R","B",null,"M","?","M","?","T","E","M","E"],"character_chosen":"IRONCLAD","items_purchased":["Toolbox","Tiny Chest","Mayhem","Burning Pact"],"campfire_rested":0,"item_purchase_floors":[5,5,22,30],"current_hp_per_floor":[80,80,80,69,69,62,67,53,53,53,55,44,44,50,50,56,85,85,69,69,69,84,85,85,80,80,82,90,90,90,90,90,90,90,90,90,90,83,83,83,79,79,79],"gold":269,"neow_bonus":"","is_daily":true,"chose_seed":false,"campfire_upgraded":5,"win_rate":0.0,"timestamp":1614397870,"path_taken":["M","M","?","?","$","E","?","E","T","R","E","E","R","E","R","BOSS","M","?","?","M","$","E","R","E","T","E","$","E","$","?","R","BOSS","M","?","?","?","?","E","?","E"],"items_purchased_type":["Relic","Relic","Card","Card"],"build_version":"2020-12-22","purchased_purges":3,"victory":false,"max_hp_per_floor":[80,80,80,80,80,80,85,85,85,85,85,85,85,85,85,85,85,85,85,85,85,85,85,85,85,85,90,90,90,90,90,90,90,90,90,90,90,90,90,90,90,90,90],"card_choices":[{"not_picked":["Anger","True Grit"],"picked":"Rampage","floor":1.0},{"not_picked":["Infernal Blade","Iron Wave"],"picked":"Cleave","floor":2.0},{"not_picked":["Bludgeon","Exhume"],"picked":"Fiend Fire","floor":6.0},{"not_picked":["Exhume","Offering"],"picked":"Barricade","floor":8.0},{"not_picked":["Reaper","Corruption"],"picked":"Demon Form","floor":11.0},{"not_picked":["Reaper","Exhume"],"picked":"Juggernaut","floor":12.0},{"not_picked":["Immolate","Feed"],"picked":"Impervious","floor":14.0},{"not_picked":["Exhume","Immolate"],"picked":"Impervious","floor":16.0},{"not_picked":["Flex+1","Searing Blow+1","Reckless Charge+1"],"picked":"SKIP","floor":18.0},{"not_picked":["Twin Strike","Metallicize"],"picked":"Headbutt","floor":21.0},{"not_picked":["Reaper","Barricade"],"picked":"Brutality","floor":23.0},{"not_picked":["Reaper","Barricade","Impervious"],"picked":"SKIP","floor":25.0},{"not_picked":["Bludgeon","Brutality"],"picked":"Offering","floor":27.0},{"not_picked":["Fiend Fire","Immolate"],"picked":"Offering","floor":29.0},{"not_picked":["Juggernaut","Demon Form"],"picked":"Exhume","floor":33.0},{"not_picked":["Twin Strike+1","Whirlwind"],"picked":"Shockwave+1","floor":35.0},{"not_picked":["Perfected Strike","Whirlwind","True Grit+1"],"picked":"SKIP","floor":37.0},{"not_picked":["Impervious","Reaper","Barricade"],"picked":"SKIP","floor":40.0},{"not_picked":["Reckless Charge+1","Wild Strike"],"picked":"Seeing Red","floor":41}],"player_experience":90809,"relics_obtained":[{"floor":6.0,"key":"FossilizedHelix"},{"floor":8.0,"key":"Bronze Scales"},{"floor":9.0,"key":"White Beast Statue"},{"floor":11.0,"key":"Girya"},{"floor":12.0,"key":"MawBank"},{"floor":14.0,"key":"MealTicket"},{"floor":19.0,"key":"Enchiridion"},{"floor":23.0,"key":"Letter Opener"},{"floor":25.0,"key":"Orichalcum"},{"floor":26.0,"key":"Mercury Hourglass"},{"floor":27.0,"key":"Pantograph"},{"floor":29.0,"key":"Bottled Lightning"},{"floor":31.0,"key":"HornCleat"},{"floor":38.0,"key":"Thread and Needle"},{"floor":39.0,"key":"Eternal Feather"},{"floor":40.0,"key":"Meat on the Bone"}],"event_choices":[{"damage_healed":0.0,"max_hp_gain":0.0,"max_hp_loss":0.0,"gold_gain":175.0,"event_name":"Liars Game","player_choice":"AGREE","floor":3.0,"gold_loss":0.0,"damage_taken":0.0,"cards_obtained":["Doubt"]},{"damage_healed":0.0,"max_hp_gain":0.0,"max_hp_loss":0.0,"gold_gain":75.0,"event_name":"World of Goop","player_choice":"Gather Gold","floor":4.0,"gold_loss":0.0,"damage_taken":11.0},{"damage_healed":0.0,"max_hp_gain":5.0,"max_hp_loss":0.0,"gold_gain":0.0,"event_name":"Big Fish","player_choice":"Donut","floor":7.0,"gold_loss":0.0,"damage_taken":0.0},{"damage_healed":0.0,"max_hp_gain":0.0,"max_hp_loss":0.0,"gold_gain":0.0,"event_name":"Cursed Tome","player_choice":"Obtained Book","floor":19.0,"gold_loss":0.0,"damage_taken":16.0},{"cards_removed":["Demon Form"],"damage_healed":0.0,"max_hp_gain":0.0,"max_hp_loss":0.0,"gold_gain":0.0,"event_name":"Beggar","player_choice":"Gave Gold","floor":20.0,"gold_loss":75.0,"damage_taken":0.0},{"damage_healed":0.0,"max_hp_gain":0.0,"max_hp_loss":0.0,"gold_gain":0.0,"event_name":"Upgrade Shrine","player_choice":"Upgraded","floor":36.0,"gold_loss":0.0,"damage_taken":0.0,"cards_upgraded":["True Grit"]},{"damage_healed":0.0,"max_hp_gain":0.0,"max_hp_loss":0.0,"gold_gain":0.0,"event_name":"Mysterious Sphere","player_choice":"Fight","floor":38.0,"gold_loss":0.0,"damage_taken":0.0}],"is_beta":false,"boss_relics":[{"not_picked":["Velvet Choker","Calling Bell"],"picked":"Coffee Dripper"},{"not_picked":["SlaversCollar","Tiny House"],"picked":"Philosopher\u0027s Stone"}],"items_purged_floors":[5,22,28],"is_endless":false,"potions_floor_spawned":[8,11,12,14,16,18,21,23,25,27,29,33,35,37,38,40,41],"killed_by":"Giant Head","ascension_level":0}}