{"host":"lg1piimdyocafd6j","time":1614427121,"event":{"mods":["AchievementEnabler","BaseMod","Better Third Choice","BetterRewards","Colored Map","Colored Powertips","Downfall","Minty Spire (QoL Compilation)","Quick Restart","Rare Cards Sparkle","Remove Card Discount Mod","Shop Mod","StSLib","SuperFastMode"],"gold_per_floor":[112,187,57,72,83,83,95,95,119,129,129,155,169,169,169,264,264,281,281,294,117,129,160,160,170,249,249,249],"floor_reached":27,"language":"ENG","playtime":1513,"items_purged":["Strike_B","Strike_B","Strike_B","Strike_B","Dualcast","Defend_B","Defend_B","Defend_B"],"score":285,"play_id":"49331771-3af7-4850-9619-e97c07769256","local_time":"20210227125841","is_ascension_mode":false,"campfire_choices":[{"floor":6,"key":"RECALL"},{"data":"Loop","floor":8,"key":"SMITH"},{"data":"Loop","floor":15,"key":"SMITH"},{"data":"Darkness","floor":24,"key":"SMITH"}],"circlet_count":0,"master_deck":["Zap","Loop+1","Darkness+1","Loop+1","Leap","Leap","Leap","Self Repair","Loop","Self Repair","Leap"],"relics":["MerchantsRug","Membership Card","Cables","Lantern","Smiling Mask","Sozu","Torii","Ancient Tea Set","Symbiotic Virus"],"acts_visited":["Exordium","TheCity"],"potions_floor_usage":[],"damage_taken":[{"damage":10.0,"enemies":"Small Slimes","floor":1.0,"turns":5.0},{"damage":0,"enemies":"Jaw Worm","floor":4,"turns":4},{"damage":0,"enemies":"2 Louse","floor":5,"turns":6},{"damage":1,"enemies":"Looter","floor":7,"turns":4},{"damage":8,"enemies":"Exordium Wildlife","floor":10,"turns":5},{"damage":8,"enemies":"3 Sentries","floor":12,"turns":9},{"damage":7,"enemies":"2 Fungi Beasts","floor":13,"turns":4},{"damage":24,"enemies":"Hexaghost","floor":16,"turns":9},{"damage":3,"enemies":"Shell Parasite","floor":18,"turns":5},{"damage":0,"enemies":"Chosen","floor":20,"turns":4},{"damage":15,"enemies":"Snecko","floor":22,"turns":5},{"damage":23,"enemies":"Slavers","floor":23,"turns":7},{"damage":37,"enemies":"Chosen and Byrds","floor":25,"turns":7},{"damage":43,"enemies":"Gremlin Leader","floor":27,"turns":8}],"seed_played":"-8237025276293747335","potions_obtained":[{"floor":10,"key":"Dexterity Potion"},{"floor":12,"key":"Energy Potion"}],"is_trial":false,"path_per_floor":["M","?","$","M","M","R","M","R","T","M","?","E","M","$","R","B",null,"M","?","M","$","M","E","R","M","T","E"],"character_chosen":"DEFECT","items_purchased":["Loop","Darkness","MerchantsRug","Loop","Leap","Membership Card","Cables","Leap","Leap","Lantern","Self Repair","Leap","Torii"],"campfire_rested":0,"item_purchase_floors":[0,0,0,0,0,0,0,0,3,3,3,21,21],"current_hp_per_floor":[65,54,54,61,68,68,74,74,74,73,73,72,72,72,72,55,75,75,61,75,75,74,65,65,42,42,0,0],"gold":249,"neow_bonus":"","is_daily":false,"chose_seed":false,"campfire_upgraded":3,"win_rate":0.0,"timestamp":1614427121,"path_taken":["M","?","?","M","M","R","M","R","T","M","?","E","M","$","R","BOSS","M","?","M","$","M","E","R","M","T","E"],"items_purchased_type":["Card","Card","Relic","Card","Card","Relic","Relic","Card","Card","Relic","Card","Card","Relic"],"build_version":"2020-12-22","purchased_purges":8,"victory":false,"max_hp_per_floor":[75,75,75,75,75,75,75,75,75,75,75,75,75,75,75,75,75,75,80,80,80,80,80,80,80,80,80,80],"card_choices":[{"not_picked":["Stack","Streamline","Tempest"],"picked":"SKIP","floor":1.0},{"not_picked":["Chaos","Tempest","Gash"],"picked":"SKIP","floor":4},{"not_picked":["Heatsinks","Ball Lightning","Beam Cell"],"picked":"SKIP","floor":5},{"not_picked":["Ball Lightning","Chill","Sweeping Beam"],"picked":"SKIP","floor":7},{"not_picked":["Steam","Turbo","Stack"],"picked":"SKIP","floor":10},{"not_picked":["Cold Snap","Static Discharge"],"picked":"Loop","floor":12},{"not_picked":["White Noise","Glacier","Turbo"],"picked":"SKIP","floor":13},{"not_picked":["Rebound+1","Ball Lightning+1"],"picked":"Self Repair","floor":18},{"not_picked":["Steam Power","Heatsinks","Skim"],"picked":"SKIP","floor":20},{"not_picked":["Melter","Rip and Tear+1","Compile Driver"],"picked":"SKIP","floor":22},{"not_picked":["Go for the Eyes","Steam Power","Streamline"],"picked":"SKIP","floor":23},{"not_picked":["Cold Snap","Double Energy","Go for the Eyes"],"picked":"SKIP","floor":25}],"player_experience":244284,"relics_obtained":[{"floor":12,"key":"Smiling Mask"},{"floor":23,"key":"Ancient Tea Set"},{"floor":26,"key":"Symbiotic Virus"}],"event_choices":[{"damage_healed":0.0,"max_hp_gain":0.0,"max_hp_loss":0.0,"gold_gain":75.0,"event_name":"betterThird:BetterGoop","player_choice":"Gold","floor":2.0,"gold_loss":0.0,"damage_taken":11.0},{"damage_healed":0,"gold_gain":0,"player_choice":"Leave","damage_taken":0,"max_hp_gain":0,"max_hp_loss":0,"event_name":"The Cleric","floor":11,"gold_loss":0},{"damage_healed":0,"gold_gain":0,"player_choice":"Shed Blood","damage_taken":19,"max_hp_gain":5,"max_hp_loss":0,"event_name":"Forgotten Altar","floor":19,"gold_loss":0}],"is_beta":false,"boss_relics":[{"not_picked":["Ectoplasm","Tiny House"],"picked":"Sozu"}],"items_purged_floors":[0,0,0,0,0,3,3,21],"is_endless":false,"potions_floor_spawned":[10,12,18,20],"killed_by":"Gremlin Leader","ascension_level":0}}