{"host":"xp5rvh2jwe2ejyfm","time":1614437461,"event":{"mods":["2.2 Compatiblity","Aspiration","Bard","BaseMod","Beaked The Cultist","Better Altar","Better Match","Better Note","Better Sensory Stone","Better Skull","BetterRewards","Colored Powertips","Conspire","Downfall","GifTheSpireLib","Gremlin Mod","GungeonMod","Hermit","Hubris","Jorbs\u0027s Wanderer Trilogy","Mad Scientist","Minty Spire (QoL Compilation)","Potionbrewer","Quick Restart","Replay The Spire","Robot Space Explorer","Shade Mod","Somnambulant","StSLib","The Bug Knight","The Clintock","The Construct","The Cursed","The Disciple","The Forsaken","The Hierophant","The Marked","The Mystic","The Necromancer","The Runesmith","The Servant 0.9.4","The Valiant","The Witch","TheFirefly","TheVacant","thorton"],"gold_per_floor":[117,29,39,54,54,54,65,65,91,121,135,166,166,73,73,169,169,184,184,99,117,147,175,175,175,175,208,208,5,20,20,20,122,122,136,136,150,165,165,165],"floor_reached":39,"language":"ENG","playtime":1578,"items_purged":[],"score":417,"play_id":"5e725fe7-a68d-444a-aa99-5b804b7c9831","local_time":"20210227095101","is_ascension_mode":false,"campfire_choices":[{"floor":6,"key":"RECALL"},{"floor":13,"key":"REST"},{"data":"Bone_Armory","floor":15,"key":"SMITH"},{"floor":25,"key":"REST"},{"data":"Summon_Undead_Army","floor":28,"key":"SMITH"},{"data":"Summon_Vampire_Lady","floor":28,"key":"SMITH"},{"floor":32,"key":"REST"}],"circlet_count":0,"master_deck":["Strike_W","Strike_W","Strike_W+1","Defend_W","Defend_W+1","Defend_W","Negative_Energy_Arrows","Bone_Wall+1","Bone_Prison","Bone_Armory+1","Bone_Armor+1","Skeleton_Dragon","Thousand_Bone_Knives","Summon_Undead","Grasp_Heart","Life_Drain+1","Summon_Undead_Army+1","Exploit","Bones_to_Steel","Summon_Vampire_Lady+1","Strike_from_Beyond+1","Bone_Bullets+1","Spectral_Armor+1","Pandemic","Summon_Undead+1","Finger_Of_Death+1","Negative_Energy_Mist","Death_Coil+1","Finger_Of_Death","Negative_Energy_Shield","Summon_Vampire_Lady","Plague_Bolt+1","Bone_Bullets+1"],"relics":["Vampire_Amulet","Orichalcum","War Paint","Regal Pillow","DemoMod:MeltedRock","Astrolabe","conspire:Boomerang","Replay:Arrowhead","DemoMod:WhiteGuonStone","WingedGreaves","Oddly Smooth Stone","PreservedInsect"],"acts_visited":["Exordium","TheCity","TheBeyond"],"potions_floor_usage":[10,10,11,12,23,33,33,38,38,38,39],"damage_taken":[{"damage":0,"enemies":"Small Slimes","floor":1,"turns":4},{"damage":6,"enemies":"2 Louse","floor":3,"turns":4},{"damage":8,"enemies":"Jaw Worm","floor":4,"turns":6},{"damage":15,"enemies":"Red Slaver","floor":7,"turns":5},{"damage":12,"enemies":"3 Sentries","floor":10,"turns":6},{"damage":3,"enemies":"Large Slime","floor":11,"turns":6},{"damage":26,"enemies":"conspire:MimicChest","floor":12,"turns":10},{"damage":29,"enemies":"Slime Boss","floor":16,"turns":7},{"damage":30,"enemies":"Spheric Guardian","floor":18,"turns":8},{"damage":4,"enemies":"Chosen","floor":21,"turns":6},{"damage":54,"enemies":"Slavers","floor":23,"turns":4},{"damage":39,"enemies":"Gremlin Leader","floor":27,"turns":9},{"damage":22,"enemies":"Snake Plant","floor":30,"turns":4},{"damage":50,"enemies":"hubris:MusketHawk","floor":33,"turns":9},{"damage":52,"enemies":"3 Shapes","floor":35,"turns":5},{"damage":12,"enemies":"Orb Walker","floor":37,"turns":5},{"damage":24,"enemies":"Sphere and 2 Shapes","floor":38,"turns":5},{"damage":24,"enemies":"Jaw Worm Horde","floor":39,"turns":2}],"seed_played":"-4461206986627027297","potions_obtained":[{"floor":1,"key":"potionbrewer:SplittingPotion"},{"floor":3,"key":"Strength Potion"},{"floor":4,"key":"potionbrewer:NoxiousPotion"},{"floor":16,"key":"champ:CounterPotion"},{"floor":21,"key":"potionbrewer:AcidPotion"},{"floor":37,"key":"ColorlessPotion"},{"floor":38,"key":"sneckomod:MuddlingPotion"}],"is_trial":false,"path_per_floor":["M","$","M","M","?","R","M","?","T","E","M","?","R","$","R","B",null,"M","?","?","M","?","E","T","R","T","E","R","$","M","$","R","B",null,"M","?","M","M","M"],"character_chosen":"NECROMANCER","items_purchased":["Bone_Armory","Bone_Armor","Exploit","Bones_to_Steel","PreservedInsect","Finger_Of_Death"],"campfire_rested":3,"item_purchase_floors":[2,2,14,14,29,29],"current_hp_per_floor":[68,68,66,60,46,46,33,26,26,20,33,19,54,54,54,46,68,61,61,61,68,68,35,35,68,68,68,68,68,48,48,68,38,68,25,25,24,15,0,0],"gold":165,"neow_bonus":"THREE_RARE_CARDS","is_daily":false,"chose_seed":false,"campfire_upgraded":3,"win_rate":0.0,"timestamp":1614437461,"path_taken":["M","$","M","M","?","R","M","?","T","E","M","?","R","$","R","BOSS","M","?","?","M","?","E","?","R","T","E","R","$","M","$","R","BOSS","M","?","M","M","M"],"items_purchased_type":["Card","Card","Card","Card","Relic","Card"],"build_version":"2020-12-22","purchased_purges":0,"victory":false,"max_hp_per_floor":[68,68,68,68,68,68,68,68,68,68,68,68,68,68,68,68,68,68,68,68,68,68,68,68,68,68,68,68,68,68,68,68,68,68,68,68,68,68,68,68],"card_choices":[{"not_picked":["Hellfire","Blood_Magic"],"picked":"Skeleton_Dragon","floor":0},{"not_picked":["Shackles_Of_Pain","Exploit"],"picked":"Bone_Prison","floor":1},{"not_picked":["Death_Coil","Bones_to_Steel"],"picked":"Skeleton_Dragon","floor":3},{"not_picked":["Shackles_Of_Pain","Blood_Curse"],"picked":"Thousand_Bone_Knives","floor":4},{"not_picked":["Bone_Armory","Summon_Undead_Army"],"picked":"Summon_Undead","floor":7},{"not_picked":["Negative_Energy_Shield","Acid_Javelin"],"picked":"Grasp_Heart","floor":10},{"not_picked":["Death_March_Dance","Acid_Javelin"],"picked":"Life_Drain","floor":11},{"not_picked":["Summon_Lich","Death_March_Dance"],"picked":"Summon_Undead_Army","floor":12},{"not_picked":["Cloudkill","Reap_The_Weak"],"picked":"Summon_Vampire_Lady","floor":16},{"not_picked":["Bone_Prison","Blood_Is_Power"],"picked":"Pandemic","floor":18},{"not_picked":["Negative_Energy_Javelin+1","Death_March_Dance"],"picked":"Summon_Undead+1","floor":21},{"not_picked":["Negative_Energy_Burst","Blood_Shield"],"picked":"Finger_Of_Death+1","floor":22},{"not_picked":["Acid_Javelin","Finger_Of_Death"],"picked":"Negative_Energy_Mist","floor":23},{"not_picked":["Blood_Is_Power","Negative_Energy_Mist+1"],"picked":"Death_Coil+1","floor":27},{"not_picked":["Shackles_Of_Pain","Death_Coil"],"picked":"Negative_Energy_Shield","floor":30},{"not_picked":["Reap_The_Weak","Cloudkill"],"picked":"Summon_Vampire_Lady","floor":33},{"not_picked":["Vampiric_Strike","Negative_Energy_Shield+1","Toxic_Smoke_Screen"],"picked":"SKIP","floor":35},{"not_picked":["Blood_for_Blood+1","Spectral_Walk+1"],"picked":"Plague_Bolt+1","floor":37},{"not_picked":["Blood_for_Blood+1","Blood_Whip+1"],"picked":"Bone_Bullets+1","floor":38}],"player_experience":585059,"relics_obtained":[{"floor":9,"key":"War Paint"},{"floor":10,"key":"Regal Pillow"},{"floor":12,"key":"DemoMod:MeltedRock"},{"floor":22,"key":"Replay:Arrowhead"},{"floor":23,"key":"DemoMod:WhiteGuonStone"},{"floor":26,"key":"WingedGreaves"},{"floor":27,"key":"Oddly Smooth Stone"}],"event_choices":[{"damage_healed":0,"gold_gain":0,"player_choice":"Entered Light","damage_taken":14,"max_hp_gain":0,"max_hp_loss":0,"event_name":"Shining Light","floor":5,"gold_loss":0,"cards_upgraded":["Strike_W","Bone_Wall"]},{"damage_healed":0,"gold_gain":0,"player_choice":"Success","damage_taken":7,"relics_obtained":["Orichalcum"],"max_hp_gain":0,"max_hp_loss":0,"event_name":"Scrap Ooze","floor":8,"gold_loss":0},{"damage_healed":0,"gold_gain":0,"player_choice":"Ignored","damage_taken":0,"max_hp_gain":0,"max_hp_loss":0,"event_name":"betterNote:BetterNote","floor":19,"gold_loss":0,"cards_obtained":["Death_March_Dance"]},{"damage_healed":0,"gold_gain":0,"player_choice":"Obtained Relic","damage_taken":0,"relics_obtained":["conspire:Boomerang"],"max_hp_gain":0,"max_hp_loss":0,"event_name":"Addict","floor":20,"gold_loss":85}],"is_beta":false,"boss_relics":[{"not_picked":["hubris:BlackHole","Runic Dome"],"picked":"Astrolabe"},{"not_picked":["Honey Jar","Runesmith:UraniumAnvil","bronze:MakeshiftBattery"]}],"items_purged_floors":[],"is_endless":false,"potions_floor_spawned":[1,3,4,16,21,23,37,38],"killed_by":"Jaw Worm Horde","ascension_level":0}}