{"host":"6jrnojxwearbrjzo","time":1614439846,"event":{"mods":["BaseMod","Conspire","Minty Spire (QoL Compilation)","MostiFishMod","Quick Restart","Random Character Button","Remilia（蕾米莉亚）","Shop Mod","Spicy Shops","StSLib","SuperFastMode","Td1madao Mod","TestMod","The Servant 0.9.4","Yuyuko","[功能]功能增强和修复MOD","篝火指南"],"gold_per_floor":[110,143,17,35,18,18,31,59,84,84,84,109,120,145,145,249,249,264,4,4,4,4,31,11,44,44,44,70,70,95,115,115,211,211,229,2,2,402,425,440,440,473,473,488,523,65,65,21,21,21],"floor_reached":51,"language":"ZHS","playtime":1972,"items_purged":["Strike_B","Defend_B","Defend_B","Pride","Shame","Defend_B","Strike_B","Strike_B","Ball Lightning","Dualcast"],"score":1797,"play_id":"87e1b71f-803f-417f-ba4c-7d9d98e1241a","local_time":"20210227233046","is_ascension_mode":true,"campfire_choices":[{"data":"Zap","floor":6,"key":"SMITH"},{"floor":11,"key":"REST"},{"data":"MostiFishMod:Impulse","floor":15,"key":"SMITH"},{"data":"MostiFishMod:GatherIntelligence","floor":27,"key":"SMITH"},{"data":"MostiFishMod:LinkProtocol","floor":29,"key":"SMITH"},{"data":"Blizzard","floor":32,"key":"SMITH"},{"floor":41,"key":"REST"},{"data":"Fission","floor":47,"key":"SMITH"},{"data":"Defragment","floor":49,"key":"SMITH"}],"circlet_count":0,"master_deck":["AscendersBane","Zap+1","Cold Snap","Conserve Battery","MostiFishMod:Impulse+1","MostiFishMod:GatherIntelligence+1","MostiFishMod:InterfaceCompatibility","Seek","Defragment+1","FTL","Blizzard+1","MostiFishMod:LinkProtocol+1","Fission+1"],"relics":["FrozenCore","testmod-TestBox","testmod-CardMagician","Dodecahedron","Art of War","SynthV:TestCard","White Beast Statue","testmod-OneHitWonder","Nunchaku","testmod-CyclicPeriapt","Anchor","Tiny Chest","testmod-LifeArmor","SynthV","Shuriken","testmod-RandomTest","conspire:IceCreamScoop","Strawberry","testmod-AssaultLearning","Oddly Smooth Stone","Blood Vial","Cables","PatriotShield","Bag of Preparation","testmod-RainbowHikingShoes","CeramicFish","conspire:TopHat","Lantern","Juzu Bracelet","BirthdayGift-Icosahedron","PreservedInsect","MealTicket"],"acts_visited":["Exordium","TheCity","TheBeyond"],"potions_floor_usage":[2,7,8,8,12,13,14,16,16,16,25,25,25,31,31,33],"damage_taken":[{"damage":0,"enemies":"Cultist","floor":1,"turns":3},{"damage":9,"enemies":"conspire:MimicChest","floor":2,"turns":4},{"damage":16,"enemies":"Jaw Worm","floor":4,"turns":4},{"damage":8,"enemies":"2 Louse","floor":7,"turns":2},{"damage":6,"enemies":"3 Sentries","floor":8,"turns":6},{"damage":12,"enemies":"Gremlin Nob","floor":12,"turns":3},{"damage":5,"enemies":"Exordium Thugs","floor":13,"turns":5},{"damage":3,"enemies":"Lagavulin","floor":14,"turns":4},{"damage":0,"enemies":"Hexaghost","floor":16,"turns":4},{"damage":0,"enemies":"Chosen","floor":18,"turns":3},{"damage":14,"enemies":"conspire:SneckoGhost","floor":25,"turns":4},{"damage":0,"enemies":"Gremlin Leader","floor":28,"turns":3},{"damage":0,"enemies":"conspire:SneckoGhost","floor":30,"turns":3},{"damage":0,"enemies":"3 Byrds","floor":31,"turns":2},{"damage":0,"enemies":"conspire:MysteriousRune","floor":33,"turns":4},{"damage":5,"enemies":"3 Darklings","floor":35,"turns":4},{"damage":0,"enemies":"3 Shapes","floor":40,"turns":1},{"damage":0,"enemies":"Nemesis","floor":42,"turns":3},{"damage":0,"enemies":"Writhing Mass","floor":44,"turns":1},{"damage":0,"enemies":"Reptomancer","floor":45,"turns":1},{"damage":0,"enemies":"Donu and Deca","floor":50,"turns":1}],"seed_played":"-8068644283027322121","potions_obtained":[{"floor":1,"key":"Swift Potion"},{"floor":1,"key":"Weak Potion"},{"floor":4,"key":"DistilledChaos"},{"floor":4,"key":"FearPotion"},{"floor":7,"key":"testmod-SpacePotion"},{"floor":7,"key":"SkillPotion"},{"floor":8,"key":"BlessingOfTheForge"},{"floor":8,"key":"Energy Potion"},{"floor":12,"key":"DistilledChaos"},{"floor":13,"key":"ColorlessPotion"},{"floor":14,"key":"SkillPotion"},{"floor":16,"key":"Fruit Juice"},{"floor":18,"key":"FearPotion"},{"floor":18,"key":"Explosive Potion"},{"floor":25,"key":"FearPotion"},{"floor":25,"key":"Strength Potion"},{"floor":25,"key":"PowerPotion"},{"floor":28,"key":"Swift Potion"},{"floor":31,"key":"Energy Potion"},{"floor":33,"key":"Explosive Potion"},{"floor":35,"key":"Strength Potion"},{"floor":42,"key":"EntropicBrew"},{"floor":42,"key":"DuplicationPotion"},{"floor":44,"key":"testmod-TimePotion"}],"is_trial":false,"path_per_floor":["M","?","$","M","$","R","M","E","T","?","R","E","M","E","R","B",null,"M","$","?","?","?","T","$","E","T","R","E","R","E","M","R","B",null,"M","$","?","?","T","M","R","E","T","M","E","$","R","$","R","B",null],"character_chosen":"DEFECT","items_purchased":["testmod-OneHitWonder","Nunchaku","Conserve Battery","SynthV","Shuriken","testmod-RandomTest","Bag of Preparation","testmod-RainbowHikingShoes","BirthdayGift-Icosahedron","PreservedInsect","MealTicket"],"campfire_rested":2,"item_purchase_floors":[3,3,5,19,19,19,36,36,46,46,48],"current_hp_per_floor":[68,59,59,43,43,43,35,29,29,29,51,39,34,32,32,37,69,69,69,69,69,80,87,87,73,73,73,73,73,75,77,77,79,85,82,82,82,82,82,84,87,87,87,87,87,87,87,87,87,87],"gold":21,"neow_bonus":"RANDOM_COMMON_RELIC","is_daily":false,"chose_seed":false,"campfire_upgraded":7,"win_rate":0.0,"timestamp":1614439846,"path_taken":["M","?","$","?","$","R","?","E","T","?","R","E","M","E","R","BOSS","M","$","?","?","?","?","?","E","T","R","E","R","E","M","R","BOSS","M","$","?","?","?","M","R","E","T","M","E","$","R","$","R","BOSS"],"items_purchased_type":["Relic","Relic","Card","Relic","Relic","Relic","Relic","Relic","Relic","Relic","Relic"],"build_version":"2020-12-22","purchased_purges":10,"victory":true,"max_hp_per_floor":[75,75,75,75,75,75,75,75,75,75,75,75,75,75,75,80,80,80,80,80,80,80,87,87,87,87,87,87,87,87,87,87,87,87,87,87,87,87,87,87,87,87,87,87,87,87,87,87,87,87],"card_choices":[{"not_picked":["Heatsinks","Steam Power","Redo"],"picked":"SKIP","floor":1},{"not_picked":["Barrage","Auto Shields","Gash","Static Discharge"],"picked":"Cold Snap","floor":4},{"not_picked":["Conserve Battery","Beam Cell","Leap","Aggregate"],"picked":"Ball Lightning","floor":7},{"not_picked":["Conserve Battery","Steam","MostiFishMod:InterfaceCompatibility","Heatsinks"],"picked":"MostiFishMod:Impulse","floor":8},{"not_picked":["MostiFishMod:IceShield","MostiFishMod:FluxCapactior","conspire:Rain","Barrage","Rebound"],"picked":"SKIP","floor":12},{"not_picked":["Leap","Barrage","Turbo","Loop","Streamline"],"picked":"SKIP","floor":13},{"not_picked":["Leap","MostiFishMod:PushDownKick","Sweeping Beam","Ball Lightning"],"picked":"MostiFishMod:InterfaceCompatibility","floor":14},{"not_picked":["MostiFishMod:SeaWaves","MostiFishMod:InterfaceCompatibility","MostiFishMod:Distribution","MostiFishMod:Hijack"],"picked":"Seek","floor":16},{"not_picked":["Capacitor","Hologram+1","BootSequence","MostiFishMod:Impulse"],"picked":"Defragment","floor":18},{"not_picked":["Stack","Auto Shields","Blizzard","MostiFishMod:IceShield","Self Repair+1"],"picked":"SKIP","floor":25},{"not_picked":["MostiFishMod:PushDownKick","Leap","Ball Lightning+1","MostiFishMod:Impulse"],"picked":"MostiFishMod:LinkProtocol","floor":28},{"not_picked":["Capacitor","Storm+1","Streamline","Stack","Reprogram"],"picked":"SKIP","floor":30},{"not_picked":["Reprogram","Redo","Steam","Leap","Core Surge"],"picked":"SKIP","floor":31},{"not_picked":["MostiFishMod:Culaccino","MostiFishMod:Distribution","MostiFishMod:InterfaceCompatibility","MostiFishMod:TalkingToTheRain"],"picked":"Fission","floor":33},{"not_picked":["Steam","Go for the Eyes","Coolheaded","MostiFishMod:PushDownKick","Turbo"],"picked":"SKIP","floor":35},{"not_picked":["Stack+1","Hello World+1","Reinforced Body","Beam Cell+1","Darkness"],"picked":"SKIP","floor":40},{"not_picked":["Darkness+1","Redo+1","Barrage+1","MostiFishMod:ReprogramOld+1","MostiFishMod:IntelligentEquipment"],"picked":"SKIP","floor":42},{"not_picked":["Leap","Turbo","MostiFishMod:PushDownKick+1","Streamline","Chaos+1"],"picked":"SKIP","floor":44},{"not_picked":["Stack","MostiFishMod:IntelligentEquipment","Beam Cell+1","Self Repair+1","Redo"],"picked":"SKIP","floor":45}],"player_experience":158796,"relics_obtained":[{"floor":1,"key":"SynthV:TestCard"},{"floor":2,"key":"White Beast Statue"},{"floor":8,"key":"testmod-CyclicPeriapt"},{"floor":9,"key":"Anchor"},{"floor":12,"key":"Tiny Chest"},{"floor":14,"key":"testmod-LifeArmor"},{"floor":23,"key":"Strawberry"},{"floor":25,"key":"testmod-AssaultLearning"},{"floor":26,"key":"Oddly Smooth Stone"},{"floor":28,"key":"Blood Vial"},{"floor":30,"key":"Cables"},{"floor":39,"key":"CeramicFish"},{"floor":42,"key":"conspire:TopHat"},{"floor":43,"key":"Lantern"},{"floor":45,"key":"Juzu Bracelet"}],"event_choices":[{"damage_healed":0,"gold_gain":0,"player_choice":"1 cards matched","damage_taken":0,"max_hp_gain":0,"max_hp_loss":0,"event_name":"Match and Keep!","floor":10,"gold_loss":0,"cards_obtained":["MostiFishMod:GatherIntelligence"]},{"damage_healed":0,"gold_gain":0,"player_choice":"Stole Relic","damage_taken":0,"relics_obtained":["conspire:IceCreamScoop"],"max_hp_gain":0,"max_hp_loss":0,"event_name":"Addict","floor":20,"gold_loss":0,"cards_obtained":["Shame"]},{"damage_healed":0,"gold_gain":0,"cards_transformed":["Strike_B","Defend_B"],"player_choice":"Became Test Subject","damage_taken":0,"max_hp_gain":0,"max_hp_loss":0,"event_name":"Drug Dealer","floor":21,"gold_loss":0,"cards_obtained":["FTL","Blizzard"]},{"damage_healed":11,"gold_gain":0,"player_choice":"Full Heal","damage_taken":0,"max_hp_gain":0,"max_hp_loss":0,"event_name":"Wheel of Change","floor":22,"gold_loss":0},{"damage_healed":0,"gold_gain":0,"player_choice":"Ignored","damage_taken":0,"max_hp_gain":0,"max_hp_loss":0,"event_name":"给自己的盒子","floor":37,"gold_loss":0},{"damage_healed":0,"gold_gain":400,"player_choice":"Sell","damage_taken":0,"max_hp_gain":0,"max_hp_loss":0,"event_name":"恩洛斯的盘子","floor":38,"relics_lost":["DaveBox"],"gold_loss":0}],"is_beta":false,"boss_relics":[{"not_picked":["testmod-Recursion","conspire:SlowCooker"],"picked":"FrozenCore"},{"not_picked":["Runic Dome","testmod-KeyOfTheVoid"],"picked":"PatriotShield"}],"items_purged_floors":[3,3,5,19,24,24,24,24,46,48],"is_endless":false,"potions_floor_spawned":[1,1,4,4,7,7,8,8,8,12,13,14,16,16,18,18,25,25,25,28,30,30,30,31,33,35,40,42,42,42,42,44,44,45,45],"ascension_level":10}}