{"host":"vhu12qr9yy4p5pn7","time":1614439965,"event":{"mods":["BaseMod","Challenge The Spire","Downfall","Minty Spire (QoL Compilation)","Permanent Neow","Quick Restart","Reliquary","Spicy Shops","StSLib","óô»ðÖ¸ÄÏ"],"gold_per_floor":[11700,11711,11144,11144,10431,9749,9761,9796,9796,9822,9839,9870,9315,9325,8998,9101,9101,9115,8652,8652,8317,8328,7979,7979,7800,7847,7873,7888,7898,7927,7941,7457,7552,7552,7571,7583,7039,7093,7108,7134,7061,7073,7142,7154,7174,7054,7073,7090,7090,7186,7186,7186],"floor_reached":51,"language":"ZHS","playtime":7337,"items_purged":["Defend_P","Defend_P","Strike_P","Strike_P","Defend_P","Strike_P","Strike_P","FlurryOfBlows","FlurryOfBlows","Secret Technique+1"],"score":1682,"play_id":"bf4bbe2b-4c7e-41dd-ba70-0a1b2d473b82","local_time":"20210227233245","daily_mods":["Specialized","Heirloom"],"is_ascension_mode":true,"campfire_choices":[],"circlet_count":0,"master_deck":["Eruption+1","Vigilance+1","FlurryOfBlows+1","FlurryOfBlows+1","FlurryOfBlows+1","Apotheosis+1","Impatience+1","Prostrate+1","Finesse+1","FearNoEvil+1","Pray+1","ClearTheMind+1","hexamod:SixthSeal","Vault+1","Necronomicurse","Tantrum+1","Scrawl+1","Meditate+1"],"relics":["HolyWater","Ginger","Membership Card","Toxic Egg 2","Blood Vial","Guardian:BottledAnomaly","Strawberry","HandDrill","Anchor","Question Card","Happy Flower","reliquary:PrincelyHelmet","Meat on the Bone","Sling","reliquary:Bookmark","reliquary:IvoryTrinket","Letter Opener","reliquary:ExpiredCoupon","reliquary:Knoch","Chemical X","Ice Cream","OrangePellets","ClockworkSouvenir","Medical Kit","Orichalcum","Pen Nib","reliquary:RedCape","Pear","Guardian:PocketSentry","Bronze Scales","Blue Candle","Smiling Mask","bronze:DonusWashers","Damaru","Necronomicon","Bottled Lightning","Centennial Puzzle","Omamori","Regal Pillow","Mango","Frozen Eye","reliquary:TatteredRug","Lee\u0027s Waffle","reliquary:BoilingFlask","reliquary:CitrusReamer","reliquary:QuartzCube","Nunchaku","TungstenRod","reliquary:BrokenClock","CloakClasp","Darkstone Periapt","Vajra","Eternal Feather","Frozen Egg 2","Runic Pyramid"],"acts_visited":["Exordium","TheCity","TheBeyond","Exordium"],"potions_floor_usage":[42],"damage_taken":[{"damage":10.0,"enemies":"2 Louse","floor":1.0,"turns":2.0},{"damage":0.0,"enemies":"Small Slimes","floor":2.0,"turns":1.0},{"damage":0.0,"enemies":"Jaw Worm","floor":7.0,"turns":2.0},{"damage":0.0,"enemies":"3 Sentries","floor":8.0,"turns":2.0},{"damage":0.0,"enemies":"Lagavulin","floor":10.0,"turns":2.0},{"damage":0.0,"enemies":"Blue Slaver","floor":11.0,"turns":2.0},{"damage":0.0,"enemies":"3 Sentries","floor":12.0,"turns":2.0},{"damage":0.0,"enemies":"Looter","floor":14.0,"turns":1.0},{"damage":3.0,"enemies":"The Guardian","floor":16.0,"turns":2.0},{"damage":3.0,"enemies":"2 Thieves","floor":18.0,"turns":3.0},{"damage":0.0,"enemies":"3 Byrds","floor":22.0,"turns":1.0},{"damage":6.0,"enemies":"Slavers","floor":27.0,"turns":2.0},{"damage":2.0,"enemies":"Centurion and Healer","floor":28.0,"turns":2.0},{"damage":0.0,"enemies":"Snecko","floor":29.0,"turns":3.0},{"damage":0.0,"enemies":"Book of Stabbing","floor":30.0,"turns":3.0},{"damage":0.0,"enemies":"3 Cultists","floor":31.0,"turns":3.0},{"damage":20.0,"enemies":"Champ","floor":33.0,"turns":4.0},{"damage":46.0,"enemies":"3 Shapes","floor":35.0,"turns":2.0},{"damage":0,"enemies":"3 Darklings","floor":36,"turns":3},{"damage":0,"enemies":"2 Orb Walkers","floor":38,"turns":2},{"damage":0,"enemies":"Writhing Mass","floor":39,"turns":2},{"damage":0,"enemies":"Reptomancer","floor":40,"turns":2},{"damage":48,"enemies":"Transient","floor":42,"turns":4},{"damage":0,"enemies":"Jaw Worm Horde","floor":44,"turns":3},{"damage":0,"enemies":"Spire Growth","floor":45,"turns":2},{"damage":0,"enemies":"Sphere and 2 Shapes","floor":47,"turns":3},{"damage":0,"enemies":"Writhing Mass","floor":48,"turns":2},{"damage":16,"enemies":"Donu and Deca","floor":50,"turns":4}],"seed_played":"5963706556490719051","potions_obtained":[{"floor":7.0,"key":"Ancient Potion"},{"floor":10.0,"key":"Strength Potion"},{"floor":12.0,"key":"GamblersBrew"},{"floor":18.0,"key":"Weak Potion"},{"floor":22.0,"key":"champ:CounterPotion"},{"floor":42,"key":"Guardian:BlockOnCardUsePotion"},{"floor":44,"key":"DistilledChaos"}],"is_trial":true,"path_per_floor":["M","M","$","?","$","R","M","E","T","E","M","E","R","M","R","B",null,"M","$","?","$","M","R","?","R","T","E","M","M","E","M","R","B",null,"M","M","$","?","M","E","R","M","T","M","M","R","M","M","R","B",null],"character_chosen":"WATCHER","items_purchased":["Membership Card","Toxic Egg 2","Blood Vial","Apotheosis+1","PowerPotion","Fire Potion","Impatience+1","Prostrate+1","Guardian:BottledAnomaly","Strawberry","HandDrill","Anchor","Question Card","Happy Flower","Finesse+1","reliquary:PrincelyHelmet","Meat on the Bone","Sling","reliquary:Bookmark","reliquary:IvoryTrinket","FearNoEvil","Chemical X","Ice Cream","OrangePellets","Pray+1","ClockworkSouvenir","Medical Kit","Orichalcum","Pen Nib","ClearTheMind+1","Pear","Guardian:PocketSentry","Secret Technique+1","Bronze Scales","Blue Candle","Vault+1","Smiling Mask","bronze:DonusWashers","Damaru","Bottled Lightning","Mango","Frozen Eye","reliquary:TatteredRug","Lee\u0027s Waffle","reliquary:BoilingFlask","Scrawl+1","reliquary:CitrusReamer","reliquary:QuartzCube","Nunchaku","TungstenRod","reliquary:BrokenClock","Vajra","Frozen Egg 2"],"campfire_rested":0,"item_purchase_floors":[3,3,3,3,3,3,3,5,5,5,5,5,5,5,5,6,6,6,6,6,6,13,13,13,13,15,15,15,15,15,19,19,19,21,21,23,23,23,23,25,32,32,32,32,32,37,37,37,37,37,37,41,46],"current_hp_per_floor":[55,55,55,48,55,55,57,59,59,61,63,65,65,67,67,66,76,75,85,85,85,87,87,71,71,71,67,67,69,71,73,110,90,105,61,63,63,65,67,71,71,37,37,51,65,74,76,78,87,73,102,102],"gold":7186,"neow_bonus":"","is_daily":false,"chose_seed":false,"campfire_upgraded":0,"win_rate":0.0,"timestamp":1614439965,"path_taken":["M","M","$","?","$","R","M","E","T","E","M","E","R","M","R","BOSS","M","$","?","$","M","R","?","R","T","E","M","M","E","M","R","BOSS","M","M","$","?","M","E","R","M","T","M","M","R","M","M","R","BOSS"],"items_purchased_type":["Relic","Relic","Relic","Card","Potion","Potion","Card","Card","Relic","Relic","Relic","Relic","Relic","Relic","Card","Relic","Relic","Relic","Relic","Relic","Card","Relic","Relic","Relic","Card","Relic","Relic","Relic","Relic","Card","Relic","Relic","Card","Relic","Relic","Card","Relic","Relic","Relic","Relic","Relic","Relic","Relic","Relic","Relic","Card","Relic","Relic","Relic","Relic","Relic","Relic","Relic"],"build_version":"2020-11-29","purchased_purges":10,"victory":false,"max_hp_per_floor":[72,72,72,72,79,79,79,79,79,79,79,79,79,79,79,79,79,79,89,89,89,89,89,89,89,89,89,89,89,89,89,110,110,110,110,110,110,110,110,112,112,112,112,112,112,112,112,112,112,112,112,112],"card_choices":[{"not_picked":["Consecrate","hexamod:ThermalTransfer","hexamod:HeatShield"],"picked":"SKIP","floor":1.0},{"not_picked":["hexamod:SpectralAdrenaline","hexamod:FastForward","hexamod:ThirdSeal"],"picked":"SKIP","floor":2.0},{"not_picked":["Conclude","Crescendo+1","Evaluate+1","LikeWater"],"picked":"SKIP","floor":7.0},{"not_picked":["hexamod:HeatShield+1","hexamod:GhostOfSpireFuture","FollowUp","hexamod:ChargedBarrage+1"],"picked":"SKIP","floor":8.0},{"not_picked":["Conclude","ThirdEye+1","hexamod:InspiringFlames+1","hexamod:NightmareGuise+1"],"picked":"SKIP","floor":10.0},{"not_picked":["hexamod:SuperheatedStrike","SashWhip","Adaptation","ThirdEye+1"],"picked":"SKIP","floor":11.0},{"not_picked":["SpiritShield+1","InnerPeace+1","WheelKick","hexamod:Hexaguard+1"],"picked":"SKIP","floor":12.0},{"not_picked":["hexamod:StepThrough","hexamod:HeatShield+1","Protect+1","ThirdEye+1"],"picked":"SKIP","floor":14.0},{"not_picked":["hexamod:ApocalypticArmor","hexamod:TurnItUp+1","Devotion"],"picked":"hexamod:SixthSeal","floor":16.0},{"not_picked":["hexamod:Firestarter","hexamod:FlamesFromBeyond+1","hexamod:NightmareGuise+1","TalkToTheHand"],"picked":"SKIP","floor":18.0},{"not_picked":["hexamod:Firestarter","hexamod:FlamesFromBeyond+1","hexamod:NightmareGuise+1","TalkToTheHand"],"picked":"SKIP","floor":18.0},{"not_picked":["hexamod:SpectersWail","hexamod:Again+1","Pray+1","hexamod:NightmareStrike"],"picked":"SKIP","floor":22.0},{"not_picked":["hexamod:ChargedBarrage+1","hexamod:FlamesFromBeyond+1","DevaForm","ClearTheMind+1"],"picked":"SKIP","floor":27.0},{"not_picked":["Consecrate","FlyingSleeves","Evaluate+1","MentalFortress"],"picked":"SKIP","floor":28.0},{"not_picked":["hexamod:GhostOfSpireFuture","EmptyBody+1","ForeignInfluence+1"],"picked":"Tantrum","floor":29.0},{"not_picked":["hexamod:PhantomFireball","Evaluate+1","hexamod:NecessarySacrifice+1","hexamod:SpectersWail"],"picked":"SKIP","floor":30.0},{"not_picked":["hexamod:SwordOfDarkness","hexamod:SuperheatedStrike+1","PathToVictory+1","hexamod:CatchUp+1"],"picked":"SKIP","floor":31.0},{"not_picked":["hexamod:AdvancingGuard+1","hexamod:SpectersWail","hexamod:GhostLash+1","hexamod:SpectralSpark+1"],"picked":"SKIP","floor":35},{"not_picked":["hexamod:ThermalTransfer+1","ClearTheMind+1","hexamod:GhostflameBarrier+1","CrushJoints+1"],"picked":"SKIP","floor":36},{"not_picked":["ThirdEye+1","hexamod:Rewind+1","hexamod:FlamesFromBeyond+1","hexamod:InspiringFlames+1"],"picked":"SKIP","floor":39},{"not_picked":["Conclude","EmptyBody+1","hexamod:GiftsFromTheDead","FlurryOfBlows"],"picked":"SKIP","floor":40},{"not_picked":["hexamod:SuperheatedStrike+1","hexamod:GhostLash","ClearTheMind+1","hexamod:Firestarter+1"],"picked":"SKIP","floor":42},{"not_picked":["Study+1","SashWhip+1","Indignation+1","EmptyBody+1"],"picked":"SKIP","floor":44},{"not_picked":["hexamod:ShieldOfDarkness+1","hexamod:SuperheatedStrike","CutThroughFate","Halt+1"],"picked":"SKIP","floor":45},{"not_picked":["hexamod:FlamesFromBeyond+1","hexamod:Rewind+1","Consecrate"],"picked":"Meditate+1","floor":47},{"not_picked":["hexamod:FirstSeal","Worship+1","CarveReality","FollowUp"],"picked":"SKIP","floor":48}],"player_experience":123039,"relics_obtained":[{"floor":9.0,"key":"Letter Opener"},{"floor":10.0,"key":"reliquary:ExpiredCoupon"},{"floor":12.0,"key":"reliquary:Knoch"},{"floor":24.0,"key":"Necronomicon"},{"floor":26.0,"key":"Centennial Puzzle"},{"floor":27.0,"key":"Omamori"},{"floor":30.0,"key":"Regal Pillow"},{"floor":38,"key":"CloakClasp"},{"floor":40,"key":"Darkstone Periapt"},{"floor":43,"key":"Eternal Feather"}],"event_choices":[{"cards_removed":["Defend_P"],"damage_healed":0.0,"max_hp_gain":0.0,"max_hp_loss":0.0,"gold_gain":0.0,"event_name":"Golden Wing","player_choice":"Card Removal","floor":4.0,"gold_loss":0.0,"damage_taken":7.0},{"damage_healed":0.0,"max_hp_gain":0.0,"max_hp_loss":0.0,"gold_gain":0.0,"event_name":"Ghosts","player_choice":"Ignored","floor":20.0,"gold_loss":0.0,"damage_taken":0.0},{"damage_healed":0.0,"max_hp_gain":0.0,"max_hp_loss":0.0,"gold_gain":0.0,"event_name":"Cursed Tome","player_choice":"Obtained Book","floor":24.0,"gold_loss":0.0,"damage_taken":16.0},{"damage_healed":0,"gold_gain":0,"player_choice":"Fight","damage_taken":0,"max_hp_gain":0,"max_hp_loss":0,"event_name":"Mysterious Sphere","floor":38,"gold_loss":0}],"is_beta":false,"boss_relics":[{"not_picked":["Pandora\u0027s Box","Astrolabe"],"picked":"reliquary:RedCape"},{"not_picked":["reliquary:ThirdArm","Tiny House"],"picked":"HolyWater"},{"not_picked":["reliquary:Craggleroot","Calling Bell"],"picked":"Runic Pyramid"}],"items_purged_floors":[3,5,5,6,6,13,13,19,21,25],"is_endless":true,"potions_floor_spawned":[7,10,12,14,18,22,27,31,36,39,42,44,45],"ascension_level":9}}