{"host":"b1dzdo8uo7e6jx8g","time":1614460758,"event":{"mods":["AchievementEnabler","BaseMod","BetterRewards","Colored Map","Downfall","Highlight Path","Minty Spire (QoL Compilation)","StSLib"],"gold_per_floor":[99,111,123,33,33,33,105,136,3,3,3,27,42,66,84,84,84],"floor_reached":16,"language":"ENG","playtime":527,"items_purged":["Defend_P"],"score":112,"play_id":"e8066968-9481-4c89-9000-e862288ee217","local_time":"20210227221918","is_ascension_mode":true,"campfire_choices":[{"data":"Apotheosis","floor":1,"key":"SMITH"},{"floor":10,"key":"REST"}],"circlet_count":0,"master_deck":["Strike_P","Strike_P","Strike_P","Strike_P","Defend_P","Defend_P","Defend_P","Eruption","Vigilance","Apotheosis+1","WindmillStrike","ReachHeaven","Wish+1","Halt","Consecrate","Injury","SandsOfTime","EmptyFist","DeusExMachina"],"relics":["PureWater","The Courier","Incense Burner","Strange Spoon","Golden Idol"],"acts_visited":["Exordium"],"potions_floor_usage":[16,16],"damage_taken":[{"damage":0,"enemies":"Cultist","floor":2,"turns":3},{"damage":2,"enemies":"Small Slimes","floor":3,"turns":4},{"damage":20,"enemies":"downfall:FleeingMerchant","floor":4,"turns":4},{"damage":32,"enemies":"Gremlin Nob","floor":8,"turns":4},{"damage":3,"enemies":"downfall:FleeingMerchant","floor":9,"turns":4},{"damage":13,"enemies":"Jaw Worm","floor":12,"turns":3},{"damage":18,"enemies":"Lots of Slimes","floor":13,"turns":3},{"damage":4,"enemies":"2 Fungi Beasts","floor":14,"turns":2},{"damage":11,"enemies":"Exordium Thugs","floor":15,"turns":4},{"damage":2,"enemies":"SI_SHIV_ARCHETYPE","floor":16,"turns":2}],"seed_played":"4008476783313259464","potions_obtained":[{"floor":8,"key":"DuplicationPotion"},{"floor":12,"key":"BottledMiracle"},{"floor":14,"key":"bronze:BurnAndBuffPotion"}],"is_trial":false,"path_per_floor":["R","M","M","$","?","?","T","E","$","R","?","M","M","M","M","B"],"character_chosen":"WATCHER","items_purchased":["Strange Spoon"],"campfire_rested":1,"item_purchase_floors":[9],"current_hp_per_floor":[65,65,63,43,64,64,64,32,29,48,48,35,17,13,2,0,0],"gold":84,"neow_bonus":"RANDOM_COLORLESS_2","is_daily":false,"chose_seed":false,"campfire_upgraded":1,"win_rate":0.0,"timestamp":1614460758,"path_taken":["R","M","M","?","?","?","T","E","$","R","?","M","?","M","M","BOSS"],"items_purchased_type":["Relic"],"build_version":"2020-12-22","purchased_purges":1,"victory":false,"max_hp_per_floor":[65,65,65,65,65,65,65,65,65,65,65,65,65,65,65,65,65],"card_choices":[{"not_picked":["HandOfGreed","The Bomb"],"picked":"Apotheosis","floor":0},{"not_picked":["EmptyBody","SashWhip"],"picked":"WindmillStrike","floor":2},{"not_picked":["ForeignInfluence","FearNoEvil"],"picked":"ReachHeaven","floor":3},{"not_picked":["ClearTheMind","Halt"],"picked":"Wish","floor":4},{"not_picked":["BowlingBash","FlyingSleeves"],"picked":"Halt","floor":8},{"not_picked":["CutThroughFate","Crescendo"],"picked":"Consecrate","floor":9},{"not_picked":["Fasting2","Study"],"picked":"SandsOfTime","floor":12},{"not_picked":["PathToVictory","Crescendo"],"picked":"EmptyFist","floor":13},{"not_picked":["SignatureMove","Crescendo","CarveReality"],"picked":"SKIP","floor":14},{"not_picked":["PathToVictory","SashWhip"],"picked":"DeusExMachina","floor":15}],"player_experience":273746,"relics_obtained":[{"floor":7,"key":"The Courier"},{"floor":8,"key":"Incense Burner"}],"event_choices":[{"damage_healed":21,"gold_gain":0,"player_choice":"Banana","damage_taken":0,"max_hp_gain":0,"max_hp_loss":0,"event_name":"Big Fish","floor":5,"gold_loss":0},{"damage_healed":0,"gold_gain":0,"player_choice":"Grow","damage_taken":0,"max_hp_gain":0,"max_hp_loss":0,"event_name":"Living Wall","floor":6,"gold_loss":0,"cards_upgraded":["Wish"]},{"damage_healed":0,"gold_gain":0,"player_choice":"Take Wound","damage_taken":0,"relics_obtained":["Golden Idol"],"max_hp_gain":0,"max_hp_loss":0,"event_name":"Golden Idol","floor":11,"gold_loss":0,"cards_obtained":["Injury"]}],"is_beta":false,"boss_relics":[],"items_purged_floors":[4],"is_endless":false,"potions_floor_spawned":[8,12,14,15],"killed_by":"SI_SHIV_ARCHETYPE","ascension_level":2}}