{"host":"75labscqqrd170u0","time":1614391131,"event":{"mods":["BaseMod","Marisa????????","Minty Spire (QoL Compilation)","Replay The Spire","StSLib"],"gold_per_floor":[117,117,135,148,160,185,195,223,223,236,254,272,272,290,290,387,387,399,413,604,604,616,616,644,644,667,680,705,705,718,729,729,825,825,838,891,891,911,927,954,970,848,874,926,926,972,972,1001,1001,1019,1019],"floor_reached":50,"language":"ENG","playtime":2729,"items_purged":[],"score":662,"play_id":"59d6a003-5823-4015-be54-cd612959e3a9","local_time":"20210226205851","is_ascension_mode":false,"campfire_choices":[{"floor":15,"key":"RECALL"},{"data":"Limit Break","floor":23,"key":"SMITH"},{"floor":29,"key":"REST"},{"data":"Limit Break","floor":45,"key":"SMITH"}],"circlet_count":0,"master_deck":["Strike_R","Strike_R","Strike_R","Strike_R","Strike_R","Defend_R","Defend_R","Defend_R","Bash","Clash","Clash","Pommel Strike","Reaper+1","ReplayTheSpireMod:Muscle Training+1","Rupture","Spot Weakness+1","Heavy Blade","Limit Break+1","Dual Wield","Rupture+1","Whirlwind+1","Spot Weakness","Limit Break+1","Clash","Reaper","CurseOfTheBell","Clash+1","Reaper","Hemokinesis+1"],"relics":["Burning Blood","WarpedTongs","Another Sword","Replay:Accelerometer","Mark of Pain","Centennial Puzzle","Dream Catcher","HornCleat","Calling Bell","War Paint","Replay:Bottled Steam","Replay:Multitool","StoneCalendar","ReplayFunnel","Replay:Bandana","PreservedInsect","Darkstone Periapt","Bird Faced Urn"],"acts_visited":["Exordium","TheCity","TheBeyond"],"potions_floor_usage":[11,12,16,18,22,24,33,36,41,46,50,50,50],"damage_taken":[{"damage":6,"enemies":"Jaw Worm","floor":1,"turns":3},{"damage":2,"enemies":"Cultist","floor":3,"turns":3},{"damage":4,"enemies":"Small Slimes","floor":4,"turns":3},{"damage":17,"enemies":"Red Slaver","floor":5,"turns":4},{"damage":0,"enemies":"Gremlin Nob","floor":6,"turns":2},{"damage":4,"enemies":"2 Fungi Beasts","floor":7,"turns":2},{"damage":34,"enemies":"Lagavulin","floor":8,"turns":5},{"damage":6,"enemies":"Exordium Wildlife","floor":10,"turns":2},{"damage":18,"enemies":"3 Louse","floor":11,"turns":3},{"damage":6,"enemies":"Red Slaver","floor":12,"turns":2},{"damage":4,"enemies":"Large Slime","floor":14,"turns":4},{"damage":22,"enemies":"Slime Boss","floor":16,"turns":7},{"damage":11,"enemies":"2 Thieves","floor":18,"turns":3},{"damage":8,"enemies":"Chosen","floor":19,"turns":4},{"damage":24,"enemies":"Sentry and Sphere","floor":22,"turns":4},{"damage":29,"enemies":"Replay:Snechameleon","floor":24,"turns":5},{"damage":16,"enemies":"Snecko","floor":27,"turns":4},{"damage":31,"enemies":"Book of Stabbing","floor":28,"turns":3},{"damage":10,"enemies":"Chosen and Byrds","floor":30,"turns":4},{"damage":35,"enemies":"Centurion and Healer","floor":31,"turns":5},{"damage":84,"enemies":"Automaton","floor":33,"turns":7},{"damage":16,"enemies":"3 Shapes","floor":35,"turns":2},{"damage":21,"enemies":"2 Orb Walkers","floor":36,"turns":3},{"damage":16,"enemies":"3 Darklings","floor":38,"turns":4},{"damage":14,"enemies":"Maw","floor":39,"turns":6},{"damage":131,"enemies":"Nemesis","floor":40,"turns":7},{"damage":13,"enemies":"Spire Growth","floor":41,"turns":4},{"damage":34,"enemies":"Reptomancer","floor":44,"turns":3},{"damage":39,"enemies":"Jaw Worm Horde","floor":46,"turns":3},{"damage":49,"enemies":"Sphere and 2 Shapes","floor":48,"turns":6},{"damage":140,"enemies":"Awakened One","floor":50,"turns":6}],"seed_played":"-2428244729000310918","potions_obtained":[{"floor":1,"key":"SkillPotion"},{"floor":6,"key":"Dexterity Potion"},{"floor":8,"key":"Strength Potion"},{"floor":11,"key":"AttackPotion"},{"floor":14,"key":"HeartOfIron"},{"floor":16,"key":"SpeedPotion"},{"floor":19,"key":"Dexterity Potion"},{"floor":30,"key":"PowerPotion"},{"floor":31,"key":"ElixirPotion"},{"floor":33,"key":"FearPotion"},{"floor":40,"key":"Adrenaline Potion"},{"floor":41,"key":"Explosive Potion"},{"floor":48,"key":"EssenceOfSteel"}],"is_trial":false,"path_per_floor":["M","?","M","M","M","E","M","E","T","M","M","M","?","M","R","B",null,"M","M","?","?","M","R","E","?","T","M","E","R","M","M","R","B",null,"M","?","?","M","M","E","M","?","T","E","R","M","T","M","R","B"],"character_chosen":"IRONCLAD","items_purchased":[],"campfire_rested":1,"item_purchase_floors":[],"current_hp_per_floor":[88,88,88,88,77,83,85,57,57,67,67,67,67,73,73,73,88,83,88,88,88,72,72,55,55,55,55,30,56,82,53,79,18,88,88,88,88,79,88,27,53,53,53,69,69,85,85,57,83,0,0],"gold":1019,"neow_bonus":"TEN_PERCENT_HP_BONUS","is_daily":false,"chose_seed":false,"campfire_upgraded":2,"win_rate":0.0,"timestamp":1614391131,"path_taken":["M","?","M","?","M","E","M","E","T","M","M","M","?","?","R","BOSS","M","M","?","?","M","R","E","?","T","?","E","R","M","M","R","BOSS","M","?","?","M","?","E","M","?","T","E","R","?","?","M","R","BOSS"],"items_purchased_type":[],"build_version":"2020-12-13","purchased_purges":0,"victory":false,"max_hp_per_floor":[88,88,88,88,88,88,88,88,88,88,88,88,88,88,88,88,88,88,88,88,88,88,88,88,88,88,88,88,88,88,88,88,88,88,88,88,88,88,88,88,88,88,88,88,88,88,88,88,88,88,88],"card_choices":[{"not_picked":["Dropkick","Shrug It Off"],"picked":"Clash","floor":1},{"not_picked":["Headbutt","Twin Strike","Pummel"],"picked":"SKIP","floor":3},{"not_picked":["Armaments","ReplayTheSpireMod:Strike From Hell"],"picked":"Clash","floor":4},{"not_picked":["Twin Strike","Shockwave","Abandon"],"picked":"SKIP","floor":5},{"not_picked":["Clash","Body Slam"],"picked":"Pommel Strike","floor":6},{"not_picked":["Rupture","Iron Wave","Intimidate"],"picked":"SKIP","floor":7},{"not_picked":["Sword Boomerang","Flex"],"picked":"Reaper","floor":8},{"not_picked":["Run Through","Searing Blow","Anger"],"picked":"SKIP","floor":10},{"not_picked":["Sever Soul","Body Slam"],"picked":"ReplayTheSpireMod:Muscle Training","floor":11},{"not_picked":["Sever Soul","Anger"],"picked":"Rupture","floor":12},{"not_picked":["Iron Wave","ReplayTheSpireMod:Strike From Hell"],"picked":"Heavy Blade","floor":14},{"not_picked":["Hemogenesis","Offering"],"picked":"Limit Break","floor":16},{"not_picked":["Infernal Blade","Anger"],"picked":"Dual Wield","floor":18},{"not_picked":["Iron Wave+1","Replay:Undeath\u0027s Touch+1","True Grit+1"],"picked":"SKIP","floor":19},{"not_picked":["Spot Weakness","Body Slam"],"picked":"Rupture+1","floor":20},{"not_picked":["True Grit","ReplayTheSpireMod:LeadingStrike+1","Defy Death"],"picked":"SKIP","floor":22},{"not_picked":["Rage","Clothesline+1"],"picked":"Whirlwind+1","floor":24},{"not_picked":["Warcry+1","Battle Trance+1"],"picked":"Spot Weakness","floor":27},{"not_picked":["ReplayReversal","Body Slam+1","Power Through+1"],"picked":"SKIP","floor":28},{"not_picked":["Rage","Thunderclap+1"],"picked":"Limit Break","floor":29},{"not_picked":["Dropkick","Life Link","Disarm"],"picked":"SKIP","floor":30},{"not_picked":["Dropkick","True Grit+1","Armaments+1"],"picked":"SKIP","floor":31},{"not_picked":["Disarm","ReplayTheSpireMod:Corrosion Curse"],"picked":"Clash","floor":32},{"not_picked":["Limit Break","Corruption"],"picked":"Reaper","floor":33},{"not_picked":["Run Through","Searing Blow","Rampage"],"picked":"SKIP","floor":35},{"not_picked":["Ghostly Armor","Run Through+1"],"picked":"Clash+1","floor":36},{"not_picked":["Cleave+1","Shockwave+1"],"picked":"Reaper","floor":38},{"not_picked":["Searing Blow","Sword Boomerang+1","Dropkick+1"],"picked":"SKIP","floor":39},{"not_picked":["Ghostly Armor+1","Anger","Abandon"],"picked":"SKIP","floor":40},{"not_picked":["Carnage+1","Thunderclap+1","ReplayTheSpireMod:Corrosion Curse+1"],"picked":"SKIP","floor":41},{"not_picked":["Clothesline","Intimidate","Anger+1"],"picked":"SKIP","floor":44},{"not_picked":["Impervious","Thunderclap+1"],"picked":"Hemokinesis","floor":46},{"not_picked":["Ghostly Armor","Flex+1","Replay:Undeath\u0027s Touch"],"picked":"SKIP","floor":48}],"player_experience":118201,"relics_obtained":[{"floor":6,"key":"Another Sword"},{"floor":8,"key":"Replay:Accelerometer"},{"floor":24,"key":"Centennial Puzzle"},{"floor":26,"key":"Dream Catcher"},{"floor":28,"key":"HornCleat"},{"floor":34,"key":"War Paint"},{"floor":34,"key":"Replay:Bottled Steam"},{"floor":34,"key":"Replay:Multitool"},{"floor":36,"key":"StoneCalendar"},{"floor":40,"key":"ReplayFunnel"},{"floor":43,"key":"PreservedInsect"},{"floor":44,"key":"Darkstone Periapt"},{"floor":47,"key":"Bird Faced Urn"}],"event_choices":[{"damage_healed":0,"gold_gain":0,"player_choice":"Rummage","damage_taken":0,"relics_obtained":["WarpedTongs"],"max_hp_gain":0,"max_hp_loss":0,"event_name":"Accursed Blacksmith","floor":2,"gold_loss":0,"cards_obtained":["Pain"]},{"damage_healed":0,"gold_gain":0,"cards_transformed":["Defend_R"],"player_choice":"Transformed","damage_taken":0,"max_hp_gain":0,"max_hp_loss":0,"event_name":"Transmorgrifier","floor":13,"gold_loss":0,"cards_obtained":["Spot Weakness"]},{"damage_healed":0,"gold_gain":0,"player_choice":"Ignored","damage_taken":0,"max_hp_gain":0,"max_hp_loss":0,"event_name":"Vampires","floor":21,"gold_loss":0},{"cards_removed":["Pain"],"damage_healed":0,"gold_gain":0,"player_choice":"Purged","damage_taken":0,"max_hp_gain":0,"max_hp_loss":0,"event_name":"Purifier","floor":25,"gold_loss":0},{"damage_healed":0,"gold_gain":0,"player_choice":"Fight","damage_taken":0,"max_hp_gain":0,"max_hp_loss":0,"event_name":"Mysterious Sphere","floor":36,"gold_loss":0},{"damage_healed":0,"gold_gain":0,"player_choice":"Ignored","damage_taken":0,"max_hp_gain":0,"max_hp_loss":0,"event_name":"Tomb of Lord Red Mask","floor":37,"gold_loss":0},{"damage_healed":0,"gold_gain":0,"player_choice":"Paid Gold","damage_taken":0,"relics_obtained":["Replay:Bandana"],"max_hp_gain":0,"max_hp_loss":0,"event_name":"WeMeetAgain","floor":42,"gold_loss":122}],"is_beta":false,"boss_relics":[{"not_picked":["Cursed Key","Tiny House"],"picked":"Mark of Pain"},{"not_picked":["Black Blood","Honey Jar"],"picked":"Calling Bell"}],"items_purged_floors":[],"is_endless":false,"potions_floor_spawned":[1,6,8,11,14,16,19,30,31,33,35,40,41,44,48],"killed_by":"Awakened One","ascension_level":0}}