{"host":"89ki4406vw77ltpv","time":1614445443,"event":{"mods":["BaseMod","Colored Map","Downfall","Minty Spire (QoL Compilation)","StSLib"],"gold_per_floor":[99,114,128,140,140,151,151,151,169,197,197,197,197,297,313,418,418,418,437,451,471,471,73,126,141,169,169,196,11,11,30,47,47,47,47],"floor_reached":33,"language":"ENG","playtime":2011,"items_purged":[],"score":314,"play_id":"23f29fd7-1a3a-4467-88fb-4978ba351af1","local_time":"20210227120403","is_ascension_mode":false,"campfire_choices":[{"data":"sneckomod:TailWhip","floor":1,"key":"SMITH"},{"data":"1","floor":8,"key":"LIFT"},{"data":"2","floor":11,"key":"LIFT"},{"floor":13,"key":"REST"},{"data":"3","floor":18,"key":"LIFT"},{"floor":27,"key":"REST"},{"floor":30,"key":"REST"}],"circlet_count":0,"master_deck":["sneckomod:Strike","sneckomod:Strike","sneckomod:Strike","sneckomod:Defend","sneckomod:Defend","sneckomod:Defend","sneckomod:TailWhip+1","sneckomod:SnekBite","sneckomod:Unknown","sneckomod:Unknown","sneckomod:UnknownCommonAttack","sneckomod:UnknownStrike","sneckomod:UnknownCommonAttack","sneckomod:UnendingSupply","sneckomod:QuickMove","sneckomod:MorePower","sneckomod:UnknownBoss+1","sneckomod:SoulDraw+1","sneckomod:DangerNoodle","sneckomod:UnknownVulnerable+1","sneckomod:DiceBlock+1","sneckomod:RainOfDice+1","sneckomod:ImprovisedAttack+1","sneckomod:UnknownUncommonPower+1","sneckomod:UnknownRareAttack+1","sneckomod:UnknownBoss+1","sneckomod:SnakeSap","sneckomod:QuickBite","sneckomod:DefensiveFlair+1","sneckomod:UnknownBlock+1","sneckomod:Unknown0Cost+1","sneckomod:ImprovisedGuard+1","sneckomod:Unknown2Cost+1","sneckomod:UnlimitedRolls","expansioncontent:QuickStudy+1","sneckomod:MasterEye","sneckomod:WideSting","sneckomod:UnknownClassTHE_BRONZE_AUTOMATON+1","sneckomod:Nope+1","sneckomod:UnknownBlock+1","sneckomod:UnknownClassPURPLE+1","sneckomod:UnknownRareAttack+1","sneckomod:UnknownBlock+1","sneckomod:DiceBlock+1","sneckomod:SlitherStrike","sneckomod:SoulCleanse+1"],"relics":["sneckomod:SneckoSoul","Potion Belt","Girya","CaptainsWheel","Toxic Egg 2","Fusion Hammer","Membership Card","PreservedInsect","sneckomod:LoadedDie","Prayer Wheel","The Courier","Oddly Smooth Stone","Calipers","StoneCalendar"],"acts_visited":["Exordium","TheCity"],"potions_floor_usage":[16,23,26,33],"damage_taken":[{"damage":0,"enemies":"Small Slimes","floor":2,"turns":3},{"damage":0,"enemies":"Cultist","floor":3,"turns":4},{"damage":6,"enemies":"2 Louse","floor":4,"turns":2},{"damage":11,"enemies":"Blue Slaver","floor":6,"turns":3},{"damage":13,"enemies":"Lots of Slimes","floor":9,"turns":3},{"damage":24,"enemies":"Gremlin Nob","floor":10,"turns":4},{"damage":12,"enemies":"Exordium Thugs","floor":15,"turns":4},{"damage":16,"enemies":"IC_STATUS_ARCHETYPE","floor":16,"turns":7},{"damage":17,"enemies":"downfall:LooterAlt2","floor":19,"turns":4},{"damage":6,"enemies":"Spheric Guardian","floor":20,"turns":3},{"damage":20,"enemies":"Shelled Parasite and Fungi","floor":21,"turns":5},{"damage":0,"enemies":"downfall:FleeingMerchant","floor":23,"turns":4},{"damage":20,"enemies":"Snake Plant","floor":25,"turns":3},{"damage":34,"enemies":"Gremlin Leader","floor":26,"turns":4},{"damage":15,"enemies":"Book of Stabbing","floor":28,"turns":5},{"damage":10,"enemies":"downfall:FleeingMerchant","floor":29,"turns":4},{"damage":20,"enemies":"Centurion and Healer","floor":31,"turns":3},{"damage":0,"enemies":"Cultist and Chosen","floor":32,"turns":3},{"damage":30,"enemies":"DF_ARCHETYPE_CLAW","floor":33,"turns":6}],"seed_played":"3135727632951594392","potions_obtained":[{"floor":4,"key":"SmokeBomb"},{"floor":10,"key":"hexamod:SoulburnPotion"},{"floor":15,"key":"sneckomod:MuddlingPotion"},{"floor":16,"key":"DistilledChaos"},{"floor":26,"key":"bronze:BurnAndBuffPotion"},{"floor":28,"key":"SpeedPotion"},{"floor":31,"key":"PowerPotion"}],"is_trial":false,"path_per_floor":["R","M","M","M","?","M","T","R","M","E","R","?","R","?","M","B",null,"R","M","M","M","?","$","T","M","E","R","E","$","R","M","M","B"],"character_chosen":"THE_SNECKO","items_purchased":["Membership Card","PreservedInsect","sneckomod:UnknownBoss+1","sneckomod:SnakeSap","sneckomod:QuickBite","sneckomod:DefensiveFlair+1","Oddly Smooth Stone","expansioncontent:QuickStudy","sneckomod:MasterEye","sneckomod:WideSting","sneckomod:UnknownClassTHE_BRONZE_AUTOMATON+1","sneckomod:Nope+1","sneckomod:UnknownBlock+1","sneckomod:UnknownClassPURPLE+1","Calipers","StoneCalendar"],"campfire_rested":3,"item_purchase_floors":[23,23,23,23,23,23,29,29,29,29,29,29,29,29,29,29],"current_hp_per_floor":[90,90,90,84,84,73,73,73,60,36,36,18,45,45,33,17,90,90,73,67,47,47,47,47,27,3,30,15,15,42,22,22,0,0,0],"gold":47,"neow_bonus":"RANDOM_COMMON_RELIC","is_daily":false,"chose_seed":false,"campfire_upgraded":1,"win_rate":0.0,"timestamp":1614445443,"path_taken":["R","M","M","M","?","?","T","R","M","E","R","?","R","?","M","BOSS","R","M","?","M","?","?","T","M","E","R","E","$","R","M","M","BOSS"],"items_purchased_type":["Relic","Relic","Card","Card","Card","Card","Relic","Card","Card","Card","Card","Card","Card","Card","Relic","Relic"],"build_version":"2020-12-22","purchased_purges":0,"victory":false,"max_hp_per_floor":[90,90,90,90,90,90,90,90,90,90,90,90,90,90,90,90,90,90,90,90,90,90,90,90,90,90,90,90,90,90,90,90,90,90,90],"card_choices":[{"not_picked":["sneckomod:QuickMove","sneckomod:SoulRoll"],"picked":"sneckomod:UnknownCommonAttack","floor":2},{"not_picked":["sneckomod:Unknown1Cost","sneckomod:UnknownWeak"],"picked":"sneckomod:UnknownStrike","floor":3},{"not_picked":["sneckomod:UnknownUncommonPower","sneckomod:SnekBeam"],"picked":"sneckomod:UnknownCommonAttack","floor":4},{"not_picked":["sneckomod:DiceBlock","sneckomod:Unknown1Cost"],"picked":"sneckomod:UnendingSupply","floor":6},{"not_picked":["sneckomod:UnknownCommonAttack","sneckomod:TrashToTreasure"],"picked":"sneckomod:QuickMove","floor":9},{"not_picked":["sneckomod:IronFang","sneckomod:UnknownX"],"picked":"sneckomod:MorePower","floor":10},{"not_picked":["sneckomod:UnknownVulnerable+1","sneckomod:UnknownWeak+1"],"picked":"sneckomod:UnknownBoss+1","floor":15},{"not_picked":["sneckomod:UnknownVulnerable+1","sneckomod:QuickMove+1"],"picked":"sneckomod:SoulDraw+1","floor":15},{"not_picked":["sneckomod:UnknownRareSkill+1","sneckomod:UnknownBoss+1"],"picked":"sneckomod:DangerNoodle","floor":16},{"not_picked":["sneckomod:UnknownCommonAttack+1","sneckomod:UnknownX+1"],"picked":"sneckomod:UnknownVulnerable+1","floor":19},{"not_picked":["sneckomod:UnknownClassTHE_BRONZE_AUTOMATON+1","sneckomod:SoulRoll+1"],"picked":"sneckomod:DiceBlock+1","floor":19},{"not_picked":["sneckomod:QuickMove+1","sneckomod:UnknownVulnerable+1"],"picked":"sneckomod:RainOfDice+1","floor":20},{"not_picked":["sneckomod:UnknownDraw+1","sneckomod:SoulRoll+1"],"picked":"sneckomod:ImprovisedAttack+1","floor":21},{"not_picked":["sneckomod:UnknownVulnerable+1","sneckomod:QuickMove+1"],"picked":"sneckomod:UnknownUncommonPower+1","floor":23},{"not_picked":["sneckomod:UnknownStrike+1","sneckomod:UnknownCommonSkill+1"],"picked":"sneckomod:UnknownRareAttack+1","floor":23},{"not_picked":["sneckomod:UnknownClassPURPLE+1","sneckomod:UnknownCommonAttack"],"picked":"sneckomod:UnknownBlock+1","floor":25},{"not_picked":["sneckomod:UnknownCommonAttack","sneckomod:TrashToTreasure+1"],"picked":"sneckomod:Unknown0Cost+1","floor":26},{"not_picked":["sneckomod:DiceBoulder","sneckomod:UnknownClassSLIMEBOUND+1"],"picked":"sneckomod:ImprovisedGuard+1","floor":28},{"not_picked":["sneckomod:UnknownClassTHE_BRONZE_AUTOMATON+1","sneckomod:UnknownStrike+1"],"picked":"sneckomod:Unknown2Cost+1","floor":28},{"not_picked":["sneckomod:UnknownDraw+1","sneckomod:UnknownCommonAttack"],"picked":"sneckomod:UnlimitedRolls","floor":29},{"not_picked":["sneckomod:UnknownUncommonSkill+1","sneckomod:UnknownClassPURPLE+1"],"picked":"sneckomod:UnknownRareAttack+1","floor":31},{"not_picked":["sneckomod:UnknownWeak+1","sneckomod:UnknownX+1"],"picked":"sneckomod:UnknownBlock+1","floor":31},{"not_picked":["sneckomod:UnknownDraw+1","sneckomod:UnknownBlock+1"],"picked":"sneckomod:DiceBlock+1","floor":31},{"not_picked":["sneckomod:UnknownCommonSkill+1","sneckomod:SoulCleanse+1"],"picked":"sneckomod:SlitherStrike","floor":32},{"not_picked":["sneckomod:UnknownStrike","sneckomod:UnknownClassPURPLE+1"],"picked":"sneckomod:SoulCleanse+1","floor":32}],"player_experience":836247,"relics_obtained":[{"floor":7,"key":"Girya"},{"floor":10,"key":"CaptainsWheel"},{"floor":24,"key":"sneckomod:LoadedDie"},{"floor":26,"key":"Prayer Wheel"},{"floor":28,"key":"The Courier"}],"event_choices":[{"damage_healed":0,"gold_gain":0,"player_choice":"Ignored","damage_taken":0,"max_hp_gain":0,"max_hp_loss":0,"event_name":"NoteForYourself","floor":5,"gold_loss":0},{"damage_healed":0,"gold_gain":0,"player_choice":"Success","damage_taken":18,"relics_obtained":["Toxic Egg 2"],"max_hp_gain":0,"max_hp_loss":0,"event_name":"Scrap Ooze","floor":12,"gold_loss":0}],"is_beta":false,"boss_relics":[{"not_picked":["SacredBark","Pandora\u0027s Box"],"picked":"Fusion Hammer"}],"items_purged_floors":[],"is_endless":false,"potions_floor_spawned":[4,10,15,16,26,28,31],"killed_by":"DF_ARCHETYPE_CLAW","ascension_level":0}}