{"host":"0kk91h4bq4kgfj0u","time":1614387948,"event":{"mods":["BaseMod","Bestiary","Block Reminder","Colored Map","Colored Powertips","Curses Come First","Highlight Path","Minty Spire (QoL Compilation)","Relic Stats","StSLib"],"gold_per_floor":[117,117,48,48,65,100,112,124,148,148,148,183,183,194,194,295,295,306,306,316,333,51,51,77,104,104,104,104,4,23,37,37,132,132,142,0,0,0,16,16,28,28,28],"floor_reached":42,"language":"ENG","playtime":1332,"items_purged":["Corruption","Brutality"],"score":451,"play_id":"be7af554-709d-4fc6-a627-e0d87064bb44","local_time":"20210226200548","is_ascension_mode":false,"campfire_choices":[{"floor":11,"key":"RECALL"},{"data":"Rampage","floor":13,"key":"SMITH"},{"data":"Flex","floor":15,"key":"SMITH"},{"floor":23,"key":"REST"},{"floor":28,"key":"REST"},{"data":"Power Through","floor":32,"key":"SMITH"},{"data":"Heavy Blade","floor":40,"key":"SMITH"}],"circlet_count":0,"master_deck":["Bash","Carnage+1","Power Through+1","Anger","Rampage+1","Flex+1","Cleave","Disarm","Shrug It Off","Reaper+1","Brutality","Uppercut","Dark Embrace","Inflame","Bludgeon","Body Slam","Reaper","Pommel Strike+1","Fire Breathing","Dropkick","Flame Barrier","Heavy Blade+1"],"relics":["Burning Blood","Omamori","Orichalcum","Bag of Marbles","Pandora\u0027s Box","Singing Bowl","Vajra","Potion Belt","Mark of Pain","Red Mask"],"acts_visited":["Exordium","TheCity","TheBeyond"],"potions_floor_usage":[21,24,33,35,41,42,42],"damage_taken":[{"damage":2,"enemies":"Small Slimes","floor":1,"turns":4},{"damage":0,"enemies":"2 Louse","floor":5,"turns":3},{"damage":30,"enemies":"Lagavulin","floor":6,"turns":7},{"damage":6,"enemies":"Jaw Worm","floor":7,"turns":2},{"damage":8,"enemies":"Red Slaver","floor":8,"turns":2},{"damage":13,"enemies":"3 Sentries","floor":12,"turns":7},{"damage":4,"enemies":"Exordium Thugs","floor":14,"turns":3},{"damage":26,"enemies":"Slime Boss","floor":16,"turns":10},{"damage":18,"enemies":"Spheric Guardian","floor":18,"turns":5},{"damage":9,"enemies":"3 Byrds","floor":20,"turns":5},{"damage":46,"enemies":"Cultist and Chosen","floor":21,"turns":7},{"damage":94,"enemies":"Gremlin Leader","floor":24,"turns":5},{"damage":18,"enemies":"3 Cultists","floor":30,"turns":4},{"damage":2,"enemies":"Snecko","floor":31,"turns":3},{"damage":86,"enemies":"Champ","floor":33,"turns":14},{"damage":44,"enemies":"3 Darklings","floor":35,"turns":6},{"damage":0,"enemies":"3 Shapes","floor":39,"turns":4},{"damage":33,"enemies":"Writhing Mass","floor":41,"turns":8},{"damage":103,"enemies":"Giant Head","floor":42,"turns":8}],"seed_played":"-308354167787019386","potions_obtained":[{"floor":1,"key":"AttackPotion"},{"floor":5,"key":"SteroidPotion"},{"floor":6,"key":"ColorlessPotion"},{"floor":20,"key":"LiquidMemories"},{"floor":21,"key":"FearPotion"},{"floor":24,"key":"PowerPotion"},{"floor":33,"key":"AttackPotion"},{"floor":35,"key":"SkillPotion"},{"floor":39,"key":"BlessingOfTheForge"}],"is_trial":false,"path_per_floor":["M","?","$","?","M","E","M","M","T","$","R","E","R","M","R","B",null,"M","?","M","M","$","R","E","T","T","?","R","$","M","M","R","B",null,"M","?","?","$","M","R","M","E"],"character_chosen":"IRONCLAD","items_purchased":["Power Through","FairyPotion","Fire Breathing","Dropkick"],"campfire_rested":2,"item_purchase_floors":[3,22,22,22],"current_hp_per_floor":[88,88,88,88,88,64,64,62,62,62,62,55,55,57,57,37,88,82,82,79,39,39,65,34,34,34,34,61,61,84,92,92,28,94,73,73,73,73,79,79,54,0,0],"gold":28,"neow_bonus":"TEN_PERCENT_HP_BONUS","is_daily":false,"chose_seed":false,"campfire_upgraded":4,"win_rate":0.0,"timestamp":1614387948,"path_taken":["M","?","$","?","M","E","M","M","T","$","R","E","R","M","R","BOSS","M","?","M","?","$","R","E","?","T","?","R","$","M","M","R","BOSS","M","?","?","$","?","R","?","E"],"items_purchased_type":["Card","Potion","Card","Card"],"build_version":"2020-12-22","purchased_purges":2,"victory":false,"max_hp_per_floor":[88,88,88,88,88,88,88,88,88,88,88,88,88,88,88,88,88,88,88,88,88,88,88,90,90,90,90,90,90,90,92,92,94,94,96,96,96,96,96,96,98,98,98],"relic_stats":{"Singing Bowl":10,"counters":[19,107],"Pandora\u0027s Box":["Brutality","Uppercut","Corruption","Dark Embrace","Brutality","Inflame","Bludgeon","Body Slam","Reaper"],"Orichalcum":[312],"obtain_stats":[{"Potion Belt":26,"Singing Bowl":24,"Vajra":25,"Pandora\u0027s Box":17,"Mark of Pain":34,"Omamori":6,"Bag of Marbles":12,"Red Mask":36,"Orichalcum":9,"Burning Blood":0},{"Potion Belt":12,"Singing Bowl":12,"Vajra":12,"Pandora\u0027s Box":8,"Mark of Pain":15,"Omamori":3,"Bag of Marbles":6,"Red Mask":16,"Orichalcum":5,"Burning Blood":0},{"Potion Belt":60,"Singing Bowl":60,"Vajra":60,"Pandora\u0027s Box":38,"Mark of Pain":81,"Omamori":14,"Bag of Marbles":25,"Red Mask":87,"Orichalcum":18,"Burning Blood":0}],"Burning Blood":94},"card_choices":[{"not_picked":["Rage","Feel No Pain"],"picked":"Carnage","floor":1},{"not_picked":["Clash","Flex"],"picked":"Anger","floor":5},{"not_picked":["Whirlwind","Sever Soul"],"picked":"Rampage","floor":6},{"not_picked":["Pommel Strike","Thunderclap"],"picked":"Flex","floor":7},{"not_picked":["Blood for Blood","Havoc"],"picked":"Cleave","floor":8},{"not_picked":["Combust","Thunderclap"],"picked":"Disarm","floor":12},{"not_picked":["Clash","Blood for Blood"],"picked":"Shrug It Off","floor":14},{"not_picked":["Immolate","Double Tap"],"picked":"Reaper","floor":16},{"not_picked":["Pummel","Anger+1","Warcry"],"picked":"SKIP","floor":18},{"not_picked":["Power Through","Clash+1","Second Wind"],"picked":"SKIP","floor":20},{"not_picked":["Brutality","Burning Pact"],"picked":"Pommel Strike+1","floor":21},{"not_picked":["Clash+1","Thunderclap+1","Burning Pact"],"picked":"Singing Bowl","floor":24},{"not_picked":["Perfected Strike","Clash"],"picked":"Flame Barrier","floor":30},{"not_picked":["Seeing Red","Flex","Havoc"],"picked":"Singing Bowl","floor":31},{"not_picked":["Barricade","Brutality","Reaper"],"picked":"Singing Bowl","floor":33},{"not_picked":["Body Slam+1","Disarm+1","Evolve"],"picked":"Singing Bowl","floor":35},{"not_picked":["Pommel Strike","Anger+1"],"picked":"Heavy Blade","floor":39},{"not_picked":["Anger","Sentinel","Iron Wave"],"picked":"Singing Bowl","floor":41}],"player_experience":931820,"relics_obtained":[{"floor":6,"key":"Omamori"},{"floor":9,"key":"Orichalcum"},{"floor":12,"key":"Bag of Marbles"},{"floor":24,"key":"Singing Bowl"},{"floor":25,"key":"Vajra"},{"floor":26,"key":"Potion Belt"}],"event_choices":[{"damage_healed":0,"gold_gain":0,"player_choice":"Grow","damage_taken":0,"max_hp_gain":0,"max_hp_loss":0,"event_name":"Living Wall","floor":2,"gold_loss":0,"cards_upgraded":["Carnage"]},{"damage_healed":0,"gold_gain":0,"player_choice":"Ignored","damage_taken":0,"max_hp_gain":0,"max_hp_loss":0,"event_name":"Liars Game","floor":4,"gold_loss":0},{"damage_healed":0,"gold_gain":0,"player_choice":"Ignored","damage_taken":0,"max_hp_gain":0,"max_hp_loss":0,"event_name":"NoteForYourself","floor":19,"gold_loss":0},{"damage_healed":0,"gold_gain":0,"player_choice":"Forge","damage_taken":0,"max_hp_gain":0,"max_hp_loss":0,"event_name":"Accursed Blacksmith","floor":27,"gold_loss":0,"cards_upgraded":["Reaper"]},{"damage_healed":0,"gold_gain":0,"player_choice":"Paid","damage_taken":0,"relics_obtained":["Red Mask"],"max_hp_gain":0,"max_hp_loss":0,"event_name":"Tomb of Lord Red Mask","floor":36,"gold_loss":142},{"damage_healed":0,"gold_gain":0,"player_choice":"Cursed","damage_taken":0,"max_hp_gain":0,"max_hp_loss":0,"event_name":"Wheel of Change","floor":37,"gold_loss":0,"cards_obtained":["Decay"]}],"is_beta":false,"boss_relics":[{"not_picked":["Tiny House","Philosopher\u0027s Stone"],"picked":"Pandora\u0027s Box"},{"not_picked":["Runic Dome","SlaversCollar"],"picked":"Mark of Pain"}],"items_purged_floors":[22,29],"is_endless":false,"potions_floor_spawned":[1,5,6,16,18,20,21,24,33,35,39],"killed_by":"Giant Head","ascension_level":0}}