{"host":"3n5xmnb54n2y5mb4","time":1614441496,"event":{"mods":["BaseMod","Colored Map","Colored Powertips","Downfall","Minty Spire (QoL Compilation)","Permanent Neow","StSLib","Unceasing Turn Reminder","everything is the same but u backflip on backflip"],"gold_per_floor":[99,61,61,141,141,41,94,106,151,163,202,114,142,170,202,315,327,339,371,54,54,154,179,202,227,246,246,146,146,146,246,259,362,362,362,382,382,146,58,76,76,76,51,51,201,201,247,247,270,270,270,311,15,15,15,15,15,15],"floor_reached":56,"language":"ENG","playtime":4236,"items_purged":["hexamod:BacktrackSmack+1"],"score":959,"play_id":"963b3ffe-4328-4bb1-bdc1-0977ea61c63b","local_time":"20210227105816","is_ascension_mode":true,"campfire_choices":[{"floor":1.0,"key":"RECALL"},{"data":"hexamod:Float","floor":6.0,"key":"SMITH"},{"data":"hexamod:RadiantFlame","floor":8.0,"key":"SMITH"},{"floor":10.0,"key":"REST"},{"data":"hexamod:BurningTouch","floor":12.0,"key":"SMITH"},{"data":"hexamod:SoulSteal","floor":18.0,"key":"SMITH"},{"data":"hexamod:ExtraCrispy","floor":28,"key":"SMITH"},{"data":"hexamod:FastForward","floor":30,"key":"SMITH"},{"data":"hexamod:Sear","floor":35,"key":"SMITH"},{"data":"Master of Strategy","floor":42,"key":"SMITH"},{"data":"hexamod:GhostflameBarrier","floor":44,"key":"SMITH"},{"floor":54,"key":"REST"}],"circlet_count":0,"master_deck":["hexamod:Sear+1","hexamod:Float+1","hexamod:FastForward+1","hexamod:RadiantFlame+1","hexamod:AdvancingGuard+1","hexamod:NightmareGuise","hexamod:BurningTouch+1","hexamod:ExtraCrispy+1","hexamod:HauntingEcho+1","hexamod:TimeWarp+1","hexamod:PhantomCloak+1","hexamod:GhostflameBarrier+1","hexamod:SoulSteal+1","hexamod:FastForward+1","hexamod:FlamesFromBeyond+1","hexamod:HeatMetal+1","hexamod:FifthSeal","hexamod:SixthSeal","hexamod:AdvancingGuard+1","hexamod:FourthSeal","hexamod:FirstSeal","Bite+1","Bite+1","Bite+1","Bite+1","Bite+1","hexamod:SixthSeal","hexamod:StepThrough+1","hexamod:GhostOfSpireFuture+1","hexamod:FlamesFromBeyond+1","hexamod:TimeWarp+1","hexamod:SecondSeal","hexamod:BurningTouch+1","hexamod:ThirdSeal","Master of Strategy+1","hexamod:Firestarter+1","expansioncontent:Chronoboost+1","hexamod:ApocalypticArmor+1","Parasite","hexamod:RecurringNightmare+1"],"relics":["hexamod:SpiritBrand","downfall:HeartsMalice","HornCleat","downfall:ShatteredFragment","downfall:HeartBlessingRed","Centennial Puzzle","downfall:HeartBlessingGreen","Pandora\u0027s Box","Thread and Needle","Juzu Bracelet","hexamod:SoulOfChaos","downfall:HeartBlessingBlue","Guardian:GemstoneGun","Ginger","Molten Egg 2","Runic Dome","OrangePellets","Singing Bowl","TungstenRod","Bird Faced Urn","Pear","hexamod:InflammatoryLetter"],"acts_visited":["Exordium","TheCity","TheBeyond","TheEnding"],"potions_floor_usage":[33,50,50,55,56],"damage_taken":[{"damage":0.0,"enemies":"downfall:FleeingMerchant","floor":2.0,"turns":1.0},{"damage":0.0,"enemies":"downfall:FleeingMerchant","floor":3.0,"turns":1.0},{"damage":0.0,"enemies":"Lagavulin","floor":9.0,"turns":1.0},{"damage":21.0,"enemies":"Gremlin Nob","floor":11.0,"turns":4.0},{"damage":0.0,"enemies":"Cultist","floor":13.0,"turns":3.0},{"damage":0.0,"enemies":"Small Slimes","floor":14.0,"turns":5.0},{"damage":0.0,"enemies":"2 Louse","floor":15.0,"turns":3.0},{"damage":0.0,"enemies":"SI_SHIV_ARCHETYPE","floor":16.0,"turns":5.0},{"damage":12.0,"enemies":"Chosen","floor":19.0,"turns":4.0},{"damage":0.0,"enemies":"downfall:FleeingMerchant","floor":20.0,"turns":4.0},{"damage":12.0,"enemies":"Book of Stabbing","floor":23.0,"turns":5.0},{"damage":5.0,"enemies":"Gremlin Leader","floor":25.0,"turns":6.0},{"damage":12.0,"enemies":"3 Byrds","floor":26.0,"turns":5.0},{"damage":3,"enemies":"IC_STATUS_ARCHETYPE","floor":31,"turns":6},{"damage":12,"enemies":"Centurion and Healer","floor":32,"turns":3},{"damage":29,"enemies":"DF_ARCHETYPE_CLAW","floor":33,"turns":7},{"damage":15,"enemies":"3 Shapes","floor":36,"turns":3},{"damage":0,"enemies":"downfall:FleeingMerchant","floor":38,"turns":4},{"damage":0,"enemies":"downfall:FleeingMerchant","floor":39,"turns":4},{"damage":3,"enemies":"3 Darklings","floor":40,"turns":3},{"damage":16,"enemies":"2 Orb Walkers","floor":47,"turns":4},{"damage":6,"enemies":"Writhing Mass","floor":49,"turns":5},{"damage":172,"enemies":"IC_BLOCK_ARCHETYPE","floor":50,"turns":9},{"damage":48,"enemies":"downfall:CharBossMerchant","floor":52,"turns":7},{"damage":88,"enemies":"downfall:NeowBoss","floor":55,"turns":16},{"damage":92,"enemies":"downfall:NeowBossFinal","floor":56,"turns":12}],"seed_played":"479493159712577796","potions_obtained":[{"floor":9.0,"key":"LiquidBronze"},{"floor":11.0,"key":"ColorlessPotion"},{"floor":13.0,"key":"hexamod:DoubleChargePotion"},{"floor":16.0,"key":"ColorlessPotion"},{"floor":19.0,"key":"Swift Potion"},{"floor":25.0,"key":"DistilledChaos"},{"floor":26.0,"key":"Strength Potion"},{"floor":32,"key":"FairyPotion"},{"floor":33,"key":"Swift Potion"},{"floor":52,"key":"Block Potion"}],"is_trial":false,"path_per_floor":["R","$","$","T","?","R","T","R","E","R","E","R","M","M","M","B",null,"R","M","$","?","?","E","T","E","M","?","R","?","R","?","M","B",null,"R","M","?","$","?","M","T","R","$","R","?","?","?","?","M","B",null,"E","$","R","B","B"],"character_chosen":"THE_SPIRIT","items_purchased":["hexamod:RadiantFlame","Thread and Needle","OrangePellets","Singing Bowl","Master of Strategy","hexamod:Firestarter+1","hexamod:InflammatoryLetter","Strength Potion"],"campfire_rested":2,"item_purchase_floors":[2,20,38,39,39,43,53,53],"current_hp_per_floor":[70,70,70,70,49,49,49,49,49,70,49,49,51,53,55,57,70,70,58,60,60,60,56,56,62,58,58,68,68,68,80,71,53,80,80,67,67,77,80,84,84,84,84,84,84,82,71,71,90,12,90,72,72,100,39,0,0,0],"gold":15,"neow_bonus":"THREE_ENEMY_KILL","is_daily":false,"chose_seed":false,"campfire_upgraded":9,"win_rate":0.0,"timestamp":1614441496,"path_taken":["R","?","$","?","?","R","T","R","E","R","E","R","M","M","M","BOSS","R","M","$","?","?","E","T","E","M","?","R","?","R","?","M","BOSS","R","M","?","$","?","M","T","R","$","R","?","?","?","?","M","BOSS","E","$","R","BOSS","BOSS"],"items_purchased_type":["Card","Relic","Relic","Relic","Card","Card","Relic","Potion"],"build_version":"2020-12-22","purchased_purges":1,"victory":false,"max_hp_per_floor":[70,70,70,70,70,70,70,70,70,70,70,70,70,70,70,70,70,70,70,70,70,70,70,70,70,70,70,80,80,80,80,80,80,80,80,80,80,80,80,84,84,84,84,84,84,86,88,88,90,90,90,100,100,100,100,100,100,100],"card_choices":[{"not_picked":["hexamod:SkipABeat","hexamod:HeatCrush"],"picked":"hexamod:FastForward","floor":2.0},{"not_picked":["hexamod:GhostShield","hexamod:Hexaguard"],"picked":"hexamod:AdvancingGuard","floor":3.0},{"not_picked":["hexamod:PhantomCloak","hexamod:Hexaguard"],"picked":"hexamod:NightmareGuise","floor":9.0},{"not_picked":["hexamod:HauntingEcho","hexamod:HeatMetal"],"picked":"hexamod:BurningTouch","floor":11.0},{"not_picked":["hexamod:SuperheatedStrike","hexamod:SecondSeal"],"picked":"hexamod:ExtraCrispy","floor":13.0},{"not_picked":["hexamod:Again","hexamod:FastForward"],"picked":"hexamod:HauntingEcho","floor":14.0},{"not_picked":["hexamod:HauntingEcho","hexamod:Toasty"],"picked":"hexamod:FlamesFromBeyond","floor":15.0},{"not_picked":["hexamod:GhostflameInferno","hexamod:SixthSeal"],"picked":"hexamod:TimeWarp","floor":16.0},{"not_picked":["hexamod:FirstSeal","hexamod:FourthSeal"],"picked":"hexamod:SixthSeal","floor":19.0},{"not_picked":["hexamod:InspiringFlames","hexamod:GhostLash+1"],"picked":"hexamod:AdvancingGuard+1","floor":19.0},{"not_picked":["hexamod:ThirdSeal","hexamod:SecondSeal"],"picked":"hexamod:FourthSeal","floor":20.0},{"not_picked":["hexamod:ShieldOfDarkness+1","hexamod:PowerFromBeyond"],"picked":"hexamod:FirstSeal","floor":20.0},{"not_picked":["hexamod:SwordOfDarkness","hexamod:PhantomCloak"],"picked":"hexamod:SixthSeal","floor":23.0},{"not_picked":["hexamod:RecurringNightmare","hexamod:GhostOfSpirePast"],"picked":"hexamod:StepThrough+1","floor":25.0},{"not_picked":["hexamod:GhostOfSpirePast+1","hexamod:Firestarter","hexamod:SwordOfDarkness"],"picked":"SKIP","floor":26.0},{"not_picked":["hexamod:FlamesFromBeyond","hexamod:FourthSeal"],"picked":"hexamod:GhostOfSpireFuture","floor":31},{"not_picked":["hexamod:PowerFromBeyond","hexamod:Again"],"picked":"hexamod:FlamesFromBeyond+1","floor":32},{"not_picked":["hexamod:SixthSeal","hexamod:HexaLevel"],"picked":"hexamod:TimeWarp+1","floor":33},{"not_picked":["hexamod:FirstSeal","hexamod:ThirdSeal"],"picked":"hexamod:SecondSeal","floor":36},{"not_picked":["hexamod:InspiringFlames","hexamod:HauntingEcho+1"],"picked":"hexamod:BurningTouch+1","floor":36},{"not_picked":["hexamod:Toasty+1","hexamod:Hexaguard","hexamod:ThirdSeal"],"picked":"SKIP","floor":38},{"not_picked":["hexamod:Incineration+1","hexamod:InspiringFlames+1","hexamod:EtherealExpedition"],"picked":"SKIP","floor":39},{"not_picked":["hexamod:ThirdSeal","hexamod:BurningTouch","hexamod:RadiantFlame+1"],"picked":"Singing Bowl","floor":40},{"not_picked":["hexamod:Hexaguard","hexamod:FastForward","hexamod:SwordOfDarkness+1"],"picked":"Singing Bowl","floor":40},{"not_picked":["expansioncontent:YouAreMine","expansioncontent:GuardianWhirl"],"picked":"expansioncontent:Chronoboost","floor":46},{"not_picked":["expansioncontent:PolyBeam","expansioncontent:InvincibleStrength","expansioncontent:Chronoboost"],"picked":"Singing Bowl","floor":46},{"not_picked":["hexamod:Rewind+1","hexamod:PhantomCloak+1"],"picked":"hexamod:ApocalypticArmor","floor":47},{"not_picked":["hexamod:HeatMetal+1","hexamod:NecessarySacrifice+1","hexamod:GhostShield"],"picked":"Singing Bowl","floor":47},{"not_picked":["hexamod:AdvancingGuard","hexamod:ThermalTransfer+1","hexamod:HauntingEcho+1"],"picked":"Singing Bowl","floor":49},{"not_picked":["hexamod:EtherealExpedition+1","hexamod:SwordOfDarkness+1"],"picked":"hexamod:RecurringNightmare","floor":52}],"player_experience":1192893,"relics_obtained":[{"floor":4.0,"key":"HornCleat"},{"floor":7.0,"key":"MawBank"},{"floor":9.0,"key":"Centennial Puzzle"},{"floor":11.0,"key":"Blood Vial"},{"floor":23.0,"key":"Juzu Bracelet"},{"floor":25.0,"key":"hexamod:SoulOfChaos"},{"floor":31,"key":"Ginger"},{"floor":31,"key":"Molten Egg 2"},{"floor":41,"key":"TungstenRod"},{"floor":47,"key":"Bird Faced Urn"},{"floor":52,"key":"Pear"}],"event_choices":[{"damage_healed":0.0,"max_hp_gain":0.0,"max_hp_loss":0.0,"gold_gain":0.0,"event_name":"Vampires","player_choice":"Became a vampire (Vial)","floor":21.0,"relics_lost":["Blood Vial"],"gold_loss":0.0,"damage_taken":0.0,"cards_obtained":["Bite","Bite","Bite","Bite","Bite"]},{"damage_healed":0,"gold_gain":0,"player_choice":"Fight","damage_taken":0,"max_hp_gain":0,"max_hp_loss":0,"event_name":"Mysterious Sphere","floor":47,"gold_loss":0}],"is_beta":false,"boss_relics":[{"not_picked":["hexamod:UnbrokenSoul","hexamod:IceCube"],"picked":"Pandora\u0027s Box"},{"not_picked":["Runic Pyramid","Velvet Choker"],"picked":"Runic Dome"}],"items_purged_floors":[38],"is_endless":false,"potions_floor_spawned":[9,11,13,15,16,19,26,31,32,40,47,49],"killed_by":"downfall:NeowBossFinal","ascension_level":2}}