{"host":"4b6otxift7vvzjha","time":1614417600,"event":{"mods":["Act Like it!","Ascension Reborn","Aspiration","Astrologer","BaseMod","Challenge The Spire","Conspire","Downfall","Friendly Minions","Gensokyo","Hallownest","Hermit","Highlight Path","HololiveMod","Koishi","Library of Ruina","Library of Ruina Extra","Lobotomy","Minty Spire (QoL Compilation)","Pale of the Ancients","Permanent Neow","Prisma Mod","Replay The Spire","StSLib","Td1madao Mod","TestMod","The Bladedancer","The Bug Knight","The Cursed","The Gatherer","The Hayseed","The Mystic"],"gold_per_floor":[117,117,173,187,200,200,200,200,200,232,232,258,6,23,23,39,39,136,136,152,152,52,78,651,651,681,706,757,907,907,907,117,140,140,244,244,263,263,274,289,289,289],"floor_reached":41,"language":"ZHS","playtime":1792,"items_purged":["LightDefense","LightDefense","SmokingPipe"],"score":461,"play_id":"2621c111-372a-4438-a216-056abeb05685","local_time":"20210227172000","is_ascension_mode":true,"campfire_choices":[{"data":"DestructiveImpact","floor":9,"key":"SMITH"},{"floor":15,"key":"REST"},{"data":"GreatSerpentsImpact","floor":17,"key":"SMITH"},{"data":"Unlock1","floor":25,"key":"SMITH"},{"floor":31,"key":"REST"},{"floor":34,"key":"REST"}],"circlet_count":1,"master_deck":["Dodge","LightDefense","LightDefense","ChargeAndCover","FocusedStrikes","BayonetCombat+1","DestructiveImpact+1","Standoff","PreemptiveStrike","Unlock1+1","HardRehearsal","SteelKnuckles+1","SilentMist","Faith","TheArtOfRapidSteps+1","Ripple","GreatSerpentsImpact+1","BlazingStrike","QuickAttack","Atom Bomb","Underhanded Strike","Unload","FleetEdge","TheWillOfTheCity+1","Delirium","ChiWen+1","Panache","Commandeering","SharpenedBlade","MindCrush","FlashOfSunup","ExtremeEdge+1"],"relics":["PageOfLibrarian","testmod-EqualTreatment","m_BookOfShivs","Dream Catcher","Juzu Bracelet","WingedGreaves","Letter Opener","Simple Rune","aspiration:Lifesprig","Happy Flower","Singing Bowl","Gremlin Food","ReplayTheSpireMod:Ring of Addiction","Circlet","White Beast Statue","PageOfWayBackHome","PageOfSnowWhitesApple","Fusion Hammer"],"acts_visited":["Hallownest:Greenpath","Hallownest:CityofTears","Hallownest:KingdomsEdge"],"potions_floor_usage":[10,14,18,18,27,27,35,35,41,41],"damage_taken":[{"damage":0,"enemies":"Hallownest:monsterHuskWarrior","floor":1,"turns":4},{"damage":3,"enemies":"Hallownest:2_Tiktiks_and_1_Crawlid","floor":4,"turns":2},{"damage":7,"enemies":"Hallownest:monsterHuskGuard","floor":5,"turns":3},{"damage":1,"enemies":"Hallownest:eliteVengeflyKing","floor":10,"turns":4},{"damage":30,"enemies":"Hallownest:eliteCrystalGuardian","floor":12,"turns":6},{"damage":0,"enemies":"Hallownest:monsterMossCharger","floor":14,"turns":1},{"damage":8,"enemies":"Hallownest:1_Baldur_1_Crawlid_1_Warrior","floor":16,"turns":3},{"damage":7,"enemies":"Hallownest:BossFalseKnight","floor":18,"turns":5},{"damage":0,"enemies":"Hallownest:Guard_and_Sentry","floor":20,"turns":3},{"damage":11,"enemies":"Hallownest:eliteSoulWarrior","floor":26,"turns":4},{"damage":20,"enemies":"conspire:MimicChest","floor":27,"turns":4},{"damage":52,"enemies":"Hallownest:BossGrimm","floor":35,"turns":6},{"damage":0,"enemies":"Hallownest:3_Siblings","floor":37,"turns":1},{"damage":0,"enemies":"Hallownest:2_Littles","floor":39,"turns":1},{"damage":66,"enemies":"Hallownest:2_Primals","floor":41,"turns":2}],"seed_played":"-2249652357575365832","potions_obtained":[{"floor":1,"key":"GamblersBrew"},{"floor":3,"key":"Doom Potion"},{"floor":5,"key":"SkillPotion"},{"floor":12,"key":"Strength Potion"},{"floor":16,"key":"Swift Potion"},{"floor":18,"key":"PowerPotion"},{"floor":26,"key":"EssenceOfSteel"},{"floor":30,"key":"PowerPotion"},{"floor":30,"key":"conspire:TimeTravelPotion"},{"floor":35,"key":"bronze:BurnAndBuffPotion"},{"floor":37,"key":"Fire Potion"}],"is_trial":false,"path_per_floor":["M","?","?","M","M","PTL","PTL","?","R","E","T","E","$","M","R","M","R","B",null,"M","?","$","T","?","R","E","?","T","?","?","R","$","T","R","B",null,"M","?","M","?","?"],"character_chosen":"Librarian","items_purchased":["SteelKnuckles+1","SilentMist","Faith","Panache","Commandeering","SharpenedBlade","PageOfWayBackHome"],"campfire_rested":3,"item_purchase_floors":[13,13,13,32,32,32,32],"current_hp_per_floor":[60,60,44,41,34,34,34,34,34,33,33,5,5,5,27,19,19,12,65,65,65,65,65,65,65,54,34,34,34,34,55,55,55,82,52,78,70,70,61,61,0,0],"gold":289,"neow_bonus":"NOSTALGIA","is_daily":false,"chose_seed":false,"campfire_upgraded":3,"win_rate":0.0,"timestamp":1614417600,"path_taken":["M","?","?","?","?","PTL","PTL","?","R","E","T","E","$","M","R","M","R","BOSS","M","?","$","?","?","R","E","?","T","?","?","R","$","?","R","BOSS","M","?","M","?","?"],"items_purchased_type":["Card","Card","Card","Card","Card","Card","Relic"],"build_version":"2020-12-22","purchased_purges":3,"victory":false,"max_hp_per_floor":[65,65,65,68,75,75,75,75,60,67,67,70,70,62,75,84,84,65,65,86,86,86,86,86,86,63,70,70,70,70,70,70,70,86,78,78,70,70,61,61,61,61],"card_choices":[{"not_picked":["FocusFire","HiddenBlade","MultiBlock","CoordinatedAssault","ViolentFlame","Reload","DefenseOrder","BiAn"],"picked":"BayonetCombat","floor":1},{"not_picked":["BackAttack","BulkyImpact","TheWillOfTheCity","DesperateStruggle","RhinoRam","Parry2","Unlock1","Wallop_lor"],"picked":"SmokingPipe","floor":3},{"not_picked":["BiteOff","Crush","SnakesPrey","GoinFirst","Reload","Duel_lor","GrazeTheGrass","HighSpeedStabbing"],"picked":"DestructiveImpact","floor":3},{"not_picked":["Dagger Throw","BoundaryOfDeath","Marionette","Multislash","OpportunitySpotted","HighSpeedStabbing","PreemptiveStrike","Quickness"],"picked":"Standoff","floor":4},{"not_picked":["FeelinGood","EndlessBattle","DefenseOrder","FleetFootsteps","Endure","Concentration","StrikeDown","TrimTheIngredients"],"picked":"PreemptiveStrike","floor":5},{"not_picked":["Execute_lor","Concentration","FocusFire","SilentMist","Standoff","Rewind","ForTheFamily","Quickness"],"picked":"Unlock1","floor":10},{"not_picked":["BayonetCombat","Acrobatics","Faith","WillProduceFineSilk","Finisher","Retaliate","Thrust","EndlessBattle"],"picked":"HardRehearsal","floor":12},{"not_picked":["ExtremeEdge","BizarreAttack","SmokingPipe","Expertise","ReplayTheSpireMod:The Works","Transpierce","HandleRequest","EnergyShield"],"picked":"TheArtOfRapidSteps","floor":14},{"not_picked":["SkitterAway","GreatSerpentsImpact","EndlessBattle","FlashingStrike","PreemptiveStrike","AsThePrescriptOrders","BiAn","SunsetBlade"],"picked":"Ripple","floor":15},{"not_picked":["EnergyShield","EnergyStrike","ReadyUp","CoordinatedAssault","BattleCommand","SnakesPrey","EnergyConversion","ButterflySlash"],"picked":"GreatSerpentsImpact","floor":16},{"not_picked":["SavageMode","Tools of the Trade"],"picked":"BlazingStrike","floor":18},{"not_picked":["Track","BlindFaith","Reload","BiAn+1","RapidGashes","FeatherShield"],"picked":"QuickAttack","floor":20},{"not_picked":["QuickAttack","Brawl","Thrust","SmokingPipe","BlowItUp","CoordinatedAssault","GrazeTheGrass","BoundaryOfDeath"],"picked":"FleetEdge","floor":26},{"not_picked":["SmokingPipe","StructuralAnalysis+1","Endure","Castigation","Pound+1","Standoff","FleetEdge+1","GrazeTheGrass+1"],"picked":"TheWillOfTheCity+1","floor":27},{"not_picked":["EnergyConversion","Overpower","Unlock1","GuardingStance+1","StrongStrike","Standoff","SunsetBlade","HandleRequest"],"picked":"ChiWen+1","floor":31},{"not_picked":["MindCrush","SharpSwipe","Concentration","PinpointShot+1","QuickAttack","MultiBlock+1","ExtremeEdge","Leap_lor","HiddenBlade"],"picked":"Singing Bowl","floor":34},{"not_picked":["Suppress","Disposal"],"picked":"MindCrush","floor":35},{"not_picked":["LossOfSenses","StrikeDown","SuppressingShot","WillOfThePrescript","BindingChains+1","Quickness","AssaultOrder","HeavyPeaks+1"],"picked":"FlashOfSunup","floor":37},{"not_picked":["CrackOfDawn","QuickAttack","CookingPrep+1","PreemptiveStrike+1","Ripple","ViolentFlame+1","Guardian_lor+1","FieryDragonSlash"],"picked":"ExtremeEdge+1","floor":39}],"player_experience":128443,"relics_obtained":[{"floor":3,"key":"Dream Catcher"},{"floor":10,"key":"WingedGreaves"},{"floor":11,"key":"Letter Opener"},{"floor":12,"key":"Simple Rune"},{"floor":23,"key":"aspiration:Lifesprig"},{"floor":26,"key":"Happy Flower"},{"floor":27,"key":"Singing Bowl"},{"floor":28,"key":"Gremlin Food"},{"floor":30,"key":"ReplayTheSpireMod:Ring of Addiction"},{"floor":30,"key":"Circlet"},{"floor":30,"key":"White Beast Statue"},{"floor":33,"key":"PageOfSnowWhitesApple"}],"event_choices":[{"damage_healed":0,"gold_gain":0,"player_choice":"Swap Relic","damage_taken":0,"relics_obtained":["Juzu Bracelet"],"max_hp_gain":0,"max_hp_loss":0,"event_name":"??????","floor":8,"relics_lost":["testmod-TestBox"],"gold_loss":0},{"damage_healed":0,"gold_gain":150,"player_choice":"Sell","damage_taken":0,"max_hp_gain":0,"max_hp_loss":0,"event_name":"??????","floor":29,"relics_lost":["aspiration:Nostalgia"],"gold_loss":0}],"is_beta":false,"boss_relics":[{"not_picked":["Replay:Wanted Poster","Ring of Chaos"],"picked":"Busted Crown"},{"not_picked":["Snecko Eye","SacredBark"],"picked":"Fusion Hammer"}],"items_purged_floors":[13,22,32],"is_endless":false,"potions_floor_spawned":[1,5,12,16,18,26,35,37,39],"killed_by":"Hallownest:2_Primals","ascension_level":0}}