{"host":"da4a6z8aof69aasy","time":1614444116,"event":{"mods":["AchievementEnabler","BaseMod","Block Reminder","Colored Powertips","DeckTracker","Highlight Path","Minty Spire (QoL Compilation)","Permanent Neow","Relic Stats","StSLib"],"gold_per_floor":[360,374,374,390,130,158,158,177,177,177,210,227,244,264,264,342,342,354,369,369,384,394,422,434,334,334,345,372,287,319,106,106,180,180,195,215,235,235,235,264,264,298,325,19,0,10,10,37,37,37,37,37,11,37,37],"floor_reached":56,"language":"ENG","playtime":43499,"items_purged":["Strike_R","Strike_R"],"score":2178,"play_id":"46ecd09b-b871-4fc6-bd11-bf424ee9ed62","local_time":"20210227184156","is_ascension_mode":true,"campfire_choices":[{"data":"Hemokinesis","floor":7.0,"key":"SMITH"},{"data":"Feed","floor":10.0,"key":"SMITH"},{"data":"Disarm","floor":15.0,"key":"SMITH"},{"floor":32,"key":"RECALL"},{"floor":41,"key":"REST"},{"floor":49,"key":"REST"},{"floor":52,"key":"REST"}],"circlet_count":0,"master_deck":["AscendersBane","Bash","Hemokinesis+1","Disarm+1","Feed+1","Blood for Blood+1","Shrug It Off","Whirlwind+1","Corruption","Intimidate+1","Thunderclap+1","Battle Trance","Pommel Strike+1","Shrug It Off+1","Headbutt+1","Uppercut+1","Burning Pact","Inflame","Exhume","Spot Weakness","Cleave+1","Feel No Pain","Ghostly Armor","Pommel Strike+1","Reaper+1","Dual Wield","Flame Barrier","Warcry+1","Shrug It Off","Finesse","Feel No Pain","Body Slam+1","Limit Break","Sword Boomerang+1","Evolve+1","Sword Boomerang+1","Demon Form"],"relics":["Burning Blood","Anchor","HornCleat","Question Card","Molten Egg 2","Fusion Hammer","Regal Pillow","Prayer Wheel","Art of War","Bag of Preparation","Lantern","Pandora\u0027s Box","Boot","Lizard Tail","Strawberry","Vajra","Red Mask","Blood Vial","MealTicket","Oddly Smooth Stone"],"acts_visited":["Exordium","TheCity","TheBeyond","TheEnding"],"potions_floor_usage":[33,55,55],"damage_taken":[{"damage":9.0,"enemies":"2 Louse","floor":1.0,"turns":3.0},{"damage":11.0,"enemies":"Jaw Worm","floor":2.0,"turns":5.0},{"damage":1.0,"enemies":"Cultist","floor":4.0,"turns":4.0},{"damage":21.0,"enemies":"3 Sentries","floor":6.0,"turns":7.0},{"damage":2.0,"enemies":"2 Fungi Beasts","floor":8.0,"turns":4.0},{"damage":18.0,"enemies":"Lagavulin","floor":11.0,"turns":5.0},{"damage":0.0,"enemies":"Blue Slaver","floor":12.0,"turns":3.0},{"damage":0.0,"enemies":"3 Louse","floor":13.0,"turns":4.0},{"damage":2.0,"enemies":"Large Slime","floor":14.0,"turns":4.0},{"damage":6.0,"enemies":"The Guardian","floor":16.0,"turns":12.0},{"damage":4.0,"enemies":"Chosen","floor":18.0,"turns":4.0},{"damage":15.0,"enemies":"Spheric Guardian","floor":19.0,"turns":4.0},{"damage":18.0,"enemies":"Shelled Parasite and Fungi","floor":21.0,"turns":5.0},{"damage":6.0,"enemies":"3 Cultists","floor":22.0,"turns":4.0},{"damage":5.0,"enemies":"Slavers","floor":23.0,"turns":4.0},{"damage":22.0,"enemies":"Cultist and Chosen","floor":24.0,"turns":5.0},{"damage":10.0,"enemies":"Shelled Parasite and Fungi","floor":27.0,"turns":4.0},{"damage":4.0,"enemies":"Gremlin Leader","floor":28.0,"turns":6.0},{"damage":17.0,"enemies":"Slavers","floor":30.0,"turns":10.0},{"damage":48,"enemies":"Automaton","floor":33,"turns":7},{"damage":2,"enemies":"3 Shapes","floor":35,"turns":13},{"damage":6,"enemies":"3 Darklings","floor":36,"turns":5},{"damage":0,"enemies":"Transient","floor":37,"turns":5},{"damage":6,"enemies":"Nemesis","floor":40,"turns":9},{"damage":67,"enemies":"Giant Head","floor":42,"turns":10},{"damage":65,"enemies":"4 Shapes","floor":46,"turns":7},{"damage":19,"enemies":"Nemesis","floor":48,"turns":5},{"damage":94,"enemies":"Time Eater","floor":50,"turns":11},{"damage":64,"enemies":"Shield and Spear","floor":54,"turns":7},{"damage":92,"enemies":"The Heart","floor":55,"turns":8}],"seed_played":"5871918799237972885","potions_obtained":[{"floor":1.0,"key":"DuplicationPotion"},{"floor":4.0,"key":"SkillPotion"},{"floor":6.0,"key":"PowerPotion"},{"floor":13.0,"key":"BlessingOfTheForge"},{"floor":20.0,"key":"Strength Potion"},{"floor":22.0,"key":"HeartOfIron"},{"floor":27.0,"key":"HeartOfIron"},{"floor":30,"key":"DuplicationPotion"},{"floor":36,"key":"Weak Potion"},{"floor":46,"key":"BloodPotion"},{"floor":54,"key":"PowerPotion"}],"is_trial":false,"path_per_floor":["M","M","?","M","$","E","R","M","T","R","E","M","M","M","R","B",null,"M","M","?","M","M","E","M","$","T","M","E","?","E","$","R","B",null,"M","M","M","?","?","E","R","E","T","$","?","M","?","E","R","B",null,"R","$","E","B",null],"character_chosen":"IRONCLAD","items_purchased":["Disarm","Anchor","Lantern","Inflame","Limit Break","Vajra","Sword Boomerang+1"],"campfire_rested":3,"item_purchase_floors":[5,5,31,31,44,44,53],"current_hp_per_floor":[65,60,53,58,58,43,43,47,47,47,39,49,59,67,67,67,85,87,82,82,74,78,83,71,71,71,71,73,73,66,66,66,24,95,117,131,131,131,121,125,135,111,118,118,118,103,103,117,154,102,144,158,158,104,79],"gold":37,"neow_bonus":"TWO_FIFTY_GOLD","is_daily":false,"chose_seed":false,"campfire_upgraded":3,"win_rate":0.0,"timestamp":1614444116,"path_taken":["M","M","?","M","$","E","R","M","T","R","E","M","M","M","R","BOSS","M","M","?","M","?","E","M","$","T","M","E","?","E","$","R","BOSS","M","M","M","?","?","E","R","E","T","$","?","?","?","E","R","BOSS","R","$","E","BOSS"],"items_purchased_type":["Card","Relic","Relic","Card","Card","Relic","Card"],"build_version":"2020-12-22","purchased_purges":2,"victory":true,"max_hp_per_floor":[75,75,75,75,75,75,75,75,75,75,79,83,87,91,91,91,91,91,95,95,99,103,107,111,111,111,115,115,115,119,119,119,119,119,127,131,131,131,131,135,135,139,146,146,146,154,154,154,154,158,158,158,158,162,162],"relic_stats":{"Regal Pillow":0,"counters":[30,184],"Bag of Preparation":[22],"Question Card":32,"Boot":[16],"Burning Blood":174,"Blood Vial":4,"Lizard Tail":0,"Prayer Wheel":4,"Pandora\u0027s Box":["Spot Weakness","Cleave","Feel No Pain","Ghostly Armor","Pommel Strike","Reaper","Dual Wield"],"MealTicket":0,"Art of War":[27],"obtain_stats":[{"Regal Pillow":23,"Lantern":31,"Vajra":44,"Oddly Smooth Stone":54,"Bag of Preparation":30,"Question Card":9,"Boot":40,"Burning Blood":0,"Blood Vial":47,"Anchor":5,"Lizard Tail":42,"HornCleat":6,"Strawberry":43,"Molten Egg 2":11,"Prayer Wheel":28,"Pandora\u0027s Box":34,"MealTicket":48,"Fusion Hammer":17,"Art of War":29,"Red Mask":45},{"Regal Pillow":15,"Lantern":19,"Vajra":25,"Oddly Smooth Stone":29,"Bag of Preparation":19,"Question Card":5,"Boot":24,"Burning Blood":0,"Blood Vial":26,"Anchor":3,"Lizard Tail":25,"HornCleat":4,"Strawberry":25,"Molten Egg 2":6,"Prayer Wheel":18,"Pandora\u0027s Box":20,"MealTicket":27,"Fusion Hammer":10,"Art of War":18,"Red Mask":25},{"Regal Pillow":72,"Lantern":97,"Vajra":146,"Oddly Smooth Stone":176,"Bag of Preparation":97,"Question Card":23,"Boot":136,"Burning Blood":0,"Blood Vial":153,"Anchor":12,"Lizard Tail":146,"HornCleat":19,"Strawberry":146,"Molten Egg 2":28,"Prayer Wheel":87,"Pandora\u0027s Box":104,"MealTicket":158,"Fusion Hammer":51,"Art of War":87,"Red Mask":146}]},"card_choices":[{"not_picked":["Perfected Strike","Clothesline"],"picked":"Anger","floor":1.0},{"not_picked":["Clash","Pummel"],"picked":"Hemokinesis","floor":2.0},{"not_picked":["Dual Wield","Wild Strike","Sword Boomerang"],"picked":"SKIP","floor":4.0},{"not_picked":["Havoc","Hemokinesis","Metallicize"],"picked":"SKIP","floor":6.0},{"not_picked":["Cleave","Iron Wave"],"picked":"Feed","floor":8.0},{"not_picked":["Armaments","Sword Boomerang+1","Iron Wave+1","Anger+1"],"picked":"SKIP","floor":11.0},{"not_picked":["Flex","Cleave+1","Burning Pact"],"picked":"Blood for Blood+1","floor":12.0},{"not_picked":["Cleave+1","Bludgeon+1","Clothesline+1"],"picked":"Shrug It Off","floor":13.0},{"not_picked":["Dual Wield","Twin Strike+1","Flame Barrier"],"picked":"Whirlwind+1","floor":14.0},{"not_picked":["Immolate+1","Brutality","Barricade"],"picked":"Corruption","floor":16.0},{"not_picked":["Body Slam+1","Infernal Blade","Clothesline+1"],"picked":"Intimidate+1","floor":18.0},{"not_picked":["Perfected Strike+1","Entrench","Wild Strike+1"],"picked":"Thunderclap+1","floor":19.0},{"not_picked":["Flex","Sword Boomerang+1","Second Wind"],"picked":"Battle Trance","floor":21.0},{"not_picked":["Clothesline+1","Carnage+1","Dual Wield"],"picked":"Pommel Strike+1","floor":22.0},{"not_picked":["Flex","True Grit","Seeing Red"],"picked":"Shrug It Off+1","floor":23.0},{"not_picked":["Heavy Blade+1","Wild Strike+1","Cleave+1","Clash+1"],"picked":"SKIP","floor":24.0},{"not_picked":["Carnage+1","Intimidate+1","Infernal Blade"],"picked":"Headbutt+1","floor":27.0},{"not_picked":["Searing Blow+1","Shrug It Off+1","Power Through"],"picked":"Uppercut+1","floor":28.0},{"not_picked":["Rupture","Sentinel+1","Feed+1"],"picked":"Burning Pact","floor":30},{"not_picked":["Corruption","Double Tap","Fiend Fire+1"],"picked":"Exhume","floor":33},{"not_picked":["Evolve","Wild Strike+1","Twin Strike+1"],"picked":"Flame Barrier","floor":35},{"not_picked":["Rupture+1","Sword Boomerang+1","Entrench+1"],"picked":"Warcry+1","floor":35},{"not_picked":["Bloodletting","Hemokinesis+1","Iron Wave+1"],"picked":"Shrug It Off","floor":36},{"not_picked":["Iron Wave+1","Clothesline+1","Havoc","Entrench"],"picked":"SKIP","floor":36},{"not_picked":["Barricade","Pommel Strike+1","Power Through","Headbutt+1"],"picked":"SKIP","floor":37},{"not_picked":["Cleave+1","Disarm","Ghostly Armor","Clothesline+1"],"picked":"SKIP","floor":37},{"not_picked":["Barricade","Pommel Strike+1","Power Through","Headbutt+1"],"picked":"SKIP","floor":37},{"not_picked":["Cleave+1","Disarm","Ghostly Armor","Clothesline+1"],"picked":"SKIP","floor":37},{"not_picked":["Barricade","Pommel Strike+1","Power Through","Headbutt+1"],"picked":"SKIP","floor":37},{"not_picked":["Cleave+1","Disarm","Ghostly Armor","Clothesline+1"],"picked":"SKIP","floor":37},{"not_picked":["Forethought","Secret Weapon","Blind"],"picked":"Thinking Ahead","floor":39},{"not_picked":["HandOfGreed+1","Good Instincts","Trip"],"picked":"Finesse","floor":39},{"not_picked":["Perfected Strike+1","Battle Trance","True Grit"],"picked":"Feel No Pain","floor":40},{"not_picked":["Heavy Blade+1","Whirlwind+1","Shrug It Off"],"picked":"Body Slam+1","floor":42},{"not_picked":["Infernal Blade+1","Body Slam+1","Twin Strike+1"],"picked":"Sword Boomerang+1","floor":46},{"not_picked":["Whirlwind+1","Clash+1","Clothesline+1","Pommel Strike+1"],"picked":"SKIP","floor":46},{"not_picked":["Intimidate+1","Entrench","Combust"],"picked":"Evolve+1","floor":48},{"not_picked":["Seeing Red","Blood for Blood+1","Metallicize"],"picked":"Demon Form","floor":54}],"player_experience":2191061,"relics_obtained":[{"floor":6.0,"key":"HornCleat"},{"floor":9.0,"key":"Question Card"},{"floor":11.0,"key":"Molten Egg 2"},{"floor":23.0,"key":"Regal Pillow"},{"floor":28.0,"key":"Prayer Wheel"},{"floor":30,"key":"Bag of Preparation"},{"floor":40,"key":"Boot"},{"floor":42,"key":"Lizard Tail"},{"floor":43,"key":"Strawberry"},{"floor":48,"key":"MealTicket"},{"floor":54,"key":"Oddly Smooth Stone"}],"event_choices":[{"cards_removed":["Decay"],"damage_healed":0.0,"max_hp_gain":0.0,"max_hp_loss":0.0,"gold_gain":0.0,"event_name":"Golden Wing","player_choice":"Card Removal","floor":3.0,"gold_loss":0.0,"damage_taken":7.0},{"damage_healed":0.0,"max_hp_gain":0.0,"max_hp_loss":0.0,"gold_gain":0.0,"event_name":"Lab","player_choice":"Got Potions","floor":20.0,"gold_loss":0.0,"damage_taken":0.0},{"damage_healed":0.0,"max_hp_gain":0.0,"max_hp_loss":0.0,"gold_gain":0.0,"event_name":"Addict","player_choice":"Obtained Relic","floor":29.0,"gold_loss":85.0,"damage_taken":0.0,"relics_obtained":["Art of War"]},{"cards_removed":["Anger"],"damage_healed":0,"gold_gain":0,"player_choice":"Removed Attack","damage_taken":0,"max_hp_gain":0,"max_hp_loss":0,"event_name":"Falling","floor":38,"gold_loss":0},{"damage_healed":0,"gold_gain":0,"player_choice":"Memory 3","damage_taken":10,"max_hp_gain":0,"max_hp_loss":0,"event_name":"SensoryStone","floor":39,"gold_loss":0},{"damage_healed":0,"gold_gain":0,"player_choice":"Paid","damage_taken":0,"relics_obtained":["Red Mask"],"max_hp_gain":0,"max_hp_loss":0,"event_name":"Tomb of Lord Red Mask","floor":45,"gold_loss":19},{"cards_removed":["Thinking Ahead"],"damage_healed":0,"gold_gain":0,"player_choice":"Gave Card","damage_taken":0,"relics_obtained":["Blood Vial"],"max_hp_gain":0,"max_hp_loss":0,"event_name":"WeMeetAgain","floor":47,"gold_loss":0}],"is_beta":false,"boss_relics":[{"not_picked":["Runic Dome","Mark of Pain"],"picked":"Fusion Hammer"},{"not_picked":["Runic Cube","Coffee Dripper"],"picked":"Pandora\u0027s Box"}],"items_purged_floors":[5,25],"is_endless":false,"potions_floor_spawned":[1,4,6,13,16,18,22,27,30,36,42,46,54],"ascension_level":15}}