{"host":"8juwo4eokezucgda","time":1614440390,"event":{"mods":["AchievementEnabler","Aspiration","BaseMod","BetterRewards","Colored Map","Colored Powertips","Conspire","Downfall","Hermit","Hubris","Marisa????????","Minty Spire (QoL Compilation)","Rare Cards Sparkle","Relic Stats","Replay The Spire","StSLib","SuperFastMode","The Construct","The Cursed","The Disciple","The Hierophant","The Mystic","The Necromancer","The Runesmith","The Servant 0.9.4"],"gold_per_floor":[113,132,94,94,3956,3956,3985,3985,4009,4023,4040,4040,2933,2947,2947,3049,3049,3062,3074,3090,3105,3124,3124,3156,2061,2085,1180,1192,1192,1217,1317,1317,1422,1422,1441,1454,1454,1454,1472,1504,1524,696,696,706,718,356,376,406,406,406,406,406,456,489,489],"floor_reached":56,"language":"ENG","playtime":8790,"items_purged":["Strike_S","Strike_S","Strike_S","Defend_S","Ricochet","Starlight","KidneyShot"],"score":1526,"play_id":"6a84c08f-c539-440d-9f00-721af54aad9c","local_time":"20210227233950","is_ascension_mode":false,"campfire_choices":[{"floor":6.0,"key":"RECALL"},{"data":"Revamp","floor":8.0,"key":"SMITH"},{"data":"StarChef","floor":15.0,"key":"SMITH"},{"data":"FloweringNight","floor":23,"key":"SMITH"},{"data":"Mayhem","floor":29,"key":"SMITH"},{"data":"PendulumOfEternity","floor":32,"key":"SMITH"},{"data":"FloweringNight","floor":49,"key":"SMITH"},{"data":"DualDimension","floor":52,"key":"SMITH"}],"circlet_count":0,"master_deck":["Exchange","Rewind","Defy","Replay:Poison Smokescreen","Backstab","Barrier","Collapse+1","Revamp+1","Unruled","SilverBlades","Iron Wave","SoulSculpture","FloweringNight+1","LightFlow","SpecialFormula","Violence","Sunlight","StarChef+1","InstantArmor","MoonPhase","Dilation","Moonlight","Contraction","DoubleEdge+1","Sunlight","Rewind+1","Mayhem+1","Reset","SurpressingFire+1","Reset","GearUp","Luminosity","PendulumOfEternity+1","FastForward+1","FloweringNight+1","InstantArmor","Advance+1","BottledTime+1","DualDimension+1","ShatteredReality+1","Desolation","Comet","ReplayTheSpireMod:Private Reserves+1","Chrysalis","Dilation"],"relics":["Uniform","NeowsBlessing","construct:FoamFinger","Kunai","Lee\u0027s Waffle","conspire:BottledYoYo","Runesmith:AutoHammer","aspiration:VileToxins","Orrery","conspire:RoyalGoblet","aspiration:Stabinomicon","Runesmith:Nanobots","conspire:Dentures","DollysMirror","Turnip","Akabeko","Chemical X","StrikeDummy","aspiration:HatOfInfinitePower","conspire:Flyswatter","aspiration:PoetsPen_weak","Matryoshka","Mummified Hand","construct:RocketBooster","BargainBundle","Vajra","hubris:SlimyHat","ReplayFunnel","Runesmith:Locket","Strange Spoon","Oddly Smooth Stone","Strawberry","aspiration:ChemicalBlood","conspire:TreasureMap","Replay:Mystery Machine"],"acts_visited":["Exordium","TheCity","TheBeyond","TheEnding"],"potions_floor_usage":[55],"damage_taken":[{"damage":0.0,"enemies":"Jaw Worm","floor":1.0,"turns":1.0},{"damage":0.0,"enemies":"Cultist","floor":2.0,"turns":1.0},{"damage":0.0,"enemies":"Lagavulin","floor":7.0,"turns":1.0},{"damage":0.0,"enemies":"Small Slimes","floor":10.0,"turns":3.0},{"damage":13.0,"enemies":"Exordium Thugs","floor":11.0,"turns":5.0},{"damage":0.0,"enemies":"2 Fungi Beasts","floor":14.0,"turns":1.0},{"damage":0.0,"enemies":"Slime Boss","floor":16.0,"turns":9.0},{"damage":0,"enemies":"2 Thieves","floor":18,"turns":2},{"damage":17,"enemies":"3 Byrds","floor":19,"turns":5},{"damage":4,"enemies":"Cultist and Chosen","floor":20,"turns":4},{"damage":2,"enemies":"3 Cultists","floor":21,"turns":5},{"damage":10,"enemies":"Shelled Parasite and Fungi","floor":22,"turns":4},{"damage":39,"enemies":"Book of Stabbing","floor":24,"turns":4},{"damage":0,"enemies":"Centurion and Healer","floor":28,"turns":3},{"damage":0,"enemies":"Replay:Snechameleon","floor":30,"turns":6},{"damage":1,"enemies":"Colosseum Slavers","floor":31,"turns":3},{"damage":12,"enemies":"Colosseum Nobs","floor":31,"turns":5},{"damage":51,"enemies":"Champ","floor":33,"turns":7},{"damage":0,"enemies":"3 Darklings","floor":35,"turns":2},{"damage":13,"enemies":"3 Shapes","floor":36,"turns":2},{"damage":4,"enemies":"Spire Growth","floor":39,"turns":2},{"damage":43,"enemies":"Reptomancer","floor":40,"turns":3},{"damage":21,"enemies":"Transient","floor":41,"turns":5},{"damage":0,"enemies":"Writhing Mass","floor":44,"turns":2},{"damage":0,"enemies":"3 Darklings","floor":45,"turns":2},{"damage":0,"enemies":"4 Shapes","floor":47,"turns":2},{"damage":0,"enemies":"Giant Head","floor":48,"turns":2},{"damage":0,"enemies":"Time Eater","floor":50,"turns":2},{"damage":29,"enemies":"Shield and Spear","floor":54,"turns":5},{"damage":22,"enemies":"The Heart","floor":55,"turns":5}],"seed_played":"4482051189192236519","potions_obtained":[{"floor":14.0,"key":"EssenceOfSteel"},{"floor":39,"key":"DuplicationPotion"},{"floor":47,"key":"FairyPotion"},{"floor":55,"key":"SpeedPotion"}],"is_trial":false,"path_per_floor":["M","M","?","?","$","R","E","R","T","M","M","?","$","M","R","B",null,"M","M","M","M","M","R","E","$","T","$","M","R","E","?","R","B",null,"M","M","?","?","M","E","M","$","T","M","M","$","M","E","R","B",null,"R","$","E","B",null],"character_chosen":"THE_SERVANT","items_purchased":["construct:FoamFinger","Kunai","Lee\u0027s Waffle","Ancient Potion","Guardian:BlockOnCardUsePotion","Toxic Potion","Barrier","Collapse+1","Revamp","aspiration:VileToxins","SoulSculpture","FloweringNight","LightFlow","SpecialFormula","Violence","Orrery","Runesmith:Nanobots","conspire:Dentures","Mayhem","Reset","SurpressingFire","DollysMirror","Turnip","Akabeko","Chemical X","GearUp","Luminosity","Mummified Hand","construct:RocketBooster","BargainBundle","ReplayFunnel","Runesmith:Locket","Strange Spoon","BlessingOfTheForge","Strawberry","aspiration:ChemicalBlood","conspire:TreasureMap","ReplayTheSpireMod:Private Reserves","Chrysalis"],"campfire_rested":0,"item_purchase_floors":[5,5,5,5,5,5,5,5,5,13,13,13,13,13,13,13,25,25,25,25,25,25,27,27,27,27,27,42,42,42,46,46,46,46,53,53,53,53,53],"current_hp_per_floor":[65,65,65,65,72,72,72,72,72,72,59,59,59,59,59,64,72,72,55,56,59,49,49,10,10,10,10,15,15,20,61,61,15,72,72,59,59,59,55,29,51,51,51,51,51,51,56,56,56,61,72,72,79,60,57],"gold":489,"neow_bonus":"THREE_ENEMY_KILL","is_daily":false,"chose_seed":false,"campfire_upgraded":7,"win_rate":0.0,"timestamp":1614440390,"path_taken":["M","M","?","?","$","R","E","R","T","M","?","?","$","M","R","BOSS","M","?","M","M","M","R","E","$","T","$","M","R","E","?","R","BOSS","M","M","?","?","M","E","?","$","T","M","M","$","M","E","R","BOSS","R","$","E","BOSS"],"items_purchased_type":["Relic","Relic","Relic","Potion","Potion","Potion","Card","Card","Card","Relic","Card","Card","Card","Card","Card","Relic","Relic","Relic","Card","Card","Card","Relic","Relic","Relic","Relic","Card","Card","Relic","Relic","Relic","Relic","Relic","Relic","Potion","Relic","Relic","Relic","Card","Card"],"build_version":"2020-12-22","purchased_purges":7,"victory":true,"max_hp_per_floor":[65,65,65,65,72,72,72,72,72,72,72,72,72,72,72,72,72,72,72,72,72,72,72,72,72,72,72,72,72,72,72,72,72,72,72,72,72,72,72,72,72,72,72,72,72,72,72,72,72,72,72,72,79,79,79],"relic_stats":{"Strange Spoon":[22],"Lee\u0027s Waffle":7,"counters":[30,103],"Mummified Hand":[29],"Turnip":[28],"Kunai":[35],"Chemical X":[3],"obtain_stats":[{"ReplayFunnel":46,"construct:FoamFinger":5,"conspire:RoyalGoblet":17,"Vajra":43,"Runesmith:Locket":46,"aspiration:PoetsPen_weak":34,"Uniform":0,"aspiration:Stabinomicon":24,"hubris:SlimyHat":43,"Replay:Mystery Machine":54,"Matryoshka":40,"DollysMirror":25,"Mummified Hand":42,"Strawberry":53,"Kunai":5,"Chemical X":27,"aspiration:ChemicalBlood":53,"aspiration:VileToxins":13,"conspire:Dentures":25,"Lee\u0027s Waffle":5,"Runesmith:Nanobots":25,"BargainBundle":42,"conspire:TreasureMap":53,"construct:RocketBooster":42,"NeowsBlessing":0,"Oddly Smooth Stone":48,"Akabeko":27,"Strange Spoon":46,"Orrery":13,"Turnip":27,"conspire:BottledYoYo":7,"Runesmith:AutoHammer":9,"StrikeDummy":30,"aspiration:HatOfInfinitePower":31,"conspire:Flyswatter":31},{"ReplayFunnel":25,"construct:FoamFinger":2,"conspire:RoyalGoblet":7,"Vajra":23,"Runesmith:Locket":25,"aspiration:PoetsPen_weak":18,"Uniform":0,"aspiration:Stabinomicon":13,"hubris:SlimyHat":23,"Replay:Mystery Machine":29,"Matryoshka":22,"DollysMirror":13,"Mummified Hand":23,"Strawberry":28,"Kunai":2,"Chemical X":13,"aspiration:ChemicalBlood":28,"aspiration:VileToxins":5,"conspire:Dentures":13,"Lee\u0027s Waffle":2,"Runesmith:Nanobots":13,"BargainBundle":23,"conspire:TreasureMap":28,"construct:RocketBooster":23,"NeowsBlessing":0,"Oddly Smooth Stone":27,"Akabeko":13,"Strange Spoon":25,"Orrery":5,"Turnip":13,"conspire:BottledYoYo":3,"Runesmith:AutoHammer":3,"StrikeDummy":15,"aspiration:HatOfInfinitePower":17,"conspire:Flyswatter":17},{"ReplayFunnel":87,"construct:FoamFinger":2,"conspire:RoyalGoblet":21,"Vajra":83,"Runesmith:Locket":87,"aspiration:PoetsPen_weak":69,"Uniform":0,"aspiration:Stabinomicon":45,"hubris:SlimyHat":83,"Replay:Mystery Machine":98,"Matryoshka":78,"DollysMirror":45,"Mummified Hand":83,"Strawberry":93,"Kunai":2,"Chemical X":45,"aspiration:ChemicalBlood":93,"aspiration:VileToxins":11,"conspire:Dentures":45,"Lee\u0027s Waffle":2,"Runesmith:Nanobots":45,"BargainBundle":83,"conspire:TreasureMap":93,"construct:RocketBooster":83,"NeowsBlessing":0,"Oddly Smooth Stone":91,"Akabeko":45,"Strange Spoon":87,"Orrery":11,"Turnip":45,"conspire:BottledYoYo":3,"Runesmith:AutoHammer":3,"StrikeDummy":54,"aspiration:HatOfInfinitePower":62,"conspire:Flyswatter":62}]},"card_choices":[{"not_picked":["Ricochet","BottledTime"],"picked":"Rewind","floor":1.0},{"not_picked":["Revamp","Potential"],"picked":"Defy","floor":2.0},{"not_picked":["Rewind","Defy"],"picked":"Unruled","floor":7.0},{"not_picked":["Defy","Potential"],"picked":"Starlight","floor":10.0},{"not_picked":["Defy","Replace"],"picked":"SilverBlades","floor":11.0},{"not_picked":["StarChef","InstantArmor"],"picked":"Sunlight","floor":13.0},{"not_picked":["Revamp","Barrier"],"picked":"StarChef","floor":13.0},{"not_picked":["Spin","Alleviate"],"picked":"InstantArmor","floor":13.0},{"not_picked":["Replace","Alleviate"],"picked":"Ricochet","floor":13.0},{"not_picked":["Advance","Read"],"picked":"MoonPhase","floor":13.0},{"not_picked":["Alleviate","TimeWarp","Spin"],"picked":"SKIP","floor":14.0},{"not_picked":["TheWorld","MurderousAura"],"picked":"Dilation","floor":16.0},{"not_picked":["Unruled","Misdirection"],"picked":"Moonlight","floor":18},{"not_picked":["FastForward","Rearm+1","Starlight+1"],"picked":"SKIP","floor":19},{"not_picked":["ShatteredReality+1","Alleviate"],"picked":"Contraction","floor":20},{"not_picked":["GearUp","Ricochet+1"],"picked":"DoubleEdge+1","floor":21},{"not_picked":["TimeWarp+1","Collapse"],"picked":"Sunlight","floor":22},{"not_picked":["BottledTime","Hightail"],"picked":"Rewind+1","floor":24},{"not_picked":["MoonPhase","Unruled","Rearm"],"picked":"SKIP","floor":28},{"not_picked":["Unruled+1","SilverBlades+1"],"picked":"PendulumOfEternity","floor":30},{"not_picked":["WasteNot","MoonPhase"],"picked":"FastForward+1","floor":31},{"not_picked":["Duplication","MurderousAura"],"picked":"FloweringNight","floor":33},{"not_picked":["Replace+1","Ricochet+1"],"picked":"InstantArmor","floor":35},{"not_picked":["FastForward+1","Foresight","Revamp"],"picked":"SKIP","floor":36},{"not_picked":["ShatteredReality","Unruled","SilverBlades"],"picked":"SKIP","floor":39},{"not_picked":["BottledTime+1","Rearm"],"picked":"Advance+1","floor":40},{"not_picked":["Gouge","ShiftingGears"],"picked":"BottledTime+1","floor":41},{"not_picked":["Spin+1","ForgedInTime"],"picked":"DualDimension","floor":44},{"not_picked":["Rearm+1","Revamp"],"picked":"ShatteredReality+1","floor":45},{"not_picked":["Revamp","Barrier+1"],"picked":"Desolation","floor":47},{"not_picked":["Collapse","ForgedInTime"],"picked":"Comet","floor":48},{"not_picked":["Barrier","BottledTime"],"picked":"Dilation","floor":54}],"player_experience":193019,"relics_obtained":[{"floor":7.0,"key":"conspire:BottledYoYo"},{"floor":9.0,"key":"Runesmith:AutoHammer"},{"floor":24,"key":"aspiration:Stabinomicon"},{"floor":30,"key":"StrikeDummy"},{"floor":31,"key":"aspiration:HatOfInfinitePower"},{"floor":31,"key":"conspire:Flyswatter"},{"floor":40,"key":"Matryoshka"},{"floor":43,"key":"Vajra"},{"floor":43,"key":"hubris:SlimyHat"},{"floor":48,"key":"Oddly Smooth Stone"},{"floor":54,"key":"Replay:Mystery Machine"}],"event_choices":[{"damage_healed":0.0,"max_hp_gain":0.0,"max_hp_loss":0.0,"gold_gain":0.0,"event_name":"World of Goop","player_choice":"Left Gold","floor":3.0,"gold_loss":38.0,"damage_taken":0.0},{"cards_removed":["Defend_S"],"damage_healed":0.0,"max_hp_gain":0.0,"max_hp_loss":0.0,"gold_gain":0.0,"event_name":"NoteForYourself","player_choice":"Took Card","floor":12.0,"gold_loss":0.0,"damage_taken":0.0,"cards_obtained":["Iron Wave"]},{"damage_healed":0,"gold_gain":0,"player_choice":"Fight","damage_taken":0,"max_hp_gain":0,"max_hp_loss":0,"event_name":"Colosseum","floor":31,"gold_loss":0},{"damage_healed":0,"gold_gain":0,"player_choice":"Fought Nobs","damage_taken":0,"max_hp_gain":0,"max_hp_loss":0,"event_name":"Colosseum","floor":31,"gold_loss":0},{"damage_healed":0,"gold_gain":0,"player_choice":"Leave","damage_taken":0,"max_hp_gain":0,"max_hp_loss":0,"event_name":"conspire:Investor","floor":37,"gold_loss":0},{"cards_removed":["Doppelganger"],"damage_healed":0,"gold_gain":0,"player_choice":"Purged","damage_taken":0,"max_hp_gain":0,"max_hp_loss":0,"event_name":"Purifier","floor":38,"gold_loss":0}],"is_beta":false,"boss_relics":[{"not_picked":["bronze:MakeshiftBattery","Painkiller Herb"],"picked":"conspire:RoyalGoblet"},{"not_picked":["Velvet Choker","hubris:VirtuousBlindfold"],"picked":"aspiration:PoetsPen_weak"}],"items_purged_floors":[5,13,25,27,42,46,53],"is_endless":false,"potions_floor_spawned":[10,11,14,19,22,24,28,31,31,39,40,47,48,54],"ascension_level":0}}