{"host":"1buigr2wepn3ivn6","time":1614436141,"event":{"mods":["100% Spire Juice","BaseMod","Better Altar","BetterRewards","CapriCore","GifTheSpireLib","Minty Spire (QoL Compilation)","MostiFishMod","Reliquary","Replay The Spire","Spicy Shops","StSLib","TestMod","Transform Curses","【功能Mod】聪明的最终Boss","【遗物卡牌】REMEMod"],"gold_per_floor":[119,119,119,519,54,54,81,92,92,105,105,134,134,159,159,159,159,254,254,274,274,274,170,190,222,236,253,253,104,129,129,147,172,172,275,275,291,311,311,311,325,354,371,371,371,371,401,426,426,439,439,439],"floor_reached":53,"language":"ZHS","playtime":2277,"items_purged":["Moonworks:Bloodlust"],"score":1800,"play_id":"43fb3188-7d67-44c2-846f-fb3f3a7ab279","local_time":"20210227222901","daily_mods":["Heirloom","DeadlyEvents"],"is_ascension_mode":true,"campfire_choices":[{"data":"MostiFishMod:SephirahHod","floor":6,"key":"SMITH"},{"data":"Moonworks:IndiscriminateFireSupport","floor":11,"key":"SMITH"},{"data":"Moonworks:IntelligenceOfficer","floor":13,"key":"SMITH"},{"floor":17,"key":"REST"},{"data":"Moonworks:MeltingMemories","floor":34,"key":"SMITH"},{"data":"Moonworks:Gamble","floor":44,"key":"SMITH"},{"data":"MostiFishMod:JungleRules","floor":51,"key":"SMITH"}],"circlet_count":0,"master_deck":["Moonworks:Strike","Moonworks:Strike","Moonworks:Strike","Moonworks:Strike+1","Moonworks:Defend","Moonworks:Defend","Moonworks:Defend","Moonworks:Defend","Moonworks:Ambush","Moonworks:LongDistanceShot","MostiFishMod:SephirahHod+1","MostiFishMod:VineMother","Moonworks:SakisCookie","Moonworks:SealedMemories","Moonworks:MiracleRedBeanIceCream","Moonworks:StiffCrystal","Moonworks:IntelligenceOfficer+1","Moonworks:NicePresent","Moonworks:CloudOfSeagulls+1","Moonworks:MeltingMemories+1","Moonworks:FullSpeedAlicianrone+1","Moonworks:DeployBits","Moonworks:EvilSpyWorkPreparation","Moonworks:AngelHand+1","Moonworks:Wanted","Moonworks:WeAreWaruda","MostiFishMod:JungleRules+1","Moonworks:RagingMadness","Moonworks:Gamble+1","Moonworks:LulusLuckyEgg","Moonworks:CookingTime","testmod-PainDetonator","Moonworks:LuckyCharm","Moonworks:AccelHyper+1","Moonworks:ShieldCounter+1","Moonworks:EvilSpyWorkPreparation+1","Moonworks:ReproductionOfRecords+1","Moonworks:ShieldCounter+1","testmod-Dream+1","Moonworks:HolyNight+1","Moonworks:LulusLuckyEgg+1","Moonworks:MixPhenomenon","testmod-BackupPower","Moonworks:JonathanRush","Moonworks:Heat300Percent+1","REME_MagicPocketWatch","Moonworks:CookingTime+1"],"relics":["Moonworks:BrokenBomb","Moonworks:Homemark","testmod-TestBox","DaveBox","testmod-ObsoleteBoomerang","MostiFishMod:Hod","testmod-GiftOfSatan","SynthV:TestCard","testmod-BouquetWithThorns","Dream Catcher","Shuriken","reliquary:Vitrine","testmod-Motorcycle","Black Star","ImprovedEquipment","Replay:WaspNest","OriginationStaff","DiscerningMonocle","DianPoetry","testmod-CasingShield","Whetstone","testmod-ConstraintPeriapt","Dodecahedron","Ornamental Fan","InkBottle","Boot","StrikeDummy","Torii","BrkXgEgg","Civilization","testmod-OneHitWonder","Garlic","PreservedInsect","OneHitWonderSystem","Mercury Hourglass","reliquary:FingerTrap","reliquary:Buckler","Counterbalance","Thread and Needle","reliquary:PurpleTingedLeaf","Medical Kit","Bird Faced Urn","Oddly Smooth Stone","Pear","testmod-Antiphasic","Toolbox","reliquary:ExpiredCoupon","BionicSphere","reliquary:WeakTea","testmod-Brilliant"],"acts_visited":["Exordium","TheCity","TheBeyond"],"potions_floor_usage":[25,29,32,33,46,52,52,52],"damage_taken":[{"damage":0,"enemies":"2 Louse","floor":1,"turns":1},{"damage":0,"enemies":"Cultist","floor":5,"turns":2},{"damage":0,"enemies":"Gremlin Nob","floor":7,"turns":2},{"damage":0,"enemies":"Small Slimes","floor":8,"turns":1},{"damage":0,"enemies":"Blue Slaver","floor":10,"turns":1},{"damage":0,"enemies":"3 Sentries","floor":12,"turns":1},{"damage":0,"enemies":"Lagavulin","floor":14,"turns":2},{"damage":0,"enemies":"Slime Boss","floor":18,"turns":2},{"damage":0,"enemies":"Chosen","floor":20,"turns":1},{"damage":1,"enemies":"2 Thieves","floor":23,"turns":2},{"damage":0,"enemies":"3 Cultists","floor":24,"turns":2},{"damage":13,"enemies":"Slavers","floor":25,"turns":1},{"damage":0,"enemies":"Snecko","floor":26,"turns":2},{"damage":8,"enemies":"Centurion and Healer","floor":27,"turns":3},{"damage":0,"enemies":"Gremlin Leader","floor":30,"turns":2},{"damage":0,"enemies":"3 Cultists","floor":32,"turns":1},{"damage":7,"enemies":"Slavers","floor":33,"turns":2},{"damage":2,"enemies":"Pondfish","floor":35,"turns":3},{"damage":0,"enemies":"3 Darklings","floor":37,"turns":2},{"damage":0,"enemies":"3 Shapes","floor":38,"turns":2},{"damage":0,"enemies":"Spire Growth","floor":41,"turns":1},{"damage":0,"enemies":"Reptomancer","floor":42,"turns":2},{"damage":0,"enemies":"3 Darklings","floor":43,"turns":2},{"damage":0,"enemies":"R_Hoarder","floor":47,"turns":1},{"damage":0,"enemies":"Reptomancer","floor":48,"turns":1},{"damage":0,"enemies":"Sphere and 2 Shapes","floor":50,"turns":1},{"damage":0,"enemies":"Donu and Deca","floor":52,"turns":6}],"seed_played":"-8893849936307563214","potions_obtained":[{"floor":1,"key":"Dexterity Potion"},{"floor":5,"key":"SkillPotion"},{"floor":14,"key":"ColorlessPotion"},{"floor":20,"key":"Moonworks:OneHundredPercentOrangeJuicePotion"},{"floor":25,"key":"Swift Potion"},{"floor":32,"key":"testmod-SpacePotion"},{"floor":41,"key":"Toxic Potion"}],"is_trial":true,"path_per_floor":["M","?","?","?","M","R","E","M","T","M","R","E","R","E","PTL","PTL","R","B",null,"M","?","?","M","M","E","M","M","T","$","E","$","M","E","R","B",null,"M","M","$","?","M","E","M","R","T","$","E","E","?","M","R","B",null],"character_chosen":"THE_STARBREAKER","items_purchased":["DiscerningMonocle","DianPoetry","testmod-CasingShield","Whetstone","testmod-ConstraintPeriapt","Dodecahedron","REME_GoldPotion","MostiFishMod:JungleRules","Moonworks:RagingMadness","Regen Potion","Energy Potion","Boot","StrikeDummy","Torii","BrkXgEgg","Civilization","testmod-OneHitWonder","Moonworks:LulusLuckyEgg","Moonworks:CookingTime","testmod-PainDetonator","Mercury Hourglass","reliquary:FingerTrap","reliquary:Buckler","Moonworks:ShieldCounter+1","testmod-Dream+1","SkillPotion","SkillPotion","AttackPotion","Medical Kit","Bird Faced Urn","Oddly Smooth Stone","Pear","testmod-Antiphasic","Toolbox","REME_GoldPotion","Moonworks:MixPhenomenon","testmod-BackupPower","Swift Potion"],"campfire_rested":1,"item_purchase_floors":[29,29,29,29,29,29,29,29,29,29,29,31,31,31,31,31,31,31,31,31,39,39,39,39,39,39,39,39,46,46,46,46,46,46,46,46,46,46],"current_hp_per_floor":[67,55,60,60,60,60,63,68,68,79,79,79,79,79,79,79,79,79,79,79,79,79,78,78,68,86,93,93,93,93,93,96,94,94,106,1,13,6,1,1,6,6,6,1,1,11,6,6,1,6,1,6],"gold":439,"neow_bonus":"","is_daily":false,"chose_seed":false,"campfire_upgraded":6,"win_rate":0.0,"timestamp":1614436141,"path_taken":["M","?","?","?","M","R","E","M","T","?","R","?","R","E","PTL","PTL","R","BOSS","M","?","?","?","?","E","M","M","T","$","E","?","M","?","R","BOSS","M","M","$","?","?","E","M","R","T","$","E","?","?","M","R","BOSS"],"items_purchased_type":["Relic","Relic","Relic","Relic","Relic","Relic","Potion","Card","Card","Potion","Potion","Relic","Relic","Relic","Relic","Relic","Relic","Card","Card","Card","Relic","Relic","Relic","Card","Card","Potion","Potion","Potion","Relic","Relic","Relic","Relic","Relic","Relic","Potion","Card","Card","Potion"],"build_version":"2020-12-22","purchased_purges":1,"victory":true,"max_hp_per_floor":[67,67,72,72,72,72,72,72,72,79,79,79,79,79,79,79,79,79,79,79,79,79,79,79,79,86,93,93,93,93,93,96,101,101,113,1,13,6,1,1,6,6,6,1,1,11,6,6,1,6,1,6],"card_choices":[{"not_picked":["Moonworks:JonathanRush","Moonworks:AwakeningOfTalent"],"picked":"Moonworks:SakisCookie","floor":1},{"not_picked":["Moonworks:ImmovableObject","Moonworks:Poppoformation","Moonworks:DeployBits","Moonworks:IntelligenceOfficer"],"picked":"Moonworks:SealedMemories","floor":5},{"not_picked":["Moonworks:BigMagnum","Moonworks:DevilHand","Moonworks:ReproductionOfRecords","Moonworks:LulusLuckyEgg"],"picked":"Moonworks:MiracleRedBeanIceCream","floor":7},{"not_picked":["Moonworks:SakisCookie","Moonworks:SweetBattle","Moonworks:DevilHand","Moonworks:AwakeningOfTalent"],"picked":"Moonworks:IndiscriminateFireSupport","floor":8},{"not_picked":["Moonworks:DeployBits","Moonworks:NicePresent","Moonworks:ImOnFire","Moonworks:AccelHyper"],"picked":"Moonworks:StiffCrystal","floor":10},{"not_picked":["Moonworks:ReproductionOfRecords","Moonworks:SakisCookie","Moonworks:IndiscriminateFireSupport","Moonworks:Assault"],"picked":"Moonworks:IntelligenceOfficer","floor":12},{"not_picked":["Moonworks:ImOnFire","Moonworks:AngelHand","Moonworks:BigMagnum","Moonworks:TacticalRetreat"],"picked":"Moonworks:NicePresent","floor":14},{"not_picked":["Moonworks:BigMagnum","Moonworks:SakisCookie","Moonworks:x16BigRocket","Moonworks:CookingTime"],"picked":"Moonworks:CloudOfSeagulls","floor":17},{"not_picked":["Moonworks:ReflectiveShell","Moonworks:Blazing","Moonworks:GoAway","Moonworks:SinkOrSwim"],"picked":"Moonworks:MeltingMemories","floor":18},{"not_picked":["Moonworks:ImOnFire","Moonworks:Assault","Moonworks:SelfDestruct","Moonworks:WindyEnchantment"],"picked":"Moonworks:FullSpeedAlicianrone+1","floor":20},{"not_picked":["Moonworks:CloudOfSeagulls","Moonworks:BackdoorTrade","Moonworks:LulusLuckyEgg","Moonworks:JonathanRush"],"picked":"Moonworks:EvilSpyWorkPreparation","floor":23},{"not_picked":["Moonworks:WindyEnchantment","Moonworks:EvilSpyWorkPreparation","Moonworks:IndiscriminateFireSupport+1","Moonworks:BigMagnum"],"picked":"Moonworks:AngelHand+1","floor":24},{"not_picked":["Moonworks:CookingTime","Moonworks:EvilSpyWorkPreparation","Moonworks:DeployBits","Moonworks:UnpaidWork+1"],"picked":"Moonworks:Wanted","floor":25},{"not_picked":["Moonworks:NicePresent","Moonworks:Assault","Moonworks:IndiscriminateFireSupport","Moonworks:DeployBits"],"picked":"Moonworks:Bloodlust","floor":26},{"not_picked":["Moonworks:NicePresent+1","Moonworks:LulusLuckyEgg","Moonworks:CloudOfSeagulls+1","Moonworks:Assault"],"picked":"Moonworks:WeAreWaruda","floor":27},{"not_picked":["Moonworks:DevilHand","Moonworks:NicePresent+1","Moonworks:LulusLuckyEgg","Moonworks:BigMagnum+1"],"picked":"Moonworks:Gamble","floor":30},{"not_picked":["Moonworks:DeployBits","Moonworks:BigMagnum+1","Moonworks:EvilSpyWorkPreparation","Moonworks:CloudOfSeagulls+1"],"picked":"Moonworks:LuckyCharm","floor":32},{"not_picked":["Moonworks:EvilSpyWorkPreparation","Moonworks:CompletionReward","Moonworks:Assault+1","Moonworks:CloudOfSeagulls"],"picked":"Moonworks:AccelHyper+1","floor":33},{"not_picked":["Moonworks:RocketCannon+1","Moonworks:FinalBattle+1","Moonworks:StarBlastingFuse+1","Moonworks:MeltingMemories+1"],"picked":"Moonworks:ShieldCounter+1","floor":35},{"not_picked":["Moonworks:CompletionReward","Moonworks:DeployBits+1","Moonworks:IndiscriminateFireSupport+1","Moonworks:SakisCookie"],"picked":"Moonworks:EvilSpyWorkPreparation+1","floor":37},{"not_picked":["Moonworks:JonathanRush","Moonworks:ScrambledEve","Moonworks:BindingChains","Moonworks:IndiscriminateFireSupport+1"],"picked":"Moonworks:ReproductionOfRecords+1","floor":38},{"not_picked":["Moonworks:SakisCookie","Moonworks:Assault+1","Moonworks:ImOnFire+1","Moonworks:MiracleRedBeanIceCream"],"picked":"Moonworks:HolyNight+1","floor":41},{"not_picked":["Moonworks:Poppoformation","Moonworks:BigMagnum+1","Moonworks:ImOnFire","Moonworks:FinalSurgery","Moonworks:Dash"],"picked":"SKIP","floor":42},{"not_picked":["Moonworks:Flamethrower","Moonworks:IndiscriminateFireSupport+1","Moonworks:Assault+1","Moonworks:BigMagnum"],"picked":"Moonworks:LulusLuckyEgg+1","floor":43},{"not_picked":["Moonworks:IndiscriminateFireSupport","Moonworks:ExtendedPhotonRifle","Moonworks:WindyEnchantment+1","Moonworks:CastOff"],"picked":"Moonworks:JonathanRush","floor":47},{"not_picked":["Moonworks:SelfDestruct+1","Moonworks:CastOff","Moonworks:BindingChains","Moonworks:CompletionReward"],"picked":"Moonworks:Heat300Percent+1","floor":48},{"not_picked":["testmod-LifeRuler","REME_HeartOfCthun+1","Madness","MostiFishMod:Awakening+1"],"picked":"REME_MagicPocketWatch","floor":49},{"not_picked":["Moonworks:LulusLuckyEgg+1","Moonworks:BigBangBell","Moonworks:AngelHand+1","Moonworks:DeployBits"],"picked":"Moonworks:CookingTime+1","floor":50}],"player_experience":188460,"relics_obtained":[{"floor":1,"key":"SynthV:TestCard"},{"floor":7,"key":"Dream Catcher"},{"floor":9,"key":"Shuriken"},{"floor":12,"key":"reliquary:Vitrine"},{"floor":14,"key":"testmod-Motorcycle"},{"floor":25,"key":"ImprovedEquipment"},{"floor":25,"key":"Replay:WaspNest"},{"floor":28,"key":"OriginationStaff"},{"floor":30,"key":"Ornamental Fan"},{"floor":30,"key":"InkBottle"},{"floor":33,"key":"Garlic"},{"floor":33,"key":"PreservedInsect"},{"floor":42,"key":"Counterbalance"},{"floor":42,"key":"Thread and Needle"},{"floor":45,"key":"reliquary:PurpleTingedLeaf"},{"floor":47,"key":"reliquary:ExpiredCoupon"},{"floor":47,"key":"BionicSphere"},{"floor":48,"key":"reliquary:WeakTea"},{"floor":48,"key":"testmod-Brilliant"}],"event_choices":[{"damage_healed":0,"gold_gain":0,"player_choice":"Success","damage_taken":12,"relics_obtained":["testmod-BouquetWithThorns"],"max_hp_gain":0,"max_hp_loss":0,"event_name":"Scrap Ooze","floor":2,"gold_loss":0},{"damage_healed":0,"gold_gain":0,"player_choice":"Donut","damage_taken":0,"max_hp_gain":5,"max_hp_loss":0,"event_name":"Big Fish","floor":3,"gold_loss":0},{"damage_healed":0,"gold_gain":400,"player_choice":"Sell","damage_taken":0,"max_hp_gain":0,"max_hp_loss":0,"event_name":"恩洛斯的盘子","floor":4,"relics_lost":["REME_ComplimentaryCards"],"gold_loss":0},{"damage_healed":0,"gold_gain":0,"player_choice":"Read","damage_taken":0,"max_hp_gain":0,"max_hp_loss":0,"event_name":"The Library","floor":21,"gold_loss":0,"cards_obtained":["Moonworks:DeployBits"]},{"damage_healed":0,"gold_gain":0,"player_choice":"Ignored","damage_taken":0,"max_hp_gain":0,"max_hp_loss":0,"event_name":"Beggar","floor":22,"gold_loss":0},{"damage_healed":0,"gold_gain":0,"player_choice":"Ignored","damage_taken":0,"max_hp_gain":0,"max_hp_loss":0,"event_name":"SecretPortal","floor":40,"gold_loss":0},{"damage_healed":0,"gold_gain":0,"player_choice":"Memory 1","damage_taken":0,"max_hp_gain":0,"max_hp_loss":0,"event_name":"SensoryStone","floor":49,"gold_loss":0}],"is_beta":false,"boss_relics":[{"not_picked":["reliquary:RedPaperclip","Replay:Ancient Bell"],"picked":"Black Star"},{"not_picked":["testmod-GoldenSoul","Velvet Choker"],"picked":"OneHitWonderSystem"}],"items_purged_floors":[31],"is_endless":false,"potions_floor_spawned":[1,5,14,20,24,25,32,41,48,50],"ascension_level":5}}