{"host":"r4aerl4ckfvw1dw3","time":1614457298,"event":{"mods":["BaseMod","BetterRewards","Minty Spire (QoL Compilation)","Quick Restart","StSLib"],"gold_per_floor":[123,144,167,189,216,216,243,243,243],"floor_reached":8,"language":"ENG","playtime":396,"items_purged":[],"score":78,"play_id":"967ae8b9-6368-46d7-a91a-fe6bc76ff21f","local_time":"20210227122138","is_ascension_mode":true,"campfire_choices":[{"data":"Dualcast","floor":6,"key":"SMITH"}],"circlet_count":0,"master_deck":["AscendersBane","Strike_B","Strike_B","Strike_B","Strike_B","Defend_B","Defend_B","Defend_B","Defend_B","Zap","Dualcast+1","Genetic Algorithm","Hologram","Sweeping Beam","Go for the Eyes","BootSequence","Cold Snap"],"relics":["Cracked Core","CeramicFish"],"acts_visited":["Exordium"],"potions_floor_usage":[5,8],"damage_taken":[{"damage":1.0,"enemies":"Cultist","floor":1.0,"turns":3.0},{"damage":3.0,"enemies":"2 Louse","floor":2.0,"turns":4.0},{"damage":9,"enemies":"Jaw Worm","floor":3,"turns":4},{"damage":14,"enemies":"Blue Slaver","floor":4,"turns":5},{"damage":10,"enemies":"Exordium Wildlife","floor":5,"turns":5},{"damage":11,"enemies":"3 Louse","floor":7,"turns":3},{"damage":28,"enemies":"Lagavulin","floor":8,"turns":8}],"seed_played":"-9117274130265353113","potions_obtained":[{"floor":1.0,"key":"DistilledChaos"},{"floor":2.0,"key":"Swift Potion"}],"is_trial":false,"path_per_floor":["M","M","M","M","M","R","M","E"],"character_chosen":"DEFECT","items_purchased":[],"campfire_rested":0,"item_purchase_floors":[],"current_hp_per_floor":[67,64,55,41,31,31,20,0,0],"gold":243,"neow_bonus":"RANDOM_COMMON_RELIC","is_daily":false,"chose_seed":false,"campfire_upgraded":1,"win_rate":0.0,"timestamp":1614457298,"path_taken":["M","M","M","M","M","R","?","E"],"items_purchased_type":[],"build_version":"2020-12-22","purchased_purges":0,"victory":false,"max_hp_per_floor":[75,75,75,75,75,75,75,75,75],"card_choices":[{"not_picked":["Lockon","Hello World"],"picked":"Genetic Algorithm","floor":1.0},{"not_picked":["Turbo","Steam Power"],"picked":"Hologram","floor":2.0},{"not_picked":["Gash","Leap"],"picked":"Sweeping Beam","floor":3},{"not_picked":["Stack","Sunder"],"picked":"Go for the Eyes","floor":4},{"not_picked":["Compile Driver","Heatsinks"],"picked":"BootSequence","floor":5},{"not_picked":["Compile Driver","Steam Power"],"picked":"Cold Snap","floor":7}],"player_experience":733945,"relics_obtained":[],"event_choices":[],"is_beta":false,"boss_relics":[],"items_purged_floors":[],"is_endless":false,"potions_floor_spawned":[1,2],"killed_by":"Lagavulin","ascension_level":10}}