{"host":"2hz3p8f82lqex3pd","time":1614411176,"event":{"mods":["AchievementEnabler","BaseMod","Better Third Choice","Colored Powertips","Minty Spire (QoL Compilation)","StSLib"],"gold_per_floor":[109,125,145,155,135,135,165,184,184,184,194,194,194,194,194,291,291,310,310,162,177,177,177],"floor_reached":22,"language":"ENG","playtime":689,"items_purged":["Regret"],"score":248,"play_id":"e748652e-36d7-4c2f-9266-56762e69835c","local_time":"20210227023256","is_ascension_mode":true,"campfire_choices":[{"floor":6,"key":"REST"},{"floor":12,"key":"REST"},{"data":"1","floor":15,"key":"LIFT"}],"circlet_count":0,"master_deck":["Strike_R","Strike_R","Strike_R","Strike_R","Strike_R","Defend_R","Defend_R","Defend_R","Defend_R","Bash","Heavy Blade+1","Inflame","Flex","Parasite"],"relics":["Burning Blood","Girya","Paper Frog","Sundial","Pear"],"acts_visited":["Exordium","TheCity"],"potions_floor_usage":[7,7,7,8,16,16,18,22],"damage_taken":[{"damage":25,"enemies":"Cultist","floor":1,"turns":5},{"damage":10,"enemies":"Small Slimes","floor":2,"turns":3},{"damage":5,"enemies":"2 Louse","floor":3,"turns":3},{"damage":29,"enemies":"Lots of Slimes","floor":4,"turns":6},{"damage":37,"enemies":"3 Sentries","floor":7,"turns":9},{"damage":12,"enemies":"Looter","floor":8,"turns":2},{"damage":13,"enemies":"Blue Slaver","floor":11,"turns":4},{"damage":49,"enemies":"The Guardian","floor":16,"turns":10},{"damage":17,"enemies":"Chosen","floor":18,"turns":5},{"damage":30,"enemies":"Spheric Guardian","floor":21,"turns":5},{"damage":54,"enemies":"3 Cultists","floor":22,"turns":5}],"seed_played":"6066737776056205601","potions_obtained":[{"floor":1,"key":"EntropicBrew"},{"floor":2,"key":"EntropicBrew"},{"floor":16,"key":"Weak Potion"}],"is_trial":false,"path_per_floor":["M","M","M","M","?","R","E","M","T","?","M","R","?","T","R","B",null,"M","?","$","M","M"],"character_chosen":"IRONCLAD","items_purchased":["ElixirPotion"],"campfire_rested":2,"item_purchase_floors":[20],"current_hp_per_floor":[61,57,58,35,35,59,28,22,22,22,15,39,59,69,69,26,90,79,61,61,37,0,0],"gold":177,"neow_bonus":"ONE_RARE_RELIC","is_daily":false,"chose_seed":false,"campfire_upgraded":0,"win_rate":0.0,"timestamp":1614411176,"path_taken":["M","M","M","?","?","R","E","M","T","?","?","R","?","?","R","BOSS","M","?","$","M","M"],"items_purchased_type":["Potion"],"build_version":"2020-12-22","purchased_purges":1,"victory":false,"max_hp_per_floor":[80,80,80,80,80,80,80,80,80,80,80,80,80,90,90,90,90,90,95,95,95,95,95],"card_choices":[{"not_picked":["Perfected Strike","Whirlwind"],"picked":"Heavy Blade","floor":1},{"not_picked":["Twin Strike","Searing Blow","Warcry"],"picked":"SKIP","floor":2},{"not_picked":["Bloodletting","Anger"],"picked":"Inflame","floor":3},{"not_picked":["Twin Strike","Body Slam"],"picked":"Flex","floor":4},{"not_picked":["Clothesline","Exhume","Shrug It Off"],"picked":"SKIP","floor":7},{"not_picked":["Cleave","Armaments","True Grit"],"picked":"SKIP","floor":8},{"not_picked":["Second Wind","Sentinel","Thunderclap"],"picked":"SKIP","floor":11},{"not_picked":["Disarm","Pommel Strike","Whirlwind"],"picked":"SKIP","floor":18},{"not_picked":["Flex","Rupture","Clothesline"],"picked":"SKIP","floor":21}],"player_experience":217895,"relics_obtained":[{"floor":7,"key":"Paper Frog"},{"floor":9,"key":"Sundial"},{"floor":14,"key":"Pear"}],"event_choices":[{"damage_healed":0,"gold_gain":0,"player_choice":"Left","damage_taken":0,"max_hp_gain":0,"max_hp_loss":0,"event_name":"betterThird:BetterGoop","floor":5,"gold_loss":20},{"damage_healed":0,"gold_gain":0,"player_choice":"Forge","damage_taken":0,"max_hp_gain":0,"max_hp_loss":0,"event_name":"Accursed Blacksmith","floor":10,"gold_loss":0,"cards_upgraded":["Heavy Blade"]},{"damage_healed":20,"gold_gain":0,"player_choice":"Healed and dodged fight","damage_taken":0,"max_hp_gain":0,"max_hp_loss":0,"event_name":"Mushrooms","floor":13,"gold_loss":0,"cards_obtained":["Parasite"]},{"damage_healed":0,"gold_gain":0,"player_choice":"Shed Blood","damage_taken":23,"max_hp_gain":5,"max_hp_loss":0,"event_name":"Forgotten Altar","floor":19,"gold_loss":0}],"is_beta":false,"boss_relics":[{"not_picked":["Astrolabe","Busted Crown","Pandora\u0027s Box"]}],"items_purged_floors":[20],"is_endless":false,"potions_floor_spawned":[1,2,16],"killed_by":"3 Cultists","ascension_level":4}}