{"host":"bplbr8uekuotory4","time":1614422204,"event":{"mods":["Act Like it!","BaseMod","GungeonMod","Hermit","KinomotoSakuraMod(ƒæ÷Æ±æ”£)","Marisa£®ÏF”Í°°ƒß¿Ì…≥£©","Minty Spire (QoL Compilation)","Prisma Mod","Quick Restart","Reimu£®≤©¿ˆ¡È√Œ£©","SOS£®Àπ∞Õ¥Ô÷Æ◊”£©","Spicy Shops","StSLib","TestMod","The Blackbeard","The Cursed","The Mystic","The Saiyan","The Senshi","The Servant 0.9.4","Yuri Mod","[IsaacMod]“‘»ˆº‚À˛"],"gold_per_floor":[115,70,83,183,183,221,244,92,92,62,62,113,134,134],"floor_reached":13,"language":"ZHS","playtime":260,"items_purged":["Strike_Lin:ReiMu"],"score":187,"play_id":"f259e87b-9d65-42e0-aae4-4b1442d87134","local_time":"20210227183644","is_ascension_mode":true,"campfire_choices":[],"circlet_count":0,"master_deck":["AscendersBane","Strike_Lin:ReiMu","Strike_Lin:ReiMu","Strike_Lin:ReiMu","Defend_Lin:ReiMu","Defend_Lin:ReiMu","Defend_Lin:ReiMu","Defend_Lin:ReiMu","NB:ReiMu","Stagnation:ReiMu","BlastKick2:ReiMu","Conquer:ReiMu","LovePray:ReiMu","OrbThrow:ReiMu"],"relics":["FlyPower:ReiMu","testmod-TestBox","HushsDoor","Damocles","testmod-Nine","NeowsBlessing","Toy Ornithopter","testmod-Antiphasic","Golden Idol","AnarchistCookbook","Pear","FadedRune:ReiMu","MealTicket","testmod-RandomTest","SalivaCoin","Blue Candle"],"acts_visited":["Exordium"],"potions_floor_usage":[13,13,13],"damage_taken":[{"damage":0,"enemies":"Cultist","floor":1,"turns":1},{"damage":0,"enemies":"Small Slimes","floor":3,"turns":1},{"damage":0,"enemies":"Gremlin Nob","floor":6,"turns":1},{"damage":0,"enemies":"2 Louse","floor":7,"turns":1},{"damage":0,"enemies":"Looter","floor":10,"turns":4},{"damage":19,"enemies":"Exordium Thugs","floor":12,"turns":4},{"damage":19,"enemies":"Lagavulin","floor":13,"turns":6}],"seed_played":"-8018525177602154397","potions_obtained":[{"floor":3,"key":"BlessingOfTheForge"},{"floor":6,"key":"ZuzhouPotion:ReiMu"},{"floor":7,"key":"Energy Potion"}],"is_trial":false,"path_per_floor":["M","$","M","?","?","E","M","$","T","M","?","M","E"],"character_chosen":"REIMU","items_purchased":["Conquer:ReiMu","MealTicket"],"campfire_rested":0,"item_purchase_floors":[2,8],"current_hp_per_floor":[59,59,59,59,43,53,53,53,53,53,58,39,0,0],"gold":134,"neow_bonus":"THREE_ENEMY_KILL","is_daily":false,"chose_seed":false,"campfire_upgraded":0,"win_rate":0.0,"timestamp":1614422204,"path_taken":["M","$","?","?","?","E","?","?","T","M","?","M","E"],"items_purchased_type":["Card","Relic"],"build_version":"2020-12-22","purchased_purges":1,"victory":false,"max_hp_per_floor":[65,65,65,65,65,75,75,75,75,75,80,80,80,80],"card_choices":[{"not_picked":["Meditation:ReiMu","EmergencyTakeOff:ReiMu"],"picked":"BlastKick2:ReiMu","floor":1},{"not_picked":["Conquer:ReiMu","InherentArray:ReiMu"],"picked":"Bomb","floor":3},{"not_picked":["CareerPray:ReiMu","Crusade:ReiMu"],"picked":"Bomb","floor":6},{"not_picked":["AirStrike:ReiMu","CollectionFlower2:ReiMu"],"picked":"LovePray:ReiMu","floor":7},{"not_picked":["TightArray:ReiMu","LearningPray:ReiMu"],"picked":"OrbThrow:ReiMu","floor":10},{"not_picked":["SubcavityInstant:ReiMu","SubAcupoint:ReiMu","SpreadBorder2:ReiMu"],"picked":"SKIP","floor":12}],"player_experience":1204294,"relics_obtained":[{"floor":1,"key":"Toy Ornithopter"},{"floor":3,"key":"testmod-Antiphasic"},{"floor":6,"key":"AnarchistCookbook"},{"floor":6,"key":"Pear"},{"floor":7,"key":"FadedRune:ReiMu"},{"floor":9,"key":"testmod-RandomTest"},{"floor":10,"key":"SalivaCoin"},{"floor":12,"key":"Blue Candle"}],"event_choices":[{"damage_healed":0,"gold_gain":100,"player_choice":"Gold","damage_taken":0,"max_hp_gain":0,"max_hp_loss":0,"event_name":"Wheel of Change","floor":4,"gold_loss":0},{"damage_healed":0,"gold_gain":0,"player_choice":"Take Damage","damage_taken":16,"relics_obtained":["Golden Idol"],"max_hp_gain":0,"max_hp_loss":0,"event_name":"Golden Idol","floor":5,"gold_loss":0},{"damage_healed":0,"gold_gain":0,"player_choice":"Donut","damage_taken":0,"max_hp_gain":5,"max_hp_loss":0,"event_name":"Big Fish","floor":11,"gold_loss":0}],"is_beta":false,"boss_relics":[],"items_purged_floors":[8],"is_endless":false,"potions_floor_spawned":[3,6,7],"killed_by":"Lagavulin","ascension_level":10}}