{"host":"q57ekfojy3i00x9o","time":1614413862,"event":{"mods":["Act Like it!","Arknights","Aspiration","BaseMod","Colored Map","Energized Spire","Hermit","Minty Spire (QoL Compilation)","Quick Restart","Ruina","Spicy Shops","Spikes Relics","StSLib","slay the spire mod where everything is the same but ironclad has a cowboy hat"],"gold_per_floor":[117,117,2,2,2,46,60,30,30,64,84,105,136,93,93,93,93],"floor_reached":16,"language":"RUS","playtime":265,"items_purged":[],"score":253,"play_id":"75e55480-1a17-4b1c-9097-356f6c0f07c3","local_time":"20210227131742","is_ascension_mode":true,"campfire_choices":[{"data":"Double Tap","floor":15,"key":"SMITH"}],"circlet_count":0,"master_deck":["AscendersBane","Strike_R","Strike_R","Strike_R","Strike_R+1","Strike_R","Defend_R","Defend_R","Defend_R","Defend_R","Bash","Pommel Strike+1","Inflame","Pommel Strike","Sword Boomerang","Pommel Strike","Cleave","Flex","Clash","Shrug It Off","Double Tap+1","Carnage"],"relics":["Burning Blood","NeowsBlessing","Golden Idol","Boot","CherryCoatedStake","Odd Mushroom","BrokenLever"],"acts_visited":["Exordium"],"potions_floor_usage":[13,13],"damage_taken":[{"damage":0.0,"enemies":"2 Louse","floor":1.0,"turns":2.0},{"damage":0.0,"enemies":"Gremlin Nob","floor":6.0,"turns":1.0},{"damage":0.0,"enemies":"Jaw Worm","floor":7.0,"turns":1.0},{"damage":24.0,"enemies":"The Mushroom Lair","floor":10.0,"turns":4.0},{"damage":0.0,"enemies":"Small Slimes","floor":11.0,"turns":3.0},{"damage":9.0,"enemies":"Red Slaver","floor":12.0,"turns":2.0},{"damage":40,"enemies":"Lagavulin","floor":13,"turns":4},{"damage":22,"enemies":"Hexaghost","floor":16,"turns":9}],"seed_played":"1244178214346437576","potions_obtained":[{"floor":6.0,"key":"EntropicBrew"},{"floor":10.0,"key":"GamblersBrew"},{"floor":11.0,"key":"Strength Potion"}],"is_trial":false,"path_per_floor":["M","?","$","?","?","E","M","$","T","?","M","M","E","$","R","B"],"character_chosen":"IRONCLAD","items_purchased":["Inflame","Pommel Strike","Cleave","Carnage"],"campfire_rested":0,"item_purchase_floors":[3,3,8,14],"current_hp_per_floor":[74,51,51,51,51,57,63,63,63,49,58,55,21,21,21,0,0],"gold":93,"neow_bonus":"THREE_ENEMY_KILL","is_daily":false,"chose_seed":false,"campfire_upgraded":1,"win_rate":0.0,"timestamp":1614413862,"path_taken":["M","?","$","?","?","E","?","$","T","?","M","M","E","?","R","BOSS"],"items_purchased_type":["Card","Card","Card","Card"],"build_version":"2020-12-22","purchased_purges":0,"victory":false,"max_hp_per_floor":[75,75,75,68,68,68,68,68,68,68,68,68,68,68,68,68,68],"card_choices":[{"not_picked":["Anger","True Grit"],"picked":"Pommel Strike","floor":1.0},{"not_picked":["Body Slam","Perfected Strike"],"picked":"Sword Boomerang","floor":6.0},{"not_picked":["Body Slam","Thunderclap"],"picked":"Pommel Strike","floor":7.0},{"not_picked":["Dropkick","Body Slam"],"picked":"Flex","floor":10.0},{"not_picked":["Seeing Red","Feel No Pain"],"picked":"Clash","floor":11.0},{"not_picked":["True Grit","Warcry"],"picked":"Shrug It Off","floor":12.0},{"not_picked":["Pommel Strike","Battle Trance"],"picked":"Double Tap","floor":13}],"player_experience":798683,"relics_obtained":[{"floor":6.0,"key":"Boot"},{"floor":9.0,"key":"CherryCoatedStake"},{"floor":10.0,"key":"Odd Mushroom"},{"floor":13,"key":"BrokenLever"}],"event_choices":[{"damage_healed":0.0,"max_hp_gain":0.0,"max_hp_loss":0.0,"gold_gain":0.0,"event_name":"Shining Light","player_choice":"Entered Light","floor":2.0,"gold_loss":0.0,"damage_taken":23.0,"cards_upgraded":["Strike_R","Pommel Strike"]},{"damage_healed":0.0,"max_hp_gain":0.0,"max_hp_loss":7.0,"gold_gain":0.0,"event_name":"Golden Idol","player_choice":"Lose Max HP","floor":4.0,"gold_loss":0.0,"damage_taken":0.0,"relics_obtained":["Golden Idol"]},{"damage_healed":0.0,"max_hp_gain":0.0,"max_hp_loss":0.0,"gold_gain":0.0,"event_name":"WeMeetAgain","player_choice":"Ignored","floor":5.0,"gold_loss":0.0,"damage_taken":0.0},{"damage_healed":0.0,"max_hp_gain":0.0,"max_hp_loss":0.0,"gold_gain":0.0,"event_name":"Mushrooms","player_choice":"Fought Mushrooms","floor":10.0,"gold_loss":0.0,"damage_taken":0.0}],"is_beta":false,"boss_relics":[],"items_purged_floors":[],"is_endless":false,"potions_floor_spawned":[6,10,11],"killed_by":"Hexaghost","ascension_level":18}}