{"host":"gk5m6v7zec9neb0j","time":1614391112,"event":{"mods":["AchievementEnabler","AlwaysNeverKeys","BaseMod","BetterRewards","Block Reminder","Minty Spire (QoL Compilation)","RNG Fix","Rare Cards Sparkle","Relic Stats","StSLib"],"gold_per_floor":[111,127,127,137,137,137,62,79,79,97,24,44,60,77,77,180,180,191,204,303,320,76,76,76,92,146,172,191,191,191,191,191],"floor_reached":31,"language":"ENG","playtime":1376,"items_purged":["Strike_R","Strike_R"],"score":351,"play_id":"54399465-6ce4-4d38-ace2-0ad3d959561a","local_time":"20210226205832","is_ascension_mode":false,"campfire_choices":[{"data":"Bash","floor":6,"key":"SMITH"},{"data":"Body Slam","floor":15,"key":"SMITH"},{"data":"Entrench","floor":24,"key":"SMITH"}],"circlet_count":0,"master_deck":["Defend_R","Defend_R","Defend_R","Defend_R","Bash+1","Dark Embrace","Metallicize","Feel No Pain","Seeing Red","Evolve","Body Slam+1","True Grit","Headbutt","Reckless Charge","Entrench+1","Fiend Fire","Metallicize","Feel No Pain","Shrug It Off","Offering","Power Through","Reckless Charge","Wild Strike","Wild Strike"],"relics":["Burning Blood","FossilizedHelix","Magic Flower","Torii","Matryoshka","Empty Cage","ClockworkSouvenir","Lantern","Smiling Mask","Thread and Needle","Nilry\u0027s Codex"],"acts_visited":["Exordium","TheCity"],"potions_floor_usage":[16],"damage_taken":[{"damage":0,"enemies":"2 Louse","floor":1,"turns":3},{"damage":11,"enemies":"Jaw Worm","floor":2,"turns":7},{"damage":9,"enemies":"Cultist","floor":4,"turns":5},{"damage":1,"enemies":"Exordium Wildlife","floor":8,"turns":6},{"damage":0,"enemies":"Blue Slaver","floor":10,"turns":7},{"damage":18,"enemies":"Gremlin Gang","floor":12,"turns":8},{"damage":0,"enemies":"Red Slaver","floor":13,"turns":4},{"damage":1,"enemies":"Exordium Thugs","floor":14,"turns":7},{"damage":15,"enemies":"Hexaghost","floor":16,"turns":14},{"damage":13,"enemies":"Spheric Guardian","floor":18,"turns":8},{"damage":13,"enemies":"3 Byrds","floor":19,"turns":9},{"damage":0,"enemies":"Shelled Parasite and Fungi","floor":21,"turns":6},{"damage":17,"enemies":"Centurion and Healer","floor":25,"turns":8},{"damage":17,"enemies":"Slavers","floor":27,"turns":7},{"damage":8,"enemies":"Snake Plant","floor":28,"turns":5},{"damage":0,"enemies":"3 Cultists","floor":31,"turns":1}],"seed_played":"751160173741891960","potions_obtained":[{"floor":14,"key":"Swift Potion"},{"floor":16,"key":"BloodPotion"},{"floor":27,"key":"Energy Potion"}],"is_trial":false,"path_per_floor":["M","M","?","M","?","R","$","M","T","M","$","M","M","M","R","B",null,"M","M","?","M","$","?","R","M","T","E","M","?","$","M"],"character_chosen":"IRONCLAD","items_purchased":["FossilizedHelix","Dark Embrace","Magic Flower","Metallicize","Feel No Pain","Seeing Red","Evolve","Body Slam","True Grit","Fiend Fire","ClockworkSouvenir"],"campfire_rested":0,"item_purchase_floors":[0,0,0,0,0,0,0,0,0,11,22],"current_hp_per_floor":[41,39,32,32,32,32,32,40,40,49,49,40,49,57,57,51,80,76,72,72,80,80,80,80,72,72,64,65,49,49,49,49],"gold":191,"neow_bonus":"","is_daily":false,"chose_seed":false,"campfire_upgraded":3,"win_rate":0.0,"timestamp":1614391112,"path_taken":["M","M","?","M","?","R","$","M","T","M","$","?","M","M","R","BOSS","M","M","?","M","$","?","R","M","T","E","?","?","$","?"],"items_purchased_type":["Relic","Card","Relic","Card","Card","Card","Card","Card","Card","Card","Relic"],"build_version":"2020-12-22","purchased_purges":2,"victory":false,"max_hp_per_floor":[80,80,80,80,80,80,80,80,80,80,80,80,80,80,80,80,80,80,80,80,80,80,80,80,80,80,80,80,80,80,80,80],"relic_stats":{"Torii":49,"counters":[297,1706],"Magic Flower":[44],"Smiling Mask":0,"obtain_stats":[{"Whetstone":43,"Bottled Tornado":31,"Boot":43,"Blood Vial":20,"Sundial":11,"MealTicket":9,"Kunai":10,"Runic Cube":34,"Pear":26,"Blue Candle":0,"Velvet Choker":17,"Eternal Feather":26,"Pen Nib":9,"Akabeko":19,"Runic Dome":17,"Bird Faced Urn":41,"MutagenicStrength":29,"CultistMask":27,"StrikeDummy":54,"Unceasing Top":48,"Regal Pillow":41,"Lantern":26,"Singing Bowl":0,"Torii":2,"Magic Flower":0,"StoneCalendar":22,"Bag of Preparation":54,"Ancient Tea Set":43,"Smiling Mask":26,"Burning Blood":0,"Shovel":0,"Matryoshka":23,"Toolbox":47,"WingedGreaves":0,"Chemical X":4,"InkBottle":7,"Paper Frog":0,"Potion Belt":14,"Golden Idol":7,"Self Forming Clay":0,"Thread and Needle":27,"PreservedInsect":28,"Frozen Egg 2":0,"MawBank":13,"Busted Crown":17,"Ornamental Fan":17,"Orrery":0,"Turnip":14,"Champion Belt":0,"Bottled Lightning":26,"Toy Ornithopter":30,"Calipers":24,"Gremlin Horn":13,"Nilry\u0027s Codex":29,"CeramicFish":6,"Vajra":0,"Sozu":34,"Lizard Tail":0,"Centennial Puzzle":4,"DollysMirror":0,"Strawberry":44,"Prayer Wheel":0,"Toxic Egg 2":43,"Happy Flower":0,"Oddly Smooth Stone":0,"Charon\u0027s Ashes":28,"Letter Opener":20,"War Paint":6,"Question Card":26,"OrangePellets":12,"Shuriken":0,"Bronze Scales":9,"Molten Egg 2":27,"Black Star":17,"Pocketwatch":17,"Meat on the Bone":13,"Darkstone Periapt":26,"SacredBark":34,"Black Blood":17,"Juzu Bracelet":25,"PrismaticShard":19,"Empty Cage":34,"ClockworkSouvenir":0,"Dream Catcher":17,"Nunchaku":23,"Mummified Hand":0,"Pantograph":9,"Tiny Chest":24,"Red Mask":47,"Runic Pyramid":34,"Odd Mushroom":8,"Orichalcum":6,"Medical Kit":0,"White Beast Statue":22,"Mercury Hourglass":26,"Calling Bell":17,"Peace Pipe":7,"Anchor":31,"Bag of Marbles":12,"Membership Card":0,"FossilizedHelix":0,"TungstenRod":23},{"Whetstone":20,"Bottled Tornado":15,"Boot":228,"Blood Vial":145,"Sundial":45,"MealTicket":3,"Kunai":45,"Runic Cube":121,"Pear":267,"Blue Candle":260,"Velvet Choker":143,"Eternal Feather":179,"Pen Nib":139,"Akabeko":265,"Runic Dome":242,"Bird Faced Urn":202,"MutagenicStrength":247,"CultistMask":65,"StrikeDummy":206,"Unceasing Top":278,"Regal Pillow":73,"Lantern":294,"Singing Bowl":0,"Torii":235,"Magic Flower":77,"StoneCalendar":50,"Bag of Preparation":104,"Ancient Tea Set":125,"Smiling Mask":294,"Burning Blood":0,"Shovel":0,"Matryoshka":178,"Toolbox":126,"WingedGreaves":260,"Chemical X":153,"InkBottle":184,"Paper Frog":0,"Potion Belt":142,"Golden Idol":134,"Self Forming Clay":207,"Thread and Needle":295,"PreservedInsect":195,"Frozen Egg 2":0,"MawBank":111,"Busted Crown":86,"Ornamental Fan":31,"Orrery":129,"Turnip":60,"Champion Belt":0,"Bottled Lightning":35,"Toy Ornithopter":92,"Calipers":64,"Gremlin Horn":84,"Nilry\u0027s Codex":296,"CeramicFish":155,"Vajra":0,"Sozu":249,"Lizard Tail":135,"Centennial Puzzle":137,"DollysMirror":77,"Strawberry":74,"Prayer Wheel":39,"Toxic Egg 2":74,"Happy Flower":77,"Oddly Smooth Stone":0,"Charon\u0027s Ashes":220,"Letter Opener":243,"War Paint":57,"Question Card":116,"OrangePellets":111,"Shuriken":128,"Bronze Scales":156,"Molten Egg 2":179,"Black Star":47,"Pocketwatch":31,"Meat on the Bone":171,"Darkstone Periapt":65,"SacredBark":93,"Black Blood":7,"Juzu Bracelet":35,"PrismaticShard":32,"Empty Cage":69,"ClockworkSouvenir":0,"Dream Catcher":31,"Nunchaku":90,"Mummified Hand":105,"Pantograph":28,"Tiny Chest":90,"Red Mask":101,"Runic Pyramid":198,"Odd Mushroom":45,"Orichalcum":82,"Medical Kit":165,"White Beast Statue":63,"Mercury Hourglass":13,"Calling Bell":31,"Peace Pipe":110,"Anchor":197,"Bag of Marbles":5,"Membership Card":128,"FossilizedHelix":105,"TungstenRod":148},{"Whetstone":116,"Bottled Tornado":78,"Boot":1285,"Blood Vial":788,"Sundial":234,"MealTicket":13,"Kunai":234,"Runic Cube":681,"Pear":1522,"Blue Candle":1489,"Velvet Choker":779,"Eternal Feather":969,"Pen Nib":759,"Akabeko":1514,"Runic Dome":1388,"Bird Faced Urn":1138,"MutagenicStrength":1415,"CultistMask":361,"StrikeDummy":1167,"Unceasing Top":1576,"Regal Pillow":419,"Lantern":1693,"Singing Bowl":0,"Torii":1333,"Magic Flower":452,"StoneCalendar":278,"Bag of Preparation":588,"Ancient Tea Set":703,"Smiling Mask":1693,"Burning Blood":0,"Shovel":0,"Matryoshka":962,"Toolbox":710,"WingedGreaves":1489,"Chemical X":823,"InkBottle":999,"Paper Frog":0,"Potion Belt":771,"Golden Idol":744,"Self Forming Clay":1181,"Thread and Needle":1700,"PreservedInsect":1075,"Frozen Egg 2":0,"MawBank":617,"Busted Crown":491,"Ornamental Fan":170,"Orrery":721,"Turnip":328,"Champion Belt":0,"Bottled Lightning":186,"Toy Ornithopter":516,"Calipers":355,"Gremlin Horn":481,"Nilry\u0027s Codex":1705,"CeramicFish":837,"Vajra":0,"Sozu":1424,"Lizard Tail":745,"Centennial Puzzle":752,"DollysMirror":452,"Strawberry":424,"Prayer Wheel":208,"Toxic Egg 2":424,"Happy Flower":452,"Oddly Smooth Stone":0,"Charon\u0027s Ashes":1235,"Letter Opener":1392,"War Paint":318,"Question Card":651,"OrangePellets":617,"Shuriken":720,"Bronze Scales":842,"Molten Egg 2":969,"Black Star":256,"Pocketwatch":170,"Meat on the Bone":923,"Darkstone Periapt":361,"SacredBark":524,"Black Blood":34,"Juzu Bracelet":186,"PrismaticShard":173,"Empty Cage":387,"ClockworkSouvenir":0,"Dream Catcher":170,"Nunchaku":508,"Mummified Hand":593,"Pantograph":155,"Tiny Chest":508,"Red Mask":569,"Runic Pyramid":1104,"Odd Mushroom":234,"Orichalcum":472,"Medical Kit":895,"White Beast Statue":347,"Mercury Hourglass":64,"Calling Bell":170,"Peace Pipe":614,"Anchor":1090,"Bag of Marbles":23,"Membership Card":720,"FossilizedHelix":593,"TungstenRod":799}],"Burning Blood":1977},"card_choices":[{"not_picked":["Second Wind","Havoc","Searing Blow"],"picked":"SKIP","floor":1},{"not_picked":["Rampage","Sword Boomerang"],"picked":"Headbutt","floor":2},{"not_picked":["Heavy Blade","Perfected Strike"],"picked":"Reckless Charge","floor":4},{"not_picked":["Perfected Strike","Flame Barrier"],"picked":"Entrench","floor":8},{"not_picked":["Anger","Havoc","Clothesline"],"picked":"SKIP","floor":10},{"not_picked":["Impervious","Body Slam"],"picked":"Metallicize","floor":12},{"not_picked":["Cleave","Hemokinesis"],"picked":"Feel No Pain","floor":13},{"not_picked":["Pummel","Havoc"],"picked":"Shrug It Off","floor":14},{"not_picked":["Limit Break","Fiend Fire"],"picked":"Offering","floor":16},{"not_picked":["Uppercut","Armaments"],"picked":"Power Through","floor":18},{"not_picked":["Bloodletting+1","Dual Wield+1"],"picked":"Reckless Charge","floor":19},{"not_picked":["Perfected Strike","Flex"],"picked":"Wild Strike","floor":21},{"not_picked":["Spot Weakness+1","Twin Strike"],"picked":"Wild Strike","floor":25},{"not_picked":["Havoc","Rupture","Cleave"],"picked":"SKIP","floor":27},{"not_picked":["Clash+1","Sword Boomerang","Warcry+1"],"picked":"SKIP","floor":28}],"player_experience":874774,"relics_obtained":[{"floor":9,"key":"Matryoshka"},{"floor":26,"key":"Lantern"},{"floor":26,"key":"Smiling Mask"},{"floor":27,"key":"Thread and Needle"},{"floor":29,"key":"Nilry\u0027s Codex"}],"event_choices":[{"damage_healed":0,"gold_gain":0,"player_choice":"Success","damage_taken":7,"relics_obtained":["Torii"],"max_hp_gain":0,"max_hp_loss":0,"event_name":"Scrap Ooze","floor":3,"gold_loss":0},{"cards_removed":["Strike_R"],"damage_healed":0,"gold_gain":0,"player_choice":"Forget","damage_taken":0,"max_hp_gain":0,"max_hp_loss":0,"event_name":"Living Wall","floor":5,"gold_loss":0},{"damage_healed":0,"gold_gain":99,"player_choice":"Stole From Cult","damage_taken":0,"max_hp_gain":0,"max_hp_loss":0,"event_name":"Nest","floor":20,"gold_loss":0},{"damage_healed":0,"gold_gain":0,"player_choice":"Obtained Book","damage_taken":16,"max_hp_gain":0,"max_hp_loss":0,"event_name":"Cursed Tome","floor":29,"gold_loss":0}],"is_beta":false,"boss_relics":[{"not_picked":["Velvet Choker","SlaversCollar"],"picked":"Empty Cage"}],"items_purged_floors":[7,22],"is_endless":false,"potions_floor_spawned":[4,14,16,19,25,27],"killed_by":"3 Cultists","ascension_level":0}}