{"host":"ln8zowmpyx5bxamj","time":1614390701,"event":{"mods":["Act Like it!","BaseMod","Colored Map","Conspire","Gensokyo","GifTheSpireLib","Hallownest","Hubris","Koishi","Luminous","Marisa????????","Minty Spire (QoL Compilation)","Permanent Neow","Prisma Mod","Replay The Spire","Ruina","StSLib","The Necromancer","Yuyuko"],"gold_per_floor":[116,10,27,42,55,87,107,0,24,24,53,53,53,66,155,254,254,272,272,282,45,45,75,75,119,155,193,251,306,330,366,390,514,538,581,605,789,29,29,55,55,67,91,103,103,117,142,157,157,157],"floor_reached":51,"language":"ENG","playtime":6975,"items_purged":["Strike_W"],"score":886,"play_id":"9e212afb-9fa3-4da6-9a48-ae135366cdf7","local_time":"20210226195141","is_ascension_mode":true,"campfire_choices":[{"data":"Plague_Bolt","floor":10.0,"key":"SMITH"},{"data":"Negative_Energy_Arrows","floor":12.0,"key":"SMITH"},{"floor":30.0,"key":"REST"},{"data":"Enlightenment","floor":32,"key":"SMITH"},{"data":"Summon_Vampire_Lady","floor":41,"key":"SMITH"},{"data":"Reap_The_Weak","floor":45,"key":"SMITH"},{"floor":49,"key":"REST"}],"circlet_count":0,"master_deck":["Strike_W","Strike_W","Strike_W","Defend_W","Defend_W","Defend_W+2","Defend_W","Negative_Energy_Arrows+1","Bone_Wall","Summon_Lich","Summon_Lich","Toxic_Smoke_Screen+1","Death_Knell","Spectral_Armor","Negative_Energy_Burst","Plague_Bolt+1","Summon_Undead","Grasp_Heart","Reap_The_Weak+1","Negative_Energy_Mist","Summon_Lich","Enlightenment+1","Stop_Heart+1","Negative_Energy_Burst","Plague_Bolt+1","Vampiric_Strike+1","Grasp_Heart","Summon_Vampire_Lady+1","Finesse","Summon_Undead","Chill_Blood+1","Summon_Undead_Army+1"],"relics":["conspire:SpecialSausage","War Paint","Pet Ghost","PreservedInsect","hubris:PeanutButter","Hallownest:DreamNailRelic","Runic Pyramid","Oddly Smooth Stone","Strawberry","MawBank","Simple Rune","MawBank","Gremlin Food","Velvet Choker","Hallownest:BeastSealRelic","Hallownest:GodTamersBeastRelic","HandDrill","Pocketwatch","Lantern","Replay:Mystery Machine","Shuriken"],"acts_visited":["Exordium","Hallownest:Greenpath","Hallownest:CityofTears"],"potions_floor_usage":[33,33,46,48],"damage_taken":[{"damage":0.0,"enemies":"Hallownest:2_Tiktiks_and_1_Crawlid","floor":1.0,"turns":4.0},{"damage":0.0,"enemies":"Hallownest:monsterHuskWarrior","floor":3.0,"turns":5.0},{"damage":0.0,"enemies":"Hallownest:monsterHuskGuard","floor":4.0,"turns":3.0},{"damage":0.0,"enemies":"Hallownest:monsterMossCharger","floor":5.0,"turns":5.0},{"damage":2.0,"enemies":"Hallownest:eliteMossKnight","floor":6.0,"turns":8.0},{"damage":0.0,"enemies":"Hallownest:Wandering_and_Horned","floor":7.0,"turns":4.0},{"damage":0.0,"enemies":"Hallownest:eliteVengeflyKing","floor":11.0,"turns":5.0},{"damage":0.0,"enemies":"Hallownest:MossCreep_and_Mosskin","floor":14.0,"turns":5.0},{"damage":15.0,"enemies":"Hallownest:BossHornet","floor":16.0,"turns":9.0},{"damage":10.0,"enemies":"Hallownest:Guard_and_Sentry","floor":18.0,"turns":6.0},{"damage":5.0,"enemies":"Hallownest:3_Youths","floor":20.0,"turns":6.0},{"damage":24.0,"enemies":"Hallownest:eliteWatcherKnight","floor":23.0,"turns":12.0},{"damage":0.0,"enemies":"Hallownest:Nosk","floor":25.0,"turns":6.0},{"damage":0.0,"enemies":"Hallownest:2_Flukemon","floor":27.0,"turns":6.0},{"damage":27.0,"enemies":"Hallownest:eliteWatcherKnight","floor":28.0,"turns":13.0},{"damage":19.0,"enemies":"Hallownest:Glutton_and_Coward","floor":29.0,"turns":6.0},{"damage":7.0,"enemies":"Hallownest:monsterShrumalOgre","floor":31.0,"turns":4.0},{"damage":7,"enemies":"Hallownest:BossSoulMaster","floor":33,"turns":10},{"damage":19,"enemies":"Hallownest:3_Siblings","floor":35,"turns":6},{"damage":0,"enemies":"Hallownest:3_Siblings","floor":37,"turns":6},{"damage":0,"enemies":"Hallownest:3_Siblings","floor":37,"turns":4},{"damage":47,"enemies":"Hallownest:3_Siblings","floor":37,"turns":8},{"damage":0,"enemies":"Hallownest:3_Siblings","floor":37,"turns":2},{"damage":5,"enemies":"Hallownest:eliteCollector","floor":40,"turns":7},{"damage":0,"enemies":"Hallownest:Shield_Heavy","floor":42,"turns":4},{"damage":0,"enemies":"Hallownest:monsterPrimalAspid","floor":44,"turns":3},{"damage":19,"enemies":"Hallownest:Slobbering_and_Violent","floor":46,"turns":5},{"damage":0,"enemies":"Hallownest:StalkingDevout","floor":47,"turns":3},{"damage":0,"enemies":"Hallownest:2_Wing_and_1_Kings","floor":48,"turns":5},{"damage":25,"enemies":"Hallownest:BossGreyPrinceZote","floor":50,"turns":9}],"seed_played":"-1481304106662700686","potions_obtained":[{"floor":4.0,"key":"SkillPotion"},{"floor":7.0,"key":"SpeedPotion"},{"floor":14.0,"key":"AttackPotion"},{"floor":16.0,"key":"Elixir"},{"floor":18.0,"key":"Strength Potion"},{"floor":20.0,"key":"Swift Potion"},{"floor":23.0,"key":"Fire Potion"},{"floor":27.0,"key":"Elixir"},{"floor":31,"key":"Swift Potion"},{"floor":42,"key":"FearPotion"},{"floor":44,"key":"Toxic Potion"},{"floor":47,"key":"Swift Potion"}],"is_trial":false,"path_per_floor":["M","$","M","M","M","E","M","?","T","R","E","R","?","M","R_BF","B",null,"M","?","M","$","?","E","?","E","T","M","E","M","R","M","R","B",null,"M","?","?","$","?","E","R","M","T","M","R","M","E","M","R_BF","B",null],"character_chosen":"NECROMANCER","items_purchased":["Summon_Lich","Toxic_Smoke_Screen","Oddly Smooth Stone","Enlightenment","HandDrill","Pocketwatch","Summon_Vampire_Lady","Finesse"],"campfire_rested":2,"item_purchase_floors":[2,2,21,21,38,38,38,38],"current_hp_per_floor":[75,75,75,75,75,73,73,73,73,73,73,73,73,73,73,58,75,71,71,66,66,66,70,70,70,70,70,43,24,48,41,41,34,82,66,66,23,23,23,39,39,42,42,42,42,29,35,47,71,79],"gold":157,"neow_bonus":"BOSS_RELIC","is_daily":false,"chose_seed":false,"campfire_upgraded":5,"win_rate":0.0,"timestamp":1614390701,"path_taken":["M","$","M","M","?","E","M","?","T","R","E","R","?","M","R_BF","BOSS","M","?","M","$","?","E","?","E","T","M","E","M","R","M","R","BOSS","M","?","?","$","?","E","R","?","T","M","R","M","E","M","R_BF","BOSS"],"items_purchased_type":["Card","Card","Relic","Card","Relic","Relic","Card","Card"],"build_version":"2020-12-22","purchased_purges":1,"victory":true,"max_hp_per_floor":[75,75,75,75,75,75,75,75,75,75,75,75,75,75,75,75,75,75,75,75,75,75,82,82,82,82,82,82,82,82,82,82,82,82,82,82,82,82,82,82,82,82,82,82,82,82,82,82,82,82],"card_choices":[{"not_picked":["Vampiric_Strike","Bone_Bullets"],"picked":"Summon_Lich","floor":1.0},{"not_picked":["Negative_Energy_Shield","Strike_from_Beyond"],"picked":"Death_Knell","floor":3.0},{"not_picked":["Bone_Spikes","Epidemic"],"picked":"Spectral_Armor","floor":4.0},{"not_picked":["Life_Tap","Bones_to_Steel"],"picked":"Negative_Energy_Burst","floor":5.0},{"not_picked":["Negative_Energy_Burst","Bone_Bullets"],"picked":"Plague_Bolt","floor":6.0},{"not_picked":["Bone_Bullets","Life_Tap","Negative_Energy_Shield"],"picked":"SKIP","floor":7.0},{"not_picked":["Bones_to_Steel","Finger_Of_Death"],"picked":"Summon_Undead","floor":11.0},{"not_picked":["Negative_Energy_Javelin","Chill_Blood"],"picked":"Grasp_Heart","floor":14.0},{"not_picked":["Blood_Wake","Detonate_Bones"],"picked":"Reap_The_Weak","floor":16.0},{"not_picked":["Vampiric_Strike","Blood_Whip"],"picked":"Negative_Energy_Mist","floor":18.0},{"not_picked":["Scare","Strike_from_Beyond"],"picked":"Summon_Lich","floor":20.0},{"not_picked":["Acid_Javelin","Shackles_Of_Pain"],"picked":"Stop_Heart+1","floor":23.0},{"not_picked":["Bones_to_Steel+1","Negative_Energy_Shield+1"],"picked":"Negative_Energy_Burst","floor":25.0},{"not_picked":["Negative_Energy_Javelin","Blood_Wake","Bone_Armory"],"picked":"SKIP","floor":27.0},{"not_picked":["Toxic_Smoke_Screen","Blood_Curse","Violent_Necrosis"],"picked":"SKIP","floor":28.0},{"not_picked":["Vampiric_Strike","Negative_Energy_Shield"],"picked":"Plague_Bolt+1","floor":29.0},{"not_picked":["Negative_Energy_Mist+1","Consume_Illness"],"picked":"Vampiric_Strike+1","floor":31},{"not_picked":["Blood_Magic","Cloudkill"],"picked":"Grasp_Heart","floor":33},{"not_picked":["Plague_Bolt","Acid_Javelin+1","Bones_to_Steel+1"],"picked":"SKIP","floor":35},{"not_picked":["Consume_Illness","Shackles_Of_Pain+1"],"picked":"Summon_Undead","floor":40},{"not_picked":["Thousand_Bone_Knives","Bones_to_Steel","Blood_Curse"],"picked":"SKIP","floor":42},{"not_picked":["Bone_Armor+1","Vampiric_Strike+1"],"picked":"Chill_Blood+1","floor":44},{"not_picked":["Death_March_Dance+1","Scare+1"],"picked":"Summon_Undead_Army+1","floor":46},{"not_picked":["Bone_Shift+1","Necrotic_Claws+1","Scare"],"picked":"SKIP","floor":47},{"not_picked":["Bone_Prison+1","Necrotic_Claws+1","Bone_Shift"],"picked":"SKIP","floor":48}],"player_experience":864204,"relics_obtained":[{"floor":6.0,"key":"War Paint"},{"floor":9.0,"key":"PreservedInsect"},{"floor":11.0,"key":"hubris:PeanutButter"},{"floor":23.0,"key":"Strawberry"},{"floor":25.0,"key":"Simple Rune"},{"floor":26.0,"key":"MawBank"},{"floor":28.0,"key":"Gremlin Food"},{"floor":40,"key":"Lantern"},{"floor":43,"key":"Replay:Mystery Machine"},{"floor":47,"key":"Shuriken"}],"event_choices":[],"is_beta":false,"boss_relics":[{"not_picked":["ChewingGum","hubris:ScarierMask"],"picked":"Runic Pyramid"},{"not_picked":["hubris:VirtuousBlindfold","Replay:Bronze Core"],"picked":"Velvet Choker"}],"items_purged_floors":[38],"is_endless":false,"potions_floor_spawned":[4,7,14,16,18,20,23,27,31,37,37,42,44,46,47],"ascension_level":1}}