{"host":"iirf6tm60n5v4e3j","time":1614418739,"event":{"mods":["Act Like it!","BaseMod","Gensokyo","Marisa????????","Minty Spire (QoL Compilation)","StSLib","The Marked"],"gold_per_floor":[112,112,112,187,157,191,191,232,257,275,298,298,298,314,314,314,314],"floor_reached":16,"language":"ENG","playtime":745,"items_purged":[],"score":108,"play_id":"d03541d6-00e4-4e17-9b43-07832498cd6f","local_time":"20210227013859","is_ascension_mode":false,"campfire_choices":[{"floor":7,"key":"REST"},{"data":"theMarked:MysticalArsenal","floor":13,"key":"SMITH"},{"data":"theMarked:Friction","floor":15,"key":"SMITH"}],"circlet_count":0,"master_deck":["theMarked:Strike","theMarked:Strike","theMarked:Strike","theMarked:Strike+1","theMarked:Defend","theMarked:Defend","theMarked:Defend","theMarked:Defend","theMarked:SoldierOfQuellstein","theMarked:Friction+1","theMarked:MysticalArsenal+1","theMarked:WardOff+1","theMarked:WardOff","theMarked:Memento"],"relics":["theMarked:ArtifactOfAir","FossilizedHelix","Golden Idol","MealTicket","Oddly Smooth Stone","Art of War"],"acts_visited":["Exordium"],"potions_floor_usage":[6,6,8],"damage_taken":[{"damage":0,"enemies":"Cultist","floor":1,"turns":3},{"damage":13,"enemies":"Lagavulin","floor":6,"turns":7},{"damage":8,"enemies":"3 Sentries","floor":8,"turns":12},{"damage":0,"enemies":"Jaw Worm","floor":10,"turns":5},{"damage":0,"enemies":"Small Slimes","floor":11,"turns":4},{"damage":0,"enemies":"3 Louse","floor":14,"turns":4},{"damage":24,"enemies":"Hexaghost","floor":16,"turns":9}],"seed_played":"-6615414954495948600","potions_obtained":[{"floor":1,"key":"Regen Potion"},{"floor":5,"key":"Fire Potion"},{"floor":5,"key":"FearPotion"},{"floor":10,"key":"Dexterity Potion"}],"is_trial":false,"path_per_floor":["M","?","?","?","?","E","R","E","T","M","M","?","R","M","R","B"],"character_chosen":"THE_DEFAULT","items_purchased":[],"campfire_rested":1,"item_purchase_floors":[],"current_hp_per_floor":[51,33,33,22,22,24,45,37,37,37,37,23,23,23,23,0,0],"gold":314,"neow_bonus":"ONE_RARE_RELIC","is_daily":false,"chose_seed":false,"campfire_upgraded":2,"win_rate":0.0,"timestamp":1614418739,"path_taken":["M","?","?","?","?","E","R","E","T","M","?","?","R","M","R","BOSS"],"items_purchased_type":[],"build_version":"2020-12-22","purchased_purges":0,"victory":false,"max_hp_per_floor":[72,72,72,72,72,72,72,72,72,72,72,72,72,72,72,72,72],"card_choices":[{"not_picked":["theMarked:Overthink","theMarked:AttractMetal"],"picked":"theMarked:Friction","floor":1},{"not_picked":["theMarked:MysticalArsenal","theMarked:MuscleMemory"],"picked":"theMarked:WardOff","floor":6},{"not_picked":["theMarked:SelfDefenseTraining","theMarked:StartUp"],"picked":"theMarked:WardOff","floor":8},{"not_picked":["theMarked:SwordAndMagic","theMarked:ParalyzingBlade"],"picked":"theMarked:Memento","floor":10},{"not_picked":["theMarked:Frustration","theMarked:SwordAndMagic","theMarked:MysticalArsenal"],"picked":"SKIP","floor":11},{"not_picked":["theMarked:Aftermath","theMarked:TakeCover","theMarked:ResourceFulStrike"],"picked":"SKIP","floor":14}],"player_experience":234141,"relics_obtained":[{"floor":6,"key":"MealTicket"},{"floor":8,"key":"Oddly Smooth Stone"},{"floor":9,"key":"Art of War"}],"event_choices":[{"damage_healed":0,"gold_gain":0,"player_choice":"Take Damage","damage_taken":18,"relics_obtained":["Golden Idol"],"max_hp_gain":0,"max_hp_loss":0,"event_name":"Golden Idol","floor":2,"gold_loss":0},{"damage_healed":0,"gold_gain":0,"cards_transformed":["theMarked:Strike"],"player_choice":"Change","damage_taken":0,"max_hp_gain":0,"max_hp_loss":0,"event_name":"Living Wall","floor":3,"gold_loss":0,"cards_obtained":["theMarked:MysticalArsenal"]},{"damage_healed":0,"gold_gain":75,"player_choice":"Gather Gold","damage_taken":11,"max_hp_gain":0,"max_hp_loss":0,"event_name":"World of Goop","floor":4,"gold_loss":0},{"damage_healed":0,"gold_gain":0,"player_choice":"Bought 2 Potions","damage_taken":0,"max_hp_gain":0,"max_hp_loss":0,"event_name":"The Woman in Blue","floor":5,"gold_loss":0},{"damage_healed":0,"gold_gain":0,"player_choice":"Entered Light","damage_taken":14,"max_hp_gain":0,"max_hp_loss":0,"event_name":"Shining Light","floor":12,"gold_loss":0,"cards_upgraded":["theMarked:WardOff","theMarked:Strike"]}],"is_beta":false,"boss_relics":[],"items_purged_floors":[],"is_endless":false,"potions_floor_spawned":[1,10],"killed_by":"Hexaghost","ascension_level":0}}