{"host":"7zq0fgva91iwgkd5","time":1614436581,"event":{"mods":["AchievementEnabler","BaseMod","Bestiary","Card Forge","Colored Map","Curses Come First","DeckTracker","Minty Spire (QoL Compilation)","Quick Restart","Rare Cards Sparkle","Remove Card Discount Mod","StSLib"],"gold_per_floor":[117,134,209,209,209,239,254,254,254,269,296,313,343,363,363,440,440,440,440,440,440,440,440,440,440,440,3,3,3,3,3,3,3,3,3,0,0,0,0,0,0],"floor_reached":40,"language":"ENG","playtime":998,"items_purged":[],"score":1023,"play_id":"271f93da-6db4-4cea-b03c-0bfcad5e7a21","local_time":"20210227153621","is_ascension_mode":true,"campfire_choices":[{"floor":8,"key":"RECALL"},{"data":"Barricade","floor":15,"key":"SMITH"},{"floor":24,"key":"REST"},{"floor":32,"key":"REST"}],"circlet_count":0,"master_deck":["AscendersBane","Strike_R+1","Strike_R+1","Defend_R+1","Defend_R+1","Bash+1","Feed+1","Ghostly Armor+1","Immolate+1","Iron Wave+1","Pommel Strike+1","Cleave+1","Carnage+1","Twin Strike+1","Shrug It Off+1","Barricade+1","Seeing Red+1","Twin Strike+1","Demon Form+1","Disarm+1","Feed+1","Clothesline+1","Limit Break+1","Madness+1","Madness+1"],"relics":["Burning Blood","Hammer of Thor","Seething Fire","Anvil of the Gods","Thread and Needle","Ginger","Oddly Smooth Stone","Paper Frog","Ectoplasm","Orichalcum","Mummified Hand","Kunai","Tiny Chest","Question Card","Cursed Key","Red Mask"],"acts_visited":["Exordium","TheCity","TheBeyond"],"potions_floor_usage":[6,16,40,40,40,40],"damage_taken":[{"damage":0,"enemies":"Cultist","floor":1,"turns":2},{"damage":0,"enemies":"2 Louse","floor":2,"turns":2},{"damage":15,"enemies":"Lagavulin","floor":6,"turns":5},{"damage":0,"enemies":"Small Slimes","floor":7,"turns":1},{"damage":0,"enemies":"Red Slaver","floor":10,"turns":2},{"damage":6,"enemies":"3 Sentries","floor":11,"turns":2},{"damage":0,"enemies":"Lots of Slimes","floor":12,"turns":2},{"damage":0,"enemies":"Lagavulin","floor":13,"turns":5},{"damage":5,"enemies":"Large Slime","floor":14,"turns":3},{"damage":14,"enemies":"Hexaghost","floor":16,"turns":9},{"damage":0,"enemies":"Shell Parasite","floor":18,"turns":4},{"damage":0,"enemies":"Spheric Guardian","floor":20,"turns":3},{"damage":0,"enemies":"Snecko","floor":21,"turns":3},{"damage":17,"enemies":"Centurion and Healer","floor":22,"turns":5},{"damage":16,"enemies":"Slavers","floor":23,"turns":3},{"damage":0,"enemies":"3 Cultists","floor":25,"turns":4},{"damage":16,"enemies":"Book of Stabbing","floor":28,"turns":4},{"damage":0,"enemies":"Snecko","floor":29,"turns":3},{"damage":3,"enemies":"Snake Plant","floor":31,"turns":3},{"damage":0,"enemies":"Champ","floor":33,"turns":9},{"damage":1,"enemies":"Orb Walker","floor":35,"turns":3},{"damage":52,"enemies":"3 Shapes","floor":38,"turns":3},{"damage":42,"enemies":"Nemesis","floor":40,"turns":3}],"seed_played":"-8430287723635559556","potions_obtained":[{"floor":1,"key":"CultistPotion"},{"floor":5,"key":"CultistPotion"},{"floor":11,"key":"Block Potion"},{"floor":16,"key":"EntropicBrew"}],"is_trial":false,"path_per_floor":["M","M","?","?","?","E","M","R","T","M","E","M","E","M","R","B",null,"M","?","M","M","M","E","R","M","T","$","E","M","$","M","R","B",null,"M","?","?","M","$","E"],"character_chosen":"IRONCLAD","items_purchased":["Kunai","Tiny Chest"],"campfire_rested":2,"item_purchase_floors":[27,27],"current_hp_per_floor":[74,75,64,64,64,59,69,69,69,75,79,85,87,91,91,83,89,91,91,95,95,84,78,99,99,99,99,89,95,95,98,99,103,103,103,103,84,42,42,0,0],"gold":0,"neow_bonus":"ONE_RARE_RELIC","is_daily":false,"chose_seed":false,"campfire_upgraded":1,"win_rate":0.0,"timestamp":1614436581,"path_taken":["M","M","?","?","?","E","M","R","T","M","E","M","E","?","R","BOSS","M","?","?","M","M","E","R","?","T","$","E","M","?","M","R","BOSS","M","?","?","M","$","E"],"items_purchased_type":["Relic","Relic"],"build_version":"2020-12-22","purchased_purges":0,"victory":false,"max_hp_per_floor":[75,75,75,75,75,79,83,83,83,83,87,87,87,91,91,91,91,91,91,95,95,95,99,99,99,99,99,99,99,99,99,99,103,103,103,103,103,107,107,107,107],"card_choices":[{"not_picked":["Havoc","Feel No Pain","Thunderclap"],"picked":"SKIP","floor":1},{"not_picked":["Iron Wave","Sever Soul","True Grit"],"picked":"SKIP","floor":2},{"not_picked":["Sword Boomerang","Armaments"],"picked":"Carnage","floor":6},{"not_picked":["Iron Wave","Clothesline"],"picked":"Twin Strike","floor":7},{"not_picked":["Pommel Strike","Thunderclap","Burning Pact"],"picked":"SKIP","floor":10},{"not_picked":["Thunderclap","Wild Strike"],"picked":"Shrug It Off","floor":11},{"not_picked":["Iron Wave","Infernal Blade"],"picked":"Barricade","floor":12},{"not_picked":["Clothesline","Rupture"],"picked":"Seeing Red","floor":13},{"not_picked":["Heavy Blade","Clash"],"picked":"Twin Strike","floor":14},{"not_picked":["Limit Break","Juggernaut"],"picked":"Demon Form","floor":16},{"not_picked":["Warcry","Battle Trance"],"picked":"Disarm","floor":18},{"not_picked":["Power Through","Clash","Thunderclap"],"picked":"SKIP","floor":20},{"not_picked":["Bloodletting","Feel No Pain","Pommel Strike"],"picked":"SKIP","floor":21},{"not_picked":["Dual Wield","Rage","Rupture"],"picked":"SKIP","floor":22},{"not_picked":["Iron Wave","Combust"],"picked":"Clothesline","floor":23},{"not_picked":["Dropkick","Iron Wave","Pommel Strike"],"picked":"SKIP","floor":25},{"not_picked":["Clash","Heavy Blade","Demon Form"],"picked":"SKIP","floor":28},{"not_picked":["Sword Boomerang","Dual Wield","Cleave","Heavy Blade"],"picked":"SKIP","floor":29},{"not_picked":["Body Slam","Thunderclap","Armaments","Perfected Strike"],"picked":"SKIP","floor":31},{"not_picked":["Reaper","Demon Form","Impervious"],"picked":"Limit Break","floor":33},{"not_picked":["Combust+1","Clothesline","Cleave+1","Anger"],"picked":"SKIP","floor":35},{"not_picked":["Combust","Reckless Charge","Fire Breathing","Body Slam"],"picked":"SKIP","floor":38}],"player_experience":187736,"relics_obtained":[{"floor":6,"key":"Ginger"},{"floor":11,"key":"Oddly Smooth Stone"},{"floor":13,"key":"Paper Frog"},{"floor":23,"key":"Orichalcum"},{"floor":26,"key":"Mummified Hand"},{"floor":28,"key":"Question Card"}],"event_choices":[{"damage_healed":0,"gold_gain":75,"player_choice":"Gather Gold","damage_taken":11,"max_hp_gain":0,"max_hp_loss":0,"event_name":"World of Goop","floor":3,"gold_loss":0},{"damage_healed":0,"gold_gain":0,"player_choice":"Leave","damage_taken":0,"max_hp_gain":0,"max_hp_loss":0,"event_name":"The Cleric","floor":4,"gold_loss":0},{"damage_healed":0,"gold_gain":0,"player_choice":"Got Potions","damage_taken":0,"max_hp_gain":0,"max_hp_loss":0,"event_name":"Lab","floor":5,"gold_loss":0},{"damage_healed":0,"gold_gain":0,"player_choice":"Copied","damage_taken":0,"max_hp_gain":0,"max_hp_loss":0,"event_name":"Duplicator","floor":19,"gold_loss":0,"cards_obtained":["Feed"]},{"damage_healed":0,"gold_gain":0,"player_choice":"Paid","damage_taken":0,"relics_obtained":["Red Mask"],"max_hp_gain":0,"max_hp_loss":0,"event_name":"Tomb of Lord Red Mask","floor":36,"gold_loss":3},{"damage_healed":0,"gold_gain":0,"player_choice":"Embrace Madness","damage_taken":19,"max_hp_gain":0,"max_hp_loss":0,"event_name":"Winding Halls","floor":37,"gold_loss":0,"cards_obtained":["Madness","Madness"]}],"is_beta":false,"boss_relics":[{"not_picked":["Runic Dome","Velvet Choker"],"picked":"Ectoplasm"},{"not_picked":["Snecko Eye","Mark of Pain"],"picked":"Cursed Key"}],"items_purged_floors":[],"is_endless":false,"potions_floor_spawned":[1,11,12,13,16,18,23,28,31,38],"killed_by":"Nemesis","ascension_level":18}}