{"host":"fwdkxxz7291ipt0p","time":1614413544,"event":{"mods":["Act Like it!","BaseMod","Bossed Relics","Dota2Spire","Energized Spire","Marked Mod","Minty Spire (QoL Compilation)","Relic Filter Mod","StSLib","The Cursed","The Hierophant","The Runesmith","Youmu£®ªÍ∆«—˝√Œ£©"],"gold_per_floor":[213,223,398,398,416,132,149,169,169,69,69,85,35,53,53,150,150,161,11,21,0,15,49,49,49,76,88,104,118,141,158,158,263,263,282,298,313,313,329,329,329,345,345,357,357,357,391,441,441,441],"floor_reached":51,"language":"ZHS","playtime":4181,"items_purged":["Doubt","TheCursedMod:Strike_TheCursed"],"score":745,"play_id":"e8c54a01-438c-4ac6-a0a4-c255d26f4e87","local_time":"20210227161224","is_ascension_mode":false,"campfire_choices":[{"data":"TheCursedMod:CursedStaff","floor":11.0,"key":"SMITH"},{"data":"TheCursedMod:HellsGateOpen","floor":15.0,"key":"SMITH"},{"data":"TheCursedMod:CircleOfBlood","floor":25,"key":"SMITH"},{"floor":32,"key":"REST"},{"data":"TheCursedMod:CleanUpWorkshop","floor":40,"key":"SMITH"},{"data":"TheCursedMod:SmokeScreen","floor":45,"key":"SMITH"},{"data":"TheCursedMod:CollectTribute","floor":49,"key":"SMITH"}],"circlet_count":0,"master_deck":["TheCursedMod:Strike_TheCursed","TheCursedMod:Defend_TheCursed","TheCursedMod:Defend_TheCursed","TheCursedMod:Defend_TheCursed","TheCursedMod:CursedWand","TheCursedMod:CleanUpWorkshop+1","TheCursedMod:Dregs","TheCursedMod:TacticalStrike+1","TheCursedMod:SmokeScreen+1","TheCursedMod:CursedStaff+1","TheCursedMod:CircleOfBlood+1","TheCursedMod:HellsGateOpen+1","TheCursedMod:Wield","TheCursedMod:VoidForm","TheCursedMod:CursedAmulet","TheCursedMod:SmokeScreen","TheCursedMod:RavingStaff+1","TheCursedMod:CursedAmulet","TheCursedMod:Obscuration","TheCursedMod:CircleOfAbyss","TheCursedMod:SurpriseAttack","TheCursedMod:Obscuration","TheCursedMod:TacticalStrike+1","TheCursedMod:RapidMovement+1","TheCursedMod:CollectTribute+1","TheCursedMod:AshesToAshes+1"],"relics":["TheCursedMod:BlackMagic101","Mango","Sling","Dota2Spire:Dagon","SlaversCollar","Dota2Spire:BlackKingBar","Anchor","Dota2Spire:MaskOfMadness","Dota2Spire:Bloodstone","Toxic Egg 2","Dota2Spire:PhaseBoots","Lizard Tail"],"acts_visited":["Exordium","TheCity","TheBeyond"],"potions_floor_usage":[20,23,31,33,33,33,37,44,50],"damage_taken":[{"damage":3.0,"enemies":"2 Louse","floor":1.0,"turns":3.0},{"damage":0.0,"enemies":"Small Slimes","floor":2.0,"turns":3.0},{"damage":1.0,"enemies":"Cultist","floor":5.0,"turns":4.0},{"damage":4.0,"enemies":"Exordium Thugs","floor":7.0,"turns":3.0},{"damage":9.0,"enemies":"2 Fungi Beasts","floor":8.0,"turns":3.0},{"damage":0.0,"enemies":"3 Louse","floor":12.0,"turns":2.0},{"damage":0.0,"enemies":"Blue Slaver","floor":14.0,"turns":3.0},{"damage":16.0,"enemies":"Slime Boss","floor":16.0,"turns":8.0},{"damage":16,"enemies":"Spheric Guardian","floor":18,"turns":4},{"damage":5,"enemies":"3 Byrds","floor":20,"turns":5},{"damage":18,"enemies":"Snake Plant","floor":22,"turns":4},{"damage":35,"enemies":"Gremlin Leader","floor":23,"turns":4},{"damage":6,"enemies":"Centurion and Healer","floor":27,"turns":6},{"damage":12,"enemies":"Snecko","floor":28,"turns":4},{"damage":30,"enemies":"3 Cultists","floor":29,"turns":6},{"damage":12,"enemies":"Centurion and Healer","floor":31,"turns":8},{"damage":40,"enemies":"Champ","floor":33,"turns":9},{"damage":0,"enemies":"3 Shapes","floor":35,"turns":3},{"damage":0,"enemies":"Orb Walker","floor":36,"turns":3},{"damage":24,"enemies":"Sphere and 2 Shapes","floor":37,"turns":5},{"damage":15,"enemies":"Spire Growth","floor":39,"turns":9},{"damage":2,"enemies":"3 Darklings","floor":42,"turns":4},{"damage":16,"enemies":"Jaw Worm Horde","floor":44,"turns":4},{"damage":1,"enemies":"Reptomancer","floor":47,"turns":6},{"damage":0,"enemies":"Mind Bloom Boss Battle","floor":48,"turns":5},{"damage":46,"enemies":"Awakened One","floor":50,"turns":10}],"seed_played":"5358395922451542678","potions_obtained":[{"floor":2.0,"key":"LiquidBronze"},{"floor":5.0,"key":"Ancient Potion"},{"floor":7.0,"key":"Energy Potion"},{"floor":14.0,"key":"SkillPotion"},{"floor":22,"key":"Regen Potion"},{"floor":29,"key":"EntropicBrew"},{"floor":31,"key":"Ancient Potion"},{"floor":33,"key":"DistilledChaos"},{"floor":37,"key":"Fire Potion"},{"floor":44,"key":"Fruit Juice"}],"is_trial":false,"path_per_floor":["M","M","?","?","M","$","M","M","T","$","R","M","?","M","R","B",null,"M","$","M","?","M","E","?","R","T","M","M","M","T","M","R","B",null,"M","M","M","?","M","R","?","M","T","M","R","?","E","?","R","B",null],"character_chosen":"THE_CURSED","items_purchased":["Fire Potion","Sling"],"campfire_rested":1,"item_purchase_floors":[6,6],"current_hp_per_floor":[72,72,72,86,85,85,81,78,78,78,78,82,82,86,86,73,89,73,73,74,74,60,43,43,43,43,41,37,11,11,15,41,13,89,89,89,65,65,50,50,50,60,60,58,58,58,65,69,69,31],"gold":441,"neow_bonus":"HUNDRED_GOLD","is_daily":false,"chose_seed":false,"campfire_upgraded":6,"win_rate":0.0,"timestamp":1614413544,"path_taken":["M","M","?","?","?","$","M","M","T","?","R","M","?","M","R","BOSS","M","$","M","?","M","E","?","R","T","M","?","?","?","M","R","BOSS","M","M","M","?","?","R","?","M","T","?","R","?","E","?","R","BOSS"],"items_purchased_type":["Potion","Relic"],"build_version":"2020-12-22","purchased_purges":2,"victory":true,"max_hp_per_floor":[75,75,75,89,89,89,89,89,89,89,89,89,89,89,89,89,89,89,89,89,89,89,89,89,89,89,89,89,89,89,89,89,89,89,89,89,89,89,89,89,89,89,89,94,94,94,94,94,94,94],"card_choices":[{"not_picked":["TheCursedMod:SurpriseAttack","TheCursedMod:Evocation"],"picked":"TheCursedMod:TacticalStrike","floor":1.0},{"not_picked":["TheCursedMod:CursedBlade","TheCursedMod:ReleasedKnowledge"],"picked":"TheCursedMod:SmokeScreen","floor":2.0},{"not_picked":["TheCursedMod:OutForBlood","TheCursedMod:Obscuration"],"picked":"TheCursedMod:CursedStaff","floor":5.0},{"not_picked":["TheCursedMod:SpitefulStrike","TheCursedMod:CircleOfFlame"],"picked":"TheCursedMod:CircleOfBlood","floor":7.0},{"not_picked":["TheCursedMod:FleshFromBone","TheCursedMod:SmokeScreen","TheCursedMod:AbyssShockwave"],"picked":"SKIP","floor":8.0},{"not_picked":["TheCursedMod:CircleOfFocus","TheCursedMod:HellfireBreathing"],"picked":"TheCursedMod:HellsGateOpen","floor":12.0},{"not_picked":["TheCursedMod:ManaBullet","TheCursedMod:FuryStrike"],"picked":"TheCursedMod:Wield","floor":14.0},{"not_picked":["TheCursedMod:CollectTribute","TheCursedMod:StunningStrike"],"picked":"TheCursedMod:VoidForm","floor":16.0},{"not_picked":["TheCursedMod:Evocation+1","TheCursedMod:VitalStrike","TheCursedMod:FuryStrike+1"],"picked":"SKIP","floor":18},{"not_picked":["TheCursedMod:CircleOfFlame","TheCursedMod:CursedMace"],"picked":"TheCursedMod:CursedAmulet","floor":20},{"not_picked":["TheCursedMod:Grudge","TheCursedMod:EmpowerCircles","TheCursedMod:WearCloak"],"picked":"SKIP","floor":22},{"not_picked":["TheCursedMod:WearCloak","TheCursedMod:CircleOfFlame","TheCursedMod:HellfireBreathing"],"picked":"SKIP","floor":23},{"not_picked":["TheCursedMod:PrepareRite","TheCursedMod:VoidForm"],"picked":"TheCursedMod:SmokeScreen","floor":27},{"not_picked":["TheCursedMod:Stigma+1","TheCursedMod:Torture"],"picked":"TheCursedMod:RavingStaff+1","floor":28},{"not_picked":["TheCursedMod:CursedStaff","TheCursedMod:SmokeScreen"],"picked":"TheCursedMod:CursedAmulet","floor":29},{"not_picked":["TheCursedMod:CircleOfFlame","TheCursedMod:CircleOfBlood+1"],"picked":"TheCursedMod:Obscuration","floor":31},{"not_picked":["TheCursedMod:Neurasthenia","TheCursedMod:ForbiddenAlchemy"],"picked":"TheCursedMod:CircleOfAbyss","floor":33},{"not_picked":["TheCursedMod:Torture","TheCursedMod:VitalStrike","TheCursedMod:WearCloak"],"picked":"SKIP","floor":35},{"not_picked":["TheCursedMod:Torture+1","TheCursedMod:SoulReap+1"],"picked":"TheCursedMod:SurpriseAttack","floor":36},{"not_picked":["TheCursedMod:SpitefulStrike+1","TheCursedMod:SaltUponWound"],"picked":"TheCursedMod:Obscuration","floor":37},{"not_picked":["TheCursedMod:RavingStaff+1","TheCursedMod:BlessingInDisguise","TheCursedMod:WearCloak"],"picked":"SKIP","floor":39},{"not_picked":["TheCursedMod:Obscuration+1","TheCursedMod:Stigma"],"picked":"TheCursedMod:TacticalStrike+1","floor":42},{"not_picked":["TheCursedMod:FleshFromBone+1","TheCursedMod:BloodBarrier+1"],"picked":"TheCursedMod:RapidMovement+1","floor":44},{"not_picked":["TheCursedMod:Stretching+1","TheCursedMod:WearCloak+1"],"picked":"TheCursedMod:CollectTribute","floor":47},{"not_picked":["TheCursedMod:HellfireBreathing+1","TheCursedMod:ReleasedKnowledge+1"],"picked":"TheCursedMod:AshesToAshes+1","floor":48}],"player_experience":571008,"relics_obtained":[{"floor":9.0,"key":"Dota2Spire:Dagon"},{"floor":23,"key":"Dota2Spire:BlackKingBar"},{"floor":26,"key":"Anchor"},{"floor":30,"key":"Dota2Spire:MaskOfMadness"},{"floor":43,"key":"Toxic Egg 2"},{"floor":47,"key":"Dota2Spire:PhaseBoots"},{"floor":48,"key":"Lizard Tail"}],"event_choices":[{"damage_healed":0.0,"max_hp_gain":0.0,"max_hp_loss":0.0,"gold_gain":175.0,"event_name":"Liars Game","player_choice":"AGREE","floor":3.0,"gold_loss":0.0,"damage_taken":0.0,"cards_obtained":["Doubt"]},{"damage_healed":0.0,"max_hp_gain":0.0,"max_hp_loss":0.0,"gold_gain":0.0,"event_name":"WeMeetAgain","player_choice":"Gave Potion","floor":4.0,"gold_loss":0.0,"damage_taken":0.0,"relics_obtained":["Mango"]},{"cards_removed":["TheCursedMod:Strike_TheCursed"],"damage_healed":0.0,"max_hp_gain":0.0,"max_hp_loss":0.0,"gold_gain":0.0,"event_name":"The Cleric","player_choice":"Card Removal","floor":13.0,"gold_loss":50.0,"damage_taken":0.0},{"damage_healed":0,"gold_gain":0,"player_choice":"Paid Fearfully","damage_taken":0,"max_hp_gain":0,"max_hp_loss":0,"event_name":"Masked Bandits","floor":21,"gold_loss":21},{"cards_removed":["TheCursedMod:Strike_TheCursed"],"damage_healed":0,"gold_gain":0,"player_choice":"Purged","damage_taken":0,"max_hp_gain":0,"max_hp_loss":0,"event_name":"Purifier","floor":24,"gold_loss":0},{"damage_healed":0,"gold_gain":0,"player_choice":"Upgraded","damage_taken":0,"max_hp_gain":0,"max_hp_loss":0,"event_name":"Upgrade Shrine","floor":38,"gold_loss":0,"cards_upgraded":["TheCursedMod:TacticalStrike"]},{"cards_removed":["TheCursedMod:Defend_TheCursed"],"damage_healed":0,"gold_gain":0,"player_choice":"Purged","damage_taken":0,"max_hp_gain":0,"max_hp_loss":0,"event_name":"Purifier","floor":41,"gold_loss":0},{"damage_healed":0,"gold_gain":0,"player_choice":"Ignored","damage_taken":0,"max_hp_gain":0,"max_hp_loss":0,"event_name":"Tomb of Lord Red Mask","floor":46,"gold_loss":0},{"damage_healed":0,"gold_gain":0,"player_choice":"Fight","damage_taken":0,"max_hp_gain":0,"max_hp_loss":0,"event_name":"MindBloom","floor":48,"gold_loss":0}],"is_beta":false,"boss_relics":[{"not_picked":["Pandora\u0027s Box","TheCursedMod:BlackMagicAdvanced"],"picked":"SlaversCollar"},{"not_picked":["Calling Bell","TheCursedMod:FourLeafCloverCharm"],"picked":"Dota2Spire:Bloodstone"}],"items_purged_floors":[6,10],"is_endless":false,"potions_floor_spawned":[2,5,7,14,22,29,31,33,36,37,44],"ascension_level":0}}