{"host":"q57ekfojy3i00x9o","time":1614416433,"event":{"mods":["Act Like it!","Arknights","Aspiration","BaseMod","Colored Map","Energized Spire","Hermit","Minty Spire (QoL Compilation)","Quick Restart","Ruina","Spicy Shops","Spikes Relics","StSLib","slay the spire mod where everything is the same but ironclad has a cowboy hat"],"gold_per_floor":[112,123,123,143,143,143,167,182,182,182,10,10,45,58,58,186,186,204,204,204,254,176,207,222,222,296,312,331,331,103,103,103,233,233,252,252,1251,696,696,696,715,715,715,715,715,728,728,728,728,728],"floor_reached":51,"language":"RUS","playtime":1190,"items_purged":["Normality"],"score":1206,"play_id":"8da2534d-fa31-419b-a4b7-aceb90f82d33","local_time":"20210227140033","is_ascension_mode":true,"campfire_choices":[{"data":"Malaise","floor":6,"key":"SMITH"},{"data":"Terror","floor":12,"key":"SMITH"},{"floor":15,"key":"REST"},{"floor":29,"key":"REST"},{"floor":32,"key":"REST"},{"floor":40,"key":"REST"},{"floor":42,"key":"REST"},{"data":"Storm of Steel","floor":47,"key":"SMITH"},{"floor":49,"key":"REST"}],"circlet_count":0,"master_deck":["AscendersBane","Strike_G+1","Strike_G+1","Strike_G+1","Defend_G+1","Defend_G+1","Defend_G+1","Defend_G+1","Defend_G+1","Survivor","Neutralize","Quick Slash","Footwork","Malaise+1","Flying Knee","Flying Knee","Accuracy","Terror+1","Slice","Flying Knee","Storm of Steel+1","CurseOfTheBell","Quick Slash","Infinite Blades","Cloak And Dagger","Cloak And Dagger+1","Footwork","Finisher+1","After Image","Backstab","Normality","Masterful Stab","Doppelganger","Parasite","Writhe","Deflect+1"],"relics":["Ring of the Snake","NeowsBlessing","Golden Idol","Thread and Needle","Sundial","White Beast Statue","Calling Bell","Bag of Preparation","Letter Opener","BicycleWheel","Question Card","Calipers","Shuriken","Centennial Puzzle","Nunchaku","Sozu","Ginger","Juzu Bracelet","Paper Crane"],"acts_visited":["Exordium","TheCity","TheBeyond"],"potions_floor_usage":[27,28,33,35,36],"damage_taken":[{"damage":0,"enemies":"2 Louse","floor":1,"turns":1},{"damage":0,"enemies":"Jaw Worm","floor":2,"turns":1},{"damage":0,"enemies":"Cultist","floor":4,"turns":1},{"damage":10,"enemies":"Exordium Thugs","floor":7,"turns":7},{"damage":2,"enemies":"Blue Slaver","floor":8,"turns":4},{"damage":1,"enemies":"Lagavulin","floor":13,"turns":7},{"damage":12,"enemies":"3 Louse","floor":14,"turns":4},{"damage":16,"enemies":"The Guardian","floor":16,"turns":12},{"damage":9,"enemies":"Shell Parasite","floor":18,"turns":5},{"damage":15,"enemies":"Book of Stabbing","floor":23,"turns":6},{"damage":0,"enemies":"Spheric Guardian","floor":24,"turns":3},{"damage":13,"enemies":"Snake Plant","floor":27,"turns":4},{"damage":9,"enemies":"Shelled Parasite and Fungi","floor":28,"turns":5},{"damage":8,"enemies":"Champ","floor":33,"turns":6},{"damage":21,"enemies":"3 Shapes","floor":35,"turns":6},{"damage":0,"enemies":"3 Darklings","floor":36,"turns":1},{"damage":40,"enemies":"Writhing Mass","floor":41,"turns":5},{"damage":12,"enemies":"Sphere and 2 Shapes","floor":46,"turns":5},{"damage":28,"enemies":"Awakened One","floor":50,"turns":11}],"seed_played":"-149322156696780976","potions_obtained":[{"floor":1,"key":"SpeedPotion"},{"floor":14,"key":"SpeedPotion"},{"floor":16,"key":"GhostInAJar"},{"floor":24,"key":"Strength Potion"},{"floor":27,"key":"SmokeBomb"},{"floor":28,"key":"Energy Potion"},{"floor":33,"key":"AttackPotion"}],"is_trial":false,"path_per_floor":["M","M","?","M","?","R","M","M","T","T","$","R","E","M","R","B",null,"M","?","?","T","$","E","M","?","T","M","M","R","$","?","R","B",null,"M","M","?","$","?","R","M","R","T","?","?","M","R","?","R","B",null],"character_chosen":"THE_SILENT","items_purchased":["Accuracy","Terror","Infinite Blades","Centennial Puzzle","Nunchaku","Ginger","Masterful Stab","Doppelganger","Juzu Bracelet"],"campfire_rested":6,"item_purchase_floors":[11,11,22,30,30,38,38,38,38],"current_hp_per_floor":[63,63,63,63,63,63,53,51,51,51,51,51,50,38,57,41,59,50,50,50,50,50,35,35,35,35,22,13,32,32,32,51,43,60,39,39,39,39,39,58,18,37,37,37,53,41,41,41,60,32],"gold":728,"neow_bonus":"THREE_ENEMY_KILL","is_daily":false,"chose_seed":false,"campfire_upgraded":3,"win_rate":0.0,"timestamp":1614416433,"path_taken":["M","M","?","M","?","R","M","?","T","?","$","R","E","M","R","BOSS","M","?","?","?","$","E","M","?","T","M","?","R","$","?","R","BOSS","M","M","?","$","?","R","M","R","T","?","?","M","R","?","R","BOSS"],"items_purchased_type":["Card","Card","Card","Relic","Relic","Relic","Card","Card","Relic"],"build_version":"2020-12-22","purchased_purges":1,"victory":true,"max_hp_per_floor":[70,70,65,65,65,65,65,65,65,65,65,65,65,65,65,65,65,65,65,65,65,65,65,65,65,65,65,65,65,65,65,65,65,65,65,65,65,65,65,65,65,65,65,65,65,65,65,65,65,65],"card_choices":[{"not_picked":["Eviscerate","Underhanded Strike"],"picked":"Quick Slash","floor":1},{"not_picked":["PiercingWail","Tactician"],"picked":"Dagger Throw","floor":2},{"not_picked":["Acrobatics","Expertise"],"picked":"Footwork","floor":4},{"not_picked":["Cloak And Dagger","Caltrops"],"picked":"Flying Knee","floor":7},{"not_picked":["Sucker Punch","Dagger Throw"],"picked":"Flying Knee","floor":8},{"not_picked":["Well Laid Plans","Acrobatics"],"picked":"Slice","floor":13},{"not_picked":["Corpse Explosion","Underhanded Strike"],"picked":"Flying Knee","floor":14},{"not_picked":["Tools of the Trade","Unload"],"picked":"Storm of Steel","floor":16},{"not_picked":["Pace","Noxious Fumes"],"picked":"Quick Slash","floor":18},{"not_picked":["Reflex","Dagger Spray"],"picked":"Cloak And Dagger","floor":23},{"not_picked":["Leg Sweep","Underhanded Strike","Heel Hook"],"picked":"Cloak And Dagger+1","floor":24},{"not_picked":["Riddle With Holes+1","Catalyst","Dash"],"picked":"Footwork","floor":27},{"not_picked":["Outmaneuver","Flying Knee","Eviscerate"],"picked":"Finisher+1","floor":28},{"not_picked":["Burst","Venomology","Die Die Die"],"picked":"After Image","floor":33},{"not_picked":["Acrobatics","Masterful Stab","Setup"],"picked":"Backstab","floor":35},{"not_picked":["Eviscerate+1","InfectiousVector+1","Heel Hook","Choke+1"],"picked":"SKIP","floor":41},{"not_picked":["Dagger Spray","Backflip","Poisoned Stab"],"picked":"Deflect+1","floor":46}],"player_experience":800387,"relics_obtained":[{"floor":9,"key":"Thread and Needle"},{"floor":10,"key":"Sundial"},{"floor":13,"key":"White Beast Statue"},{"floor":17,"key":"Bag of Preparation"},{"floor":17,"key":"Letter Opener"},{"floor":17,"key":"BicycleWheel"},{"floor":23,"key":"Question Card"},{"floor":26,"key":"Shuriken"},{"floor":43,"key":"Paper Crane"}],"event_choices":[{"damage_healed":0,"gold_gain":0,"player_choice":"Lose Max HP","damage_taken":0,"relics_obtained":["Golden Idol"],"max_hp_gain":0,"max_hp_loss":5,"event_name":"Golden Idol","floor":3,"gold_loss":0},{"damage_healed":0,"gold_gain":0,"cards_transformed":["Strike_G"],"player_choice":"Transformed","damage_taken":0,"max_hp_gain":0,"max_hp_loss":0,"event_name":"Transmorgrifier","floor":5,"gold_loss":0,"cards_obtained":["Malaise"]},{"damage_healed":0,"gold_gain":0,"player_choice":"Simplicity","damage_taken":0,"max_hp_gain":0,"max_hp_loss":0,"event_name":"Back to Basics","floor":19,"gold_loss":0,"cards_upgraded":["Strike_G","Strike_G","Strike_G","Strike_G","Defend_G","Defend_G","Defend_G","Defend_G","Defend_G"]},{"damage_healed":0,"gold_gain":0,"player_choice":"Ignored","damage_taken":0,"max_hp_gain":0,"max_hp_loss":0,"event_name":"Ghosts","floor":20,"gold_loss":0},{"cards_removed":["Dagger Throw"],"damage_healed":0,"gold_gain":0,"player_choice":"Gave Card","damage_taken":0,"relics_obtained":["Calipers"],"max_hp_gain":0,"max_hp_loss":0,"event_name":"WeMeetAgain","floor":25,"gold_loss":0},{"damage_healed":0,"gold_gain":0,"player_choice":"Ignored","damage_taken":0,"max_hp_gain":0,"max_hp_loss":0,"event_name":"Beggar","floor":31,"gold_loss":0},{"damage_healed":0,"gold_gain":999,"player_choice":"Gold","damage_taken":0,"max_hp_gain":0,"max_hp_loss":0,"event_name":"MindBloom","floor":37,"gold_loss":0,"cards_obtained":["Normality","Normality"]},{"damage_healed":0,"gold_gain":0,"player_choice":"Got Potions","damage_taken":0,"max_hp_gain":0,"max_hp_loss":0,"event_name":"Lab","floor":39,"gold_loss":0},{"cards_removed":["Strike_G"],"damage_healed":0,"gold_gain":0,"player_choice":"Removed Attack","damage_taken":0,"max_hp_gain":0,"max_hp_loss":0,"event_name":"Falling","floor":44,"gold_loss":0},{"damage_healed":16,"gold_gain":0,"player_choice":"Writhe","damage_taken":0,"max_hp_gain":0,"max_hp_loss":0,"event_name":"Winding Halls","floor":45,"gold_loss":0,"cards_obtained":["Writhe"]},{"damage_healed":0,"gold_gain":0,"player_choice":"Ignored","damage_taken":0,"max_hp_gain":0,"max_hp_loss":0,"event_name":"Mysterious Sphere","floor":48,"gold_loss":0}],"is_beta":false,"boss_relics":[{"not_picked":["energizedSpire:NeverEndingSparkler","energizedSpire:CursedPentagram"],"picked":"Calling Bell"},{"not_picked":["aspiration:SecretTechniqueScroll","energizedSpire:HugeHouse"],"picked":"Sozu"}],"items_purged_floors":[38],"is_endless":false,"potions_floor_spawned":[1,14,16,18,23,24,27,28,33,35,36,41,46],"ascension_level":12}}