{"host":"30t73aj4w3oq1hk8","time":1614441112,"event":{"mods":["BaseMod","Colored Map","Colored Powertips","Glutton Mod","Minty Spire (QoL Compilation)","Random Character Button","StSLib"],"gold_per_floor":[119,136,155,7,18,18,50,50,50,110,110,110,122,122,122,163,163,180,170,189,114,89,135,135,143,143,143,188,138,200,328,328,475,475,504,520,51,62,127,127,207,8,87,87,139,225,283,283,283,223],"floor_reached":51,"language":"ENG","playtime":3040,"items_purged":[],"score":757,"play_id":"0c2651db-d01e-4829-b502-652c3c4a42cc","local_time":"20210227105152","is_ascension_mode":false,"campfire_choices":[{"floor":8,"key":"REST"},{"floor":12,"key":"REST"},{"floor":15,"key":"REST"},{"data":"Glutton:Nostalgia","floor":24,"key":"SMITH"},{"data":"Glutton:Hoard","floor":27,"key":"SMITH"},{"data":"Glutton:ToxicResidue","floor":32,"key":"SMITH"},{"data":"Glutton:StarvationMode","floor":40,"key":"SMITH"},{"data":"Glutton:Nostalgia","floor":49,"key":"SMITH"}],"circlet_count":0,"master_deck":["Glutton:Flail","Glutton:Chrysosphagy","Glutton:Fever","Glutton:Feed","Glutton:Feed","Glutton:Hoard+1","Glutton:GuardStance+1","Glutton:Misery","Glutton:Nostalgia+1","Glutton:LashOut","Glutton:ToxicResidue+1","Glutton:StarvationMode+1","Glutton:Feast","Glutton:Scab+1","Glutton:Clot+1","Glutton:Tantrum","Glutton:DistilledAgony","Glutton:Slam","Glutton:Thrombosis+1","Glutton:Mug","Glutton:Delusion+1","Glutton:Inversion+1","Glutton:Thrombosis+1","Glutton:Masochism","Glutton:Loot+1","Glutton:Delusion+1","Glutton:Nostalgia+1","Glutton:Yearn+1","Glutton:FeverVisions","Transmutation+1","Glutton:PainMeditation+1","Glutton:Feast+1","Glutton:Thrombosis+1","Good Instincts+1"],"relics":["Glutton:EternalHunger","NeowsBlessing","Vajra","Mummified Hand","Toxic Egg 2","Sundial","Centennial Puzzle","Pandora\u0027s Box","Kunai","HornCleat","Busted Crown","TungstenRod","PrismaticShard","Bottled Lightning","Anchor","Akabeko"],"acts_visited":["Exordium","TheCity","TheBeyond"],"potions_floor_usage":[16,31,38,50],"damage_taken":[{"damage":1,"enemies":"Cultist","floor":1,"turns":1},{"damage":4,"enemies":"Small Slimes","floor":2,"turns":1},{"damage":1,"enemies":"Jaw Worm","floor":3,"turns":1},{"damage":16,"enemies":"2 Fungi Beasts","floor":5,"turns":3},{"damage":69,"enemies":"Lagavulin","floor":7,"turns":7},{"damage":67,"enemies":"Exordium Thugs","floor":10,"turns":5},{"damage":17,"enemies":"Exordium Wildlife","floor":13,"turns":4},{"damage":21,"enemies":"3 Louse","floor":14,"turns":3},{"damage":155,"enemies":"The Guardian","floor":16,"turns":16},{"damage":47,"enemies":"Spheric Guardian","floor":18,"turns":4},{"damage":53,"enemies":"2 Thieves","floor":19,"turns":4},{"damage":43,"enemies":"Snake Plant","floor":20,"turns":3},{"damage":82,"enemies":"3 Cultists","floor":22,"turns":5},{"damage":79,"enemies":"Book of Stabbing","floor":23,"turns":5},{"damage":9,"enemies":"Sentry and Sphere","floor":25,"turns":3},{"damage":39,"enemies":"Snake Plant","floor":28,"turns":3},{"damage":62,"enemies":"Shelled Parasite and Fungi","floor":30,"turns":5},{"damage":65,"enemies":"3 Cultists","floor":31,"turns":6},{"damage":136,"enemies":"Champ","floor":33,"turns":8},{"damage":26,"enemies":"Orb Walker","floor":35,"turns":2},{"damage":33,"enemies":"3 Shapes","floor":36,"turns":3},{"damage":25,"enemies":"3 Darklings","floor":38,"turns":3},{"damage":88,"enemies":"Maw","floor":39,"turns":7},{"damage":77,"enemies":"Jaw Worm Horde","floor":41,"turns":5},{"damage":69,"enemies":"Reptomancer","floor":46,"turns":6},{"damage":18,"enemies":"Transient","floor":47,"turns":5},{"damage":226,"enemies":"Time Eater","floor":50,"turns":10}],"seed_played":"8272748473031526066","potions_obtained":[{"floor":1,"key":"Swift Potion"},{"floor":3,"key":"Ancient Potion"},{"floor":10,"key":"EssenceOfSteel"},{"floor":13,"key":"SpeedPotion"},{"floor":16,"key":"SneckoOil"},{"floor":28,"key":"Block Potion"},{"floor":38,"key":"SkillPotion"},{"floor":39,"key":"AttackPotion"}],"is_trial":false,"path_per_floor":["M","M","M","$","M","?","E","R","T","M","?","R","M","M","R","B",null,"M","M","M","?","M","E","R","M","T","R","M","?","M","M","R","B",null,"M","M","$","M","M","R","M","$","T","?","T","E","M","?","R","B",null],"character_chosen":"GLUTTON","items_purchased":["Vajra","TungstenRod","Transmutation+1","PrismaticShard","Glutton:Thrombosis+1"],"campfire_rested":3,"item_purchase_floors":[4,37,37,42,42],"current_hp_per_floor":[119,115,114,114,107,100,40,77,77,19,19,57,49,60,101,67,141,115,116,99,99,121,88,88,150,150,150,152,152,132,141,141,94,175,155,133,133,122,141,141,152,152,152,152,152,151,179,179,179,95],"gold":223,"neow_bonus":"THREE_ENEMY_KILL","is_daily":false,"chose_seed":false,"campfire_upgraded":5,"win_rate":0.0,"timestamp":1614441112,"path_taken":["M","M","M","$","M","?","E","R","T","M","?","R","?","M","R","BOSS","M","?","M","?","M","E","R","M","T","R","M","?","M","M","R","BOSS","M","M","$","M","M","R","M","$","T","?","?","E","M","?","R","BOSS"],"items_purchased_type":["Relic","Relic","Card","Relic","Card"],"build_version":"2020-12-22","purchased_purges":0,"victory":true,"max_hp_per_floor":[120,120,120,120,123,123,126,126,126,129,129,129,132,138,138,141,141,146,154,156,156,158,160,160,161,161,161,162,162,168,174,174,175,175,176,179,179,179,182,182,189,189,189,180,180,182,183,183,183,184],"card_choices":[{"not_picked":["Glutton:KneeJerk","Glutton:GoldenArmor"],"picked":"Glutton:Chrysosphagy","floor":1},{"not_picked":["Glutton:Devour","Glutton:Revivification"],"picked":"Glutton:Fever","floor":2},{"not_picked":["Glutton:PainMeditation","Glutton:Treasure"],"picked":"Glutton:Feed","floor":3},{"not_picked":["Glutton:Tumor","Glutton:Tantrum"],"picked":"Glutton:Feed","floor":5},{"not_picked":["Glutton:Rest+1","Glutton:Borborygmi"],"picked":"Glutton:Hoard","floor":7},{"not_picked":["Glutton:Borborygmi","Glutton:SelfFlagellate+1"],"picked":"Glutton:GuardStance+1","floor":10},{"not_picked":["Glutton:Profligacy","Glutton:Loot"],"picked":"Glutton:Misery","floor":13},{"not_picked":["Glutton:Demolish","Glutton:Hoard","Glutton:Dispepsia+1"],"picked":"SKIP","floor":14},{"not_picked":["Glutton:Excrescence","Glutton:Reminisce"],"picked":"Glutton:Nostalgia","floor":16},{"not_picked":["Glutton:ShareWeakness+1","Glutton:Demolish"],"picked":"Glutton:Slam","floor":18},{"not_picked":["Glutton:Borborygmi","Glutton:Devour+1"],"picked":"Glutton:Thrombosis+1","floor":19},{"not_picked":["Glutton:GnawingHunger","Glutton:Feed+1"],"picked":"Glutton:Mug","floor":20},{"not_picked":["Glutton:Feed","Glutton:Fever+1"],"picked":"Glutton:Delusion+1","floor":22},{"not_picked":["Glutton:KneeJerk","Glutton:PainMeditation+1"],"picked":"Glutton:Inversion+1","floor":23},{"not_picked":["Glutton:Treat+1","Glutton:GnawingHunger"],"picked":"Glutton:Thrombosis+1","floor":25},{"not_picked":["Glutton:Misery","Glutton:ShedFat+1"],"picked":"Glutton:Masochism","floor":28},{"not_picked":["Glutton:Overreach","Glutton:DistilledAgony+1"],"picked":"Glutton:Loot+1","floor":30},{"not_picked":["Glutton:Rest+1","Glutton:Bite+1"],"picked":"Glutton:Delusion+1","floor":31},{"not_picked":["Glutton:Reminisce","Glutton:Retaliation"],"picked":"Glutton:Nostalgia","floor":33},{"not_picked":[],"picked":"Glutton:Yearn+1","floor":35},{"not_picked":[],"picked":"Glutton:FeverVisions","floor":36},{"not_picked":[],"picked":"Glutton:PainMeditation+1","floor":38},{"not_picked":[],"picked":"Glutton:Feast+1","floor":39},{"not_picked":["Glutton:Treat+1"],"picked":"SKIP","floor":41},{"not_picked":["Rebound+1"],"picked":"SKIP","floor":46},{"not_picked":["Carnage+1"],"picked":"SKIP","floor":47},{"not_picked":[],"picked":"Good Instincts+1","floor":48}],"player_experience":755548,"relics_obtained":[{"floor":7,"key":"Toxic Egg 2"},{"floor":9,"key":"Sundial"},{"floor":23,"key":"Kunai"},{"floor":26,"key":"HornCleat"},{"floor":43,"key":"Bottled Lightning"},{"floor":45,"key":"Anchor"},{"floor":46,"key":"Akabeko"}],"event_choices":[{"damage_healed":0,"gold_gain":0,"player_choice":"Success","damage_taken":7,"relics_obtained":["Mummified Hand"],"max_hp_gain":0,"max_hp_loss":0,"event_name":"Scrap Ooze","floor":6,"gold_loss":0},{"damage_healed":0,"gold_gain":0,"player_choice":"Gave Potion","damage_taken":0,"relics_obtained":["Centennial Puzzle"],"max_hp_gain":0,"max_hp_loss":0,"event_name":"WeMeetAgain","floor":11,"gold_loss":0},{"cards_removed":["Glutton:Torment"],"damage_healed":0,"gold_gain":0,"player_choice":"Gave Gold","damage_taken":0,"max_hp_gain":0,"max_hp_loss":0,"event_name":"Beggar","floor":21,"gold_loss":75},{"damage_healed":0,"gold_gain":0,"player_choice":"Bet on Owner","damage_taken":0,"max_hp_gain":0,"max_hp_loss":0,"event_name":"The Joust","floor":29,"gold_loss":50},{"damage_healed":0,"gold_gain":0,"player_choice":"Max HP","damage_taken":0,"max_hp_gain":0,"max_hp_loss":9,"event_name":"Winding Halls","floor":44,"gold_loss":0},{"damage_healed":0,"gold_gain":0,"player_choice":"Memory 1","damage_taken":0,"max_hp_gain":0,"max_hp_loss":0,"event_name":"SensoryStone","floor":48,"gold_loss":0}],"is_beta":false,"boss_relics":[{"not_picked":["Coffee Dripper","Runic Dome"],"picked":"Pandora\u0027s Box"},{"not_picked":["Velvet Choker","SlaversCollar"],"picked":"Busted Crown"}],"items_purged_floors":[],"is_endless":false,"potions_floor_spawned":[1,3,10,13,16,20,28,30,38,39,47],"ascension_level":0}}