{"host":"pcv3ln7w6288nxz4","time":1614428705,"event":{"mods":["AchievementEnabler","Act Like it!","Aspiration","BaseMod","Better Third Choice","Clockwork Mod","Colored Map","Colored Powertips","Downfall","Energized Spire","Hallownest","Hermit","Hubris","Infinite Spire","Jorbs\u0027s Wanderer Trilogy","Library of Ruina","Library of Ruina Extra","Lobotomy","LobotomyExtend","Minty Spire (QoL Compilation)","Replay The Spire","Ruina","Shade Mod","StSLib","The Bug Knight","The Construct","The Cursed","The Disciple","The Forsaken","The Hierophant","The Judge","The Necromancer","The Runesmith"],"gold_per_floor":[99,117,135,185,210,210,210,110,122,122,141,133,133,6,43,146,146,146,171,189,218,218,21,21,21,58,96,128,156,56,56,56,6,36,138,188,188,213,274,305,331,362,389,389,389,389,419,447,447,2,34,44],"floor_reached":53,"language":"ENG","playtime":5030,"items_purged":["infinitespire:Pacifist","hubris:Envy"],"score":748,"play_id":"d8cb07bf-92fc-460c-ab6f-209b89ef080c","local_time":"20210227042505","is_ascension_mode":false,"campfire_choices":[{"data":"hexamod:Float","floor":1,"key":"SMITH"},{"data":"hexamod:GhostflameInferno","floor":13,"key":"SMITH"},{"floor":18,"key":"RECALL"},{"data":"expansioncontent:DashGenerateEvil","floor":25,"key":"SMITH"},{"data":"hexamod:ForkedFlame","floor":30,"key":"SMITH"},{"data":"hexamod:ForkedFlame","floor":37,"key":"SMITH"},{"data":"hexamod:TimeOfNeed","floor":44,"key":"SMITH"},{"data":"infinitespire:UltimateForm","floor":46,"key":"SMITH"},{"data":"hexamod:BurningTouch","floor":49,"key":"SMITH"}],"circlet_count":0,"master_deck":["hexamod:Strike","hexamod:Defend","hexamod:Defend+1","hexamod:Defend","hexamod:Sear","hexamod:Float+1","hexamod:RadiantFlame","hexamod:PowerFromBeyond","hexamod:GhostflameInferno+1","hexamod:DynamicBlow","hexamod:WildfireWeapon","expansioncontent:QuickStudy+1","hexamod:EtherealExpedition","hexamod:SpectersWail","hexamod:FirstSeal","ReplayTheSpireMod:Shiv Toss","Flechettes","Quick Slash","hexamod:EmpoweredFlame","expansioncontent:DashGenerateEvil+1","hexamod:FourthSeal","hexamod:FlamesFromBeyond+1","hexamod:ForkedFlame+1","hexamod:SoulSteal+1","Clumsy","hexamod:BurningTouch+1","hexamod:ForkedFlame+1","hubris:Sloth","hexamod:InspiringFlames","hexamod:BurningTouch+1","ReplayTheSpireMod:Splinters","hexamod:Rewind+1","hexamod:TimeOfNeed+1","hexamod:RecurringNightmare+1","hexamod:PhantomFireball","hexamod:PhantomCloak+1","infinitespire:UltimateForm+1","hexamod:FastForward+1","hexamod:TimeWarp","expansioncontent:PrepareCrush","hexamod:ThirdSeal","hexamod:FirstSeal","hexamod:FourthSeal"],"relics":["hexamod:SpiritBrand","aspiration:Nostalgia","HollowMod:VesselMask","LetterFromLob","Ring of Greed","Ring of Misfortune","Replay:Bandana","Blue Doll","aspiration:ArtOfWarUpgrade","downfall:HeartBlessingBlue","Gaze_r","ChewingGum","hexamod:TheBrokenSeal","aspiration:HiddenCompartment","Replay:Bottled Flurry","downfall:HeartBlessingRed","ruina:FalsePresent","Tiny House","infinitespire:Satchel","Strawberry","Empty Cage","PageOfSpiderBud","PageOfBigBird","BargainBundle"],"acts_visited":["Hallownest:Greenpath","ruina:Briah","Hallownest:KingdomsEdge"],"potions_floor_usage":[16,16,19,27,29,34,35,40,42,42,47,51,53],"damage_taken":[{"damage":0,"enemies":"2_ Uuma","floor":2,"turns":6},{"damage":0,"enemies":"Hallownest:monsterHuskWarrior","floor":3,"turns":3},{"damage":2,"enemies":"Hallownest:monsterHuskGuard","floor":5,"turns":3},{"damage":19,"enemies":"Hallownest:monsterFoolEater","floor":9,"turns":4},{"damage":1,"enemies":"Hallownest:monsterFoolEater","floor":11,"turns":2},{"damage":0,"enemies":"downfall:FleeingMerchant","floor":14,"turns":4},{"damage":0,"enemies":"Hallownest:monsterAspidMother","floor":15,"turns":3},{"damage":11,"enemies":"DF_ARCHETYPE_STREAMLINE","floor":16,"turns":10},{"damage":39,"enemies":"ruina:BadWolf","floor":19,"turns":5},{"damage":0,"enemies":"ruina:Nosferatu","floor":20,"turns":4},{"damage":6,"enemies":"ruina:KingOfGreed","floor":21,"turns":4},{"damage":8,"enemies":"downfall:FleeingMerchant","floor":23,"turns":4},{"damage":27,"enemies":"ruina:Mountain","floor":26,"turns":7},{"damage":9,"enemies":"ruina:3_Scarecrows","floor":27,"turns":3},{"damage":11,"enemies":"ruina:Woodsman","floor":28,"turns":3},{"damage":10,"enemies":"ruina:KingOfGreed","floor":29,"turns":4},{"damage":9,"enemies":"ruina:3_Scarecrows","floor":34,"turns":3},{"damage":0,"enemies":"WA_ARCHETYPE_CALM","floor":35,"turns":7},{"damage":0,"enemies":"Hallownest:Shield_Heavy","floor":38,"turns":2},{"damage":17,"enemies":"Hallownest:2_Littles","floor":40,"turns":3},{"damage":3,"enemies":"Hallownest:Shield_Sturdy","floor":41,"turns":4},{"damage":28,"enemies":"Hallownest:2_Wandering_and_1_Horned","floor":42,"turns":4},{"damage":21,"enemies":"Hallownest:Slobbering_and_Violent","floor":47,"turns":5},{"damage":15,"enemies":"Hallownest:2_Wing_and_1_Kings","floor":48,"turns":6},{"damage":0,"enemies":"downfall:FleeingMerchant","floor":50,"turns":4},{"damage":1,"enemies":"Hallownest:Xero_Hu_Marmu","floor":51,"turns":5},{"damage":74,"enemies":"SI_POISON_ARCHETYPE","floor":52,"turns":6}],"seed_played":"4724976901080459887","potions_obtained":[{"floor":5,"key":"SteroidPotion"},{"floor":14,"key":"Cursed Concoction"},{"floor":15,"key":"PowerPotion"},{"floor":15,"key":"Fire Potion"},{"floor":16,"key":"Strength Potion"},{"floor":16,"key":"Guardian:BlockOnCardUsePotion"},{"floor":26,"key":"Adrenaline Potion"},{"floor":27,"key":"sneckomod:MuddlingPotion"},{"floor":28,"key":"construct:ShiftPotion"},{"floor":29,"key":"FairyPotion"},{"floor":33,"key":"Languid Potion"},{"floor":34,"key":"Swift Potion"},{"floor":35,"key":"SmokeBomb"},{"floor":35,"key":"Cursed Concoction"},{"floor":40,"key":"GamblersBrew"},{"floor":42,"key":"Weak Potion"},{"floor":47,"key":"sneckomod:MuddlingPotion"},{"floor":48,"key":"Energy Potion"},{"floor":51,"key":"LiquidMemories"},{"floor":51,"key":"Languid Potion"}],"is_trial":false,"path_per_floor":["R","M","M","?","M","T","T","R","M","R","M","?","R","$","M","B",null,"R","M","M","M","?","$","T","R","E","M","M","M","R","PTL","PTL","?","M","B",null,"R","M","?","M","M","M","T","R","AVR","R","M","M","R","$","M","B",null],"character_chosen":"THE_SPIRIT","items_purchased":["expansioncontent:QuickStudy+1","expansioncontent:DashGenerateEvil","PageOfBigBird","BargainBundle","expansioncontent:PrepareCrush","hexamod:ThirdSeal","Adrenaline Potion"],"campfire_rested":0,"item_purchase_floors":[14,23,50,50,50,50,50],"current_hp_per_floor":[70,70,70,70,68,68,68,78,59,59,58,51,51,58,65,61,80,80,74,74,75,75,74,74,74,54,52,48,55,55,55,55,51,42,49,90,90,90,90,73,77,49,56,56,56,56,42,34,34,34,40,42],"gold":48,"neow_bonus":"NOSTALGIA","is_daily":false,"chose_seed":false,"campfire_upgraded":8,"win_rate":0.0,"timestamp":1614428705,"path_taken":["R","M","?","?","M","?","T","R","M","R","M","?","R","$","M","BOSS","R","M","M","M","?","?","T","R","E","M","M","M","R","PTL","PTL","?","M","BOSS","R","M","?","M","M","M","T","R","AVR","R","M","M","R","$","M","BOSS"],"items_purchased_type":["Card","Card","Relic","Relic","Card","Card","Potion"],"build_version":"2020-12-22","purchased_purges":2,"victory":true,"max_hp_per_floor":[70,70,70,70,70,70,70,80,80,80,80,80,80,80,80,80,80,80,90,90,90,90,90,90,90,90,90,90,90,90,90,90,85,85,85,90,90,90,90,90,90,90,97,97,97,97,97,97,97,97,97,97],"card_choices":[{"not_picked":["hexamod:ThermalTransfer","hexamod:GhostLash"],"picked":"hexamod:RadiantFlame","floor":2},{"not_picked":["hexamod:StepThrough","hexamod:ChargedBarrage"],"picked":"hexamod:PowerFromBeyond","floor":3},{"not_picked":["hexamod:ThermalTransfer","hexamod:FlamesFromBeyond"],"picked":"hexamod:BacktrackSmack","floor":5},{"not_picked":["hexamod:NightmareGuise","hexamod:HauntingEcho"],"picked":"hexamod:GhostflameInferno","floor":11},{"not_picked":["hexamod:GhostShield","hexamod:GhostLash"],"picked":"hexamod:DynamicBlow","floor":14},{"not_picked":["hexamod:EtherealExpedition","hexamod:HeatCrush"],"picked":"hexamod:WildfireWeapon","floor":14},{"not_picked":["hexamod:HauntingEcho","hexamod:ThermalTransfer"],"picked":"hexamod:EtherealExpedition","floor":15},{"not_picked":["hexamod:TimeWarp","hexamod:SearingWound"],"picked":"hexamod:FifthSeal","floor":16},{"not_picked":["hexamod:GhostflameInferno","hexamod:WildfireWeapon"],"picked":"hexamod:SixthSeal","floor":16},{"not_picked":["hexamod:CatchUp+1","hexamod:BacktrackSmack"],"picked":"hexamod:SpectersWail","floor":19},{"not_picked":["hexamod:SkipABeat","hexamod:SpectersWail"],"picked":"hexamod:FirstSeal","floor":20},{"not_picked":["hexamod:ThermalTransfer","hexamod:NecessarySacrifice","hexamod:AdvancingGuard+1"],"picked":"SKIP","floor":21},{"not_picked":["hexamod:AdvancingGuard","hexamod:BacktrackSmack"],"picked":"hexamod:EmpoweredFlame","floor":23},{"not_picked":["hexamod:HeatCrush+1","hexamod:BurningTouch"],"picked":"hexamod:FourthSeal","floor":26},{"not_picked":["hexamod:ShieldOfDarkness","hexamod:Firestarter"],"picked":"hexamod:FlamesFromBeyond+1","floor":27},{"not_picked":["hexamod:NecessarySacrifice+1","hexamod:AdvancingGuard"],"picked":"hexamod:ForkedFlame","floor":28},{"not_picked":["hexamod:GhostLash","hexamod:HeatMetal"],"picked":"hexamod:SoulSteal+1","floor":29},{"not_picked":["hexamod:Hexaguard+1","hexamod:SpectersWail"],"picked":"hexamod:BurningTouch+1","floor":34},{"not_picked":["hexamod:TimeOfNeed","hexamod:UnleashSpirits"],"picked":"hexamod:ForkedFlame","floor":35},{"not_picked":["hexamod:SwordOfDarkness","hexamod:GhostOfSpireFuture"],"picked":"hexamod:InspiringFlames","floor":36},{"not_picked":["hexamod:NightmareGuise","hexamod:HauntingEcho"],"picked":"hexamod:BurningTouch","floor":38},{"not_picked":["hexamod:SpectersWail+1","hexamod:ShieldOfDarkness+1"],"picked":"hexamod:Rewind+1","floor":39},{"not_picked":["hexamod:BacktrackSmack","hexamod:FlamesFromBeyond"],"picked":"hexamod:TimeOfNeed","floor":39},{"not_picked":["hexamod:AdvancingGuard+1","hexamod:Again+1"],"picked":"hexamod:RecurringNightmare+1","floor":40},{"not_picked":["hexamod:InspiringFlames","hexamod:Again"],"picked":"hexamod:PhantomFireball","floor":41},{"not_picked":["hexamod:ShieldOfDarkness","hexamod:BurningTouch"],"picked":"hexamod:PhantomCloak+1","floor":42},{"not_picked":["hexamod:ShieldOfDarkness","hexamod:GhostLash"],"picked":"hexamod:FastForward+1","floor":47},{"not_picked":["hexamod:NightmareGuise+1","hexamod:NightmareStrike+1","hexamod:StepThrough"],"picked":"SKIP","floor":48},{"not_picked":["hexamod:NecessarySacrifice","hexamod:NightmareGuise"],"picked":"hexamod:TimeWarp","floor":50},{"not_picked":["hexamod:FastForward","hexamod:StepThrough+1"],"picked":"hexamod:FirstSeal","floor":51},{"not_picked":["hexamod:PhantomCloak","hexamod:ChargedBarrage+1"],"picked":"hexamod:FourthSeal","floor":51}],"player_experience":524973,"relics_obtained":[{"floor":2,"key":"LetterFromLob"},{"floor":4,"key":"Ring of Greed"},{"floor":4,"key":"Ring of Misfortune"},{"floor":4,"key":"Replay:Bandana"},{"floor":4,"key":"Blue Doll"},{"floor":7,"key":"Art of War"},{"floor":24,"key":"aspiration:HiddenCompartment"},{"floor":26,"key":"Replay:Bottled Flurry"},{"floor":39,"key":"infinitespire:Satchel"},{"floor":43,"key":"Strawberry"}],"event_choices":[],"is_beta":false,"boss_relics":[{"not_picked":["hubris:Backtick","Sozu"],"picked":"ChewingGum"},{"not_picked":["Ring of Chaos","aspiration:WatcherSkillbook"],"picked":"Tiny House"}],"items_purged_floors":[45,50],"is_endless":false,"potions_floor_spawned":[5,9,15,16,26,27,28,35,38,40,51],"ascension_level":0}}