{"host":"ttgbaqegq96hv5uv","time":1614435164,"event":{"mods":["2.2 Compatiblity","AchievementEnabler","Aspiration","BaseMod","Beaked The Cultist","Better Synergies","Better Vampires","BetterRewards","ChefMod","Clawfect","Colored Map","Colored Powertips","Conspire","Defuse TimeMaze Blight","Displayed Cursed Tome","Emptier Cage","Friendly Minions","Gold Saver","Hermit","Hubris","Infinite Spire","JesterMod","Marked Mod","Minty Spire (QoL Compilation)","Poor People Problems","QueenMod","Relic Stats","Replay The Spire","Robot Space Explorer","Shop Mod","Spicy Shops","StSLib","The Blackbeard","The Bladedancer","The Cursed","The Dragon Tamer","The Juggle","The Marked","The Mystic","The Saiyan","TheHero","TheVacant","Unceasing Turn Reminder","egg"],"gold_per_floor":[539,539,557,405,405,405,405,405,405,405,426,426,469,23,23,148,148,173,193,193,217,157,157,157],"floor_reached":23,"language":"ENG","playtime":1061,"items_purged":["Strike_R"],"score":287,"play_id":"748f9127-8083-4591-b7e1-861faaa87fcf","local_time":"20210227141244","is_ascension_mode":false,"campfire_choices":[{"data":"Thunderclap","floor":6,"key":"SMITH"},{"data":"Twin Strike","floor":8,"key":"SMITH"},{"data":"Perfected Strike","floor":10,"key":"SMITH"},{"data":"Inflame","floor":15,"key":"SMITH"}],"circlet_count":0,"master_deck":["Strike_R","Strike_R+1","Strike_R","Strike_R","Defend_R","Defend_R","Defend_R","Defend_R","Bash+1","Thunderclap+1","Body Slam+1","Perfected Strike+1","Twin Strike+1","Injury","Shrug It Off+1","Inflame+1","Demon Form","ReplayTheSpireMod:Faulty Equipment"],"relics":["Burning Blood","Ancient Tea Set","jesterMod:MirrorMask","Sling","Golden Idol","Happy Flower","Blood Vial","Bronze Scales","Chemical X","Lee\u0027s Waffle","Black Star","Pet Ghost"],"acts_visited":["Exordium","TheCity"],"potions_floor_usage":[],"damage_taken":[{"damage":6,"enemies":"Jaw Worm","floor":1,"turns":4},{"damage":0,"enemies":"Cultist","floor":3,"turns":3},{"damage":1,"enemies":"conspire:RoseBush","floor":11,"turns":1},{"damage":8,"enemies":"3 Sentries","floor":13,"turns":4},{"damage":4,"enemies":"Fading Forest","floor":16,"turns":11},{"damage":25,"enemies":"3 Byrds","floor":18,"turns":5},{"damage":14,"enemies":"2 Thieves","floor":19,"turns":3},{"damage":25,"enemies":"Shelled Parasite and Fungi","floor":21,"turns":4},{"damage":47,"enemies":"conspire:SneckoGhost","floor":23,"turns":5}],"seed_played":"-3323503361758500184","potions_obtained":[{"floor":3,"key":"LifebloodPotion"},{"floor":11,"key":"Weak Potion"},{"floor":21,"key":"Fire Potion"}],"is_trial":false,"path_per_floor":["M","?","M","$","?","R","?","R","T","R","M","?","E","$","R","B",null,"M","M","?","M","?","E"],"character_chosen":"IRONCLAD","items_purchased":["Ancient Tea Set","jesterMod:MirrorMask","Thunderclap","Body Slam","Sling","Bronze Scales","Chemical X","Lee\u0027s Waffle"],"campfire_rested":0,"item_purchase_floors":[0,0,0,0,4,14,14,14],"current_hp_per_floor":[72,72,78,78,62,62,62,62,62,62,67,67,65,87,87,87,87,68,62,62,45,45,0,0],"gold":157,"neow_bonus":"","is_daily":false,"chose_seed":false,"campfire_upgraded":4,"win_rate":0.0,"timestamp":1614435164,"path_taken":["M","?","?","$","?","R","?","R","T","R","M","?","E","$","R","BOSS","M","M","?","?","?","E"],"items_purchased_type":["Relic","Relic","Card","Card","Relic","Relic","Relic","Relic"],"build_version":"2020-12-22","purchased_purges":1,"victory":false,"max_hp_per_floor":[80,80,80,80,80,80,80,80,80,80,80,80,80,87,87,87,87,87,87,87,87,87,87,87],"relic_stats":{"Blood Vial":43,"Lee\u0027s Waffle":22,"Happy Flower":[16],"counters":[120,569],"Golden Idol":52,"Bronze Scales":[75],"Black Star":0,"Chemical X":[2],"obtain_stats":[{"Replay:Accelerometer":30,"CeramicFish":24,"Vajra":7,"DemoMod:GlassGuonStoneRelic":5,"Whetstone":12,"Ginger":26,"Sling":4,"Blood Vial":2,"aspiration:EnhancedActuators":0,"DemoMod:Metronome":13,"MealTicket":28,"Necronomicon":22,"hubris:TinFlute":26,"MerchantsRug":30,"hubris:DuctTape":7,"Ring of Hypnosis":11,"DemoMod:Orange":48,"Happy Flower":9,"ReplayTheSpireMod:CursedCoin":25,"DemoMod:OrangeGuonStone":25,"Oddly Smooth Stone":5,"infinitespire:Beetle Shell":19,"aspiration:HiddenCompartment":23,"Replay:Baseball":20,"Bottled Flame":9,"DemoMod:MeatBun":14,"hubris:BottledHeart":27,"Bronze Scales":3,"Simple Rune":4,"Black Star":17,"Mirror":26,"Abe\u0027s Treasure":34,"hubris:Reverence":9,"conspire:Flyswatter":6,"ReplayFunnel":43,"Regal Pillow":4,"aspiration:Lifesprig":10,"GremlinMask":5,"Blue Doll":23,"Juzu Bracelet":14,"Replay:Mystery Machine":9,"Empty Cage":17,"Cursed Key":17,"Ancient Tea Set":0,"jesterMod:MirrorMask":21,"Burning Blood":3,"Pet Ghost":20,"Replay:Rubber Ducky":5,"Dream Catcher":26,"hubris:Backtick":17,"Pantograph":9,"Ring of Peace":11,"hubris:ScarierMask":17,"DemoMod:GnawedKey":3,"Chemical X":0,"Cracked Core":4,"hubris:GlazedTorus":13,"aspiration:ChemicalBlood":9,"Lee\u0027s Waffle":14,"ReplayTheSpireMod:Ninjato":25,"Inserter":17,"NeowsBlessing":0,"Golden Idol":7,"Replay:WaspNest":9,"PreservedInsect":20,"Geode":14,"Odd Mushroom":12,"hubris:Towel":19,"Peace Pipe":8,"DataDisk":6,"infinitespire:WardingShard":3,"Shedinja:EnergyLoss":8,"hubris:BundleOfHerbs":21,"Bottled Lightning":17,"Membership Card":21,"PureWater":0},{"Replay:Accelerometer":59,"CeramicFish":36,"Vajra":66,"DemoMod:GlassGuonStoneRelic":28,"Whetstone":68,"Ginger":71,"Sling":113,"Blood Vial":87,"aspiration:EnhancedActuators":73,"DemoMod:Metronome":68,"MealTicket":71,"Necronomicon":85,"hubris:TinFlute":57,"MerchantsRug":38,"hubris:DuctTape":44,"Ring of Hypnosis":50,"DemoMod:Orange":110,"Happy Flower":113,"ReplayTheSpireMod:CursedCoin":71,"DemoMod:OrangeGuonStone":71,"Oddly Smooth Stone":76,"infinitespire:Beetle Shell":33,"aspiration:HiddenCompartment":85,"Replay:Baseball":33,"Bottled Flame":66,"DemoMod:MeatBun":68,"hubris:BottledHeart":71,"Bronze Scales":42,"Simple Rune":88,"Black Star":116,"Mirror":99,"Abe\u0027s Treasure":103,"hubris:Reverence":45,"conspire:Flyswatter":50,"ReplayFunnel":107,"Regal Pillow":27,"aspiration:Lifesprig":90,"GremlinMask":43,"Blue Doll":99,"Juzu Bracelet":68,"Replay:Mystery Machine":89,"Empty Cage":69,"Cursed Key":94,"Ancient Tea Set":111,"jesterMod:MirrorMask":85,"Burning Blood":88,"Pet Ghost":118,"Replay:Rubber Ducky":88,"Dream Catcher":36,"hubris:Backtick":32,"Pantograph":28,"Ring of Peace":50,"hubris:ScarierMask":54,"DemoMod:GnawedKey":42,"Chemical X":61,"Cracked Core":76,"hubris:GlazedTorus":52,"aspiration:ChemicalBlood":79,"Lee\u0027s Waffle":115,"ReplayTheSpireMod:Ninjato":57,"Inserter":82,"NeowsBlessing":46,"Golden Idol":113,"Replay:WaspNest":50,"PreservedInsect":70,"Geode":81,"Odd Mushroom":51,"hubris:Towel":70,"Peace Pipe":79,"DataDisk":77,"infinitespire:WardingShard":42,"Shedinja:EnergyLoss":50,"hubris:BundleOfHerbs":55,"Bottled Lightning":32,"Membership Card":85,"PureWater":0},{"Replay:Accelerometer":301,"CeramicFish":200,"Vajra":350,"DemoMod:GlassGuonStoneRelic":157,"Whetstone":356,"Ginger":374,"Sling":536,"Blood Vial":433,"aspiration:EnhancedActuators":380,"DemoMod:Metronome":356,"MealTicket":374,"Necronomicon":424,"hubris:TinFlute":291,"MerchantsRug":208,"hubris:DuctTape":232,"Ring of Hypnosis":253,"DemoMod:Orange":521,"Happy Flower":536,"ReplayTheSpireMod:CursedCoin":374,"DemoMod:OrangeGuonStone":374,"Oddly Smooth Stone":387,"infinitespire:Beetle Shell":184,"aspiration:HiddenCompartment":424,"Replay:Baseball":184,"Bottled Flame":350,"DemoMod:MeatBun":356,"hubris:BottledHeart":374,"Bronze Scales":228,"Simple Rune":435,"Black Star":552,"Mirror":480,"Abe\u0027s Treasure":498,"hubris:Reverence":235,"conspire:Flyswatter":253,"ReplayFunnel":508,"Regal Pillow":151,"aspiration:Lifesprig":448,"GremlinMask":229,"Blue Doll":480,"Juzu Bracelet":356,"Replay:Mystery Machine":438,"Empty Cage":367,"Cursed Key":463,"Ancient Tea Set":529,"jesterMod:MirrorMask":424,"Burning Blood":434,"Pet Ghost":560,"Replay:Rubber Ducky":435,"Dream Catcher":200,"hubris:Backtick":177,"Pantograph":157,"Ring of Peace":253,"hubris:ScarierMask":278,"DemoMod:GnawedKey":228,"Chemical X":325,"Cracked Core":385,"hubris:GlazedTorus":265,"aspiration:ChemicalBlood":399,"Lee\u0027s Waffle":541,"ReplayTheSpireMod:Ninjato":291,"Inserter":413,"NeowsBlessing":240,"Golden Idol":536,"Replay:WaspNest":253,"PreservedInsect":371,"Geode":404,"Odd Mushroom":258,"hubris:Towel":371,"Peace Pipe":399,"DataDisk":391,"infinitespire:WardingShard":228,"Shedinja:EnergyLoss":253,"hubris:BundleOfHerbs":281,"Bottled Lightning":177,"Membership Card":424,"PureWater":0}],"Burning Blood":175},"card_choices":[{"not_picked":["Clothesline","Twin Strike"],"picked":"Perfected Strike","floor":1},{"not_picked":["Cleave","Perfected Strike"],"picked":"Twin Strike","floor":3},{"not_picked":["hubris:SharpeningStone","Sword Boomerang"],"picked":"Shrug It Off","floor":11},{"not_picked":["Defy Death","Pummel"],"picked":"Inflame","floor":13},{"not_picked":["conspire:Purge","Limit Break"],"picked":"Demon Form","floor":16},{"not_picked":["hubris:ReadiedAction","Rage","ReplayTheSpireMod:Strike From Hell+1"],"picked":"SKIP","floor":18},{"not_picked":["ReplayTheSpireMod:Corrosion Curse","Warcry","Reckless Charge"],"picked":"SKIP","floor":19},{"not_picked":["Intimidate","Anger","ReplayTheSpireMod:Corrosion Curse"],"picked":"SKIP","floor":21}],"player_experience":664221,"relics_obtained":[{"floor":9,"key":"Happy Flower"},{"floor":13,"key":"Blood Vial"}],"event_choices":[{"damage_healed":0,"gold_gain":0,"player_choice":"Upgraded","damage_taken":0,"max_hp_gain":0,"max_hp_loss":0,"event_name":"Upgrade Shrine","floor":2,"gold_loss":0,"cards_upgraded":["Body Slam"]},{"damage_healed":0,"gold_gain":0,"player_choice":"Entered Light","damage_taken":16,"max_hp_gain":0,"max_hp_loss":0,"event_name":"Shining Light","floor":5,"gold_loss":0,"cards_upgraded":["Strike_R","Bash"]},{"damage_healed":0,"gold_gain":0,"player_choice":"Take Wound","damage_taken":0,"relics_obtained":["Golden Idol"],"max_hp_gain":0,"max_hp_loss":0,"event_name":"Golden Idol","floor":7,"gold_loss":0,"cards_obtained":["Injury"]}],"is_beta":false,"boss_relics":[{"not_picked":["Velvet Choker","beaked:SacredDeck"],"picked":"Black Star"}],"items_purged_floors":[0],"is_endless":false,"potions_floor_spawned":[3,11,21],"killed_by":"conspire:SneckoGhost","ascension_level":0}}