{"host":"xf6jh9nhxbgnw2vy","time":1614414248,"event":{"mods":["BaseMod","Colored Map","Colored Powertips","DeckTracker","GungeonMod","Hermit","Highlight Path","Jorbs\u0027s Wanderer Trilogy","Minty Spire (QoL Compilation)","Potionbrewer","Quarter Circle Forward PUNCH!","Replay The Spire","StSLib","The Animator","The Blackbeard","The Forsaken","The Hayseed","The Mystic","The Poker Player","The Servant 0.9.4","TheHeartMod","Waifu the Spire","【功能Mod】混沌之环修复补丁","残留之物"],"gold_per_floor":[116,131,141,141,157,191,191],"floor_reached":6,"language":"ZHS","playtime":475,"items_purged":[],"score":48,"play_id":"05085ec9-ec94-4440-9eac-ed6114bf8397","local_time":"20210227162408","is_ascension_mode":false,"campfire_choices":[],"circlet_count":0,"master_deck":["stsjorbsmod:ForbiddenGrimoire+1","stsjorbsmod:Strike_Wanderer","stsjorbsmod:Strike_Wanderer","stsjorbsmod:Strike_Wanderer","stsjorbsmod:Strike_Wanderer","stsjorbsmod:Defend_Wanderer","stsjorbsmod:Defend_Wanderer","stsjorbsmod:Defend_Wanderer","stsjorbsmod:Defend_Wanderer","stsjorbsmod:FreshAdventure","stsjorbsmod:EyeOfTheStorm","stsjorbsmod:WanderingMind","stsjorbsmod:Stalwart","stsjorbsmod:Firebolt","stsjorbsmod:BookOfTongues","stsjorbsmod:Index"],"relics":["stsjorbsmod:GrimoireRelic","NeowsBlessing","DemoMod:GlassGuonStoneRelic","qcfpunch:Fighting_Gloves"],"acts_visited":["Exordium"],"potions_floor_usage":[],"damage_taken":[{"damage":0,"enemies":"Cultist","floor":1,"turns":1},{"damage":0,"enemies":"2 Louse","floor":2,"turns":1},{"damage":0,"enemies":"Jaw Worm","floor":3,"turns":1},{"damage":8,"enemies":"Large Slime","floor":5,"turns":4},{"damage":30,"enemies":"3 Sentries","floor":6,"turns":9}],"seed_played":"-7817993573159551385","potions_obtained":[{"floor":1,"key":"Strength Potion"},{"floor":2,"key":"DistilledChaos"},{"floor":5,"key":"DemoMod:LeadSkinPotion"}],"is_trial":false,"path_per_floor":["M","M","M","?","M","E"],"character_chosen":"WANDERER","items_purchased":[],"campfire_rested":0,"item_purchase_floors":[],"current_hp_per_floor":[68,68,68,68,62,32,32],"gold":191,"neow_bonus":"THREE_ENEMY_KILL","is_daily":false,"chose_seed":false,"campfire_upgraded":0,"win_rate":0.0,"timestamp":1614414248,"path_taken":["M","M","M","?","M","E"],"items_purchased_type":[],"build_version":"2020-12-22","purchased_purges":0,"victory":false,"max_hp_per_floor":[68,68,68,68,68,68,68],"card_choices":[{"not_picked":["stsjorbsmod:FracturedMind","stsjorbsmod:Mindworm"],"picked":"stsjorbsmod:WanderingMind","floor":1},{"not_picked":["stsjorbsmod:WeightOfMemory","stsjorbsmod:Firebolt"],"picked":"stsjorbsmod:Stalwart","floor":2},{"not_picked":["stsjorbsmod:Rest","stsjorbsmod:Aid"],"picked":"stsjorbsmod:Firebolt","floor":3},{"not_picked":["stsjorbsmod:MistyStep","stsjorbsmod:FranticSearch"],"picked":"stsjorbsmod:BookOfTongues","floor":5},{"not_picked":["stsjorbsmod:CorrodingBarrier","stsjorbsmod:HedgeWizard"],"picked":"stsjorbsmod:Index","floor":6}],"player_experience":144276,"relics_obtained":[{"floor":6,"key":"qcfpunch:Fighting_Gloves"}],"event_choices":[{"damage_healed":0,"gold_gain":0,"player_choice":"Ignored","damage_taken":0,"max_hp_gain":0,"max_hp_loss":0,"event_name":"Liars Game","floor":4,"gold_loss":0}],"is_beta":false,"boss_relics":[],"items_purged_floors":[],"is_endless":false,"potions_floor_spawned":[1,2,5],"killed_by":"3 Sentries","ascension_level":0}}