{"host":"dl909bjyolgrn2uw","time":1614400617,"event":{"mods":["2.2 Compatiblity","AchievementEnabler","BaseMod","Bestiary","Better Altar","Better Note","Better Sensory Stone","Better Skull","Better Vampires","Colored Powertips","Curses Come First","Downfall","Emptier Cage","Minty Spire (QoL Compilation)","Permanent Neow","Quick Restart","Rare Cards Sparkle","Relic Stats","Shop Mod","Spicy Shops","StSLib","SuperFastMode"],"gold_per_floor":[0,16,30,30,45,45,98,98,113,13,44,58,74,109,125,226,226,226,241,11,27,39,39,64,76,103,113,143,293,293,308,328,427,427,427,439,453,33,33,43,70,116,190,205,232,242,242,260,277,277],"floor_reached":51,"language":"ENG","playtime":3612,"items_purged":["Writhe"],"score":737,"play_id":"68623cdc-a301-451d-b816-24cdeaa1538b","local_time":"20210226223656","is_ascension_mode":false,"campfire_choices":[{"floor":1.0,"key":"RECALL"},{"data":"bronze:NullPointer","floor":6.0,"key":"SMITH"},{"data":"bronze:Goto","floor":8.0,"key":"SMITH"},{"data":"bronze:NullPointer","floor":10.0,"key":"SMITH"},{"floor":18.0,"key":"REST"},{"floor":23.0,"key":"REST"},{"floor":30,"key":"REST"},{"floor":35,"key":"REST"},{"floor":47,"key":"REST"}],"circlet_count":0,"master_deck":["bronze:Strike","bronze:Strike","bronze:Strike","bronze:Strike","bronze:Defend","bronze:Defend","bronze:Defend","bronze:Replicate","bronze:Goto+1","bronze:Shield","bronze:WhirlingStrike+1","bronze:NullPointer+1","bronze:NullPointer+1","bronze:Branch","bronze:CutThrough","bronze:ForLoop","bronze:Frontload","bronze:DelayedGuard","bronze:RecursiveStrike","bronze:Deprecate+1","bronze:Optimize","bronze:WildBeam+1","bronze:Mutator","bronze:CutThrough","bronze:OilSpill+1","bronze:Branch","bronze:HardenedForm+1","bronze:ForLoop","bronze:DelayedGuard+1","bronze:Repulsor+1","bronze:Verify+1","bronze:Allocate","bronze:Optimize+1","bronze:Boost+1","bronze:BitShift+1","bronze:Return+1","bronze:GetLatest+1","bronze:Branch+1","bronze:ForLoop+1","bronze:CutThrough+1"],"relics":["bronze:BronzeCore","Lizard Tail","Akabeko","downfall:HeartBlessingRed","Juzu Bracelet","Fusion Hammer","OrangePellets","PreservedInsect","Tiny Chest","Regal Pillow","Frozen Egg 2","Velvet Choker","Orrery","Toy Ornithopter","Shovel","Bottled Flame","Eternal Feather"],"acts_visited":["Exordium","TheCity","TheBeyond"],"potions_floor_usage":[48,50,50,50],"damage_taken":[{"damage":7.0,"enemies":"Small Slimes","floor":2.0,"turns":4.0},{"damage":1.0,"enemies":"Cultist","floor":3.0,"turns":3.0},{"damage":0.0,"enemies":"2 Louse","floor":5.0,"turns":2.0},{"damage":0.0,"enemies":"Blue Slaver","floor":9.0,"turns":3.0},{"damage":18.0,"enemies":"Lagavulin","floor":11.0,"turns":6.0},{"damage":0.0,"enemies":"3 Louse","floor":12.0,"turns":1.0},{"damage":0.0,"enemies":"Large Slime","floor":13.0,"turns":3.0},{"damage":22.0,"enemies":"3 Sentries","floor":14.0,"turns":3.0},{"damage":0.0,"enemies":"2 Fungi Beasts","floor":15.0,"turns":1.0},{"damage":42.0,"enemies":"DF_ARCHETYPE_STREAMLINE","floor":16.0,"turns":11.0},{"damage":0.0,"enemies":"3 Byrds","floor":19.0,"turns":3.0},{"damage":5.0,"enemies":"downfall:FleeingMerchant","floor":20.0,"turns":4.0},{"damage":0.0,"enemies":"downfall:LooterAlt2","floor":21.0,"turns":4.0},{"damage":0.0,"enemies":"Centurion and Healer","floor":22.0,"turns":4.0},{"damage":0.0,"enemies":"Snake Plant","floor":25.0,"turns":5.0},{"damage":22.0,"enemies":"Slavers","floor":26.0,"turns":4.0},{"damage":4,"enemies":"Shelled Parasite and Fungi","floor":27,"turns":3},{"damage":7,"enemies":"Book of Stabbing","floor":28,"turns":4},{"damage":0,"enemies":"Snecko","floor":31,"turns":4},{"damage":10,"enemies":"Chosen and Byrds","floor":32,"turns":3},{"damage":40,"enemies":"SI_MIRROR_ARCHETYPE","floor":33,"turns":11},{"damage":0,"enemies":"Orb Walker","floor":36,"turns":2},{"damage":0,"enemies":"3 Shapes","floor":37,"turns":5},{"damage":0,"enemies":"downfall:FleeingMerchant","floor":38,"turns":4},{"damage":5,"enemies":"Maw","floor":40,"turns":7},{"damage":20,"enemies":"2 Orb Walkers","floor":42,"turns":4},{"damage":0,"enemies":"Sphere and 2 Shapes","floor":44,"turns":3},{"damage":27,"enemies":"Nemesis","floor":45,"turns":9},{"damage":0,"enemies":"Jaw Worm Horde","floor":46,"turns":3},{"damage":0,"enemies":"Transient","floor":48,"turns":5},{"damage":0,"enemies":"3 Darklings","floor":49,"turns":5},{"damage":60,"enemies":"IC_BLOCK_ARCHETYPE","floor":50,"turns":10}],"seed_played":"-6732395241766143541","potions_obtained":[{"floor":3.0,"key":"SneckoOil"},{"floor":5.0,"key":"Strength Potion"},{"floor":13.0,"key":"champ:CounterPotion"},{"floor":14.0,"key":"CultistPotion"},{"floor":25.0,"key":"FairyPotion"},{"floor":26.0,"key":"FearPotion"},{"floor":27,"key":"Energy Potion"},{"floor":28,"key":"Block Potion"},{"floor":46,"key":"Fruit Juice"},{"floor":48,"key":"FearPotion"}],"is_trial":false,"path_per_floor":["R","M","M","?","M","R","T","R","M","R","E","M","M","E","M","B",null,"R","M","$","M","M","R","T","M","E","M","E","?","R","M","M","B",null,"R","M","M","$","?","M","T","?","T","M","E","M","R","M","M","B",null],"character_chosen":"THE_AUTOMATON","items_purchased":["OrangePellets","PreservedInsect","Orrery","bronze:Optimize+1","SpeedPotion"],"campfire_rested":5,"item_purchase_floors":[20,20,38,38,38],"current_hp_per_floor":[70,63,62,62,62,62,62,62,62,62,44,44,44,22,22,17,70,70,70,65,65,65,70,70,70,48,44,37,37,70,70,60,20,70,70,70,70,70,70,65,65,45,45,45,18,18,70,75,75,25],"gold":277,"neow_bonus":"ONE_RARE_RELIC","is_daily":false,"chose_seed":false,"campfire_upgraded":3,"win_rate":0.0,"timestamp":1614400616,"path_taken":["R","M","M","?","M","R","T","R","M","R","E","M","M","E","M","BOSS","R","M","?","M","M","R","T","M","E","M","E","?","R","M","M","BOSS","R","M","M","$","?","M","T","?","?","M","E","M","R","M","M","BOSS"],"items_purchased_type":["Relic","Relic","Relic","Card","Potion"],"build_version":"2020-12-22","purchased_purges":1,"victory":true,"max_hp_per_floor":[70,70,70,70,70,70,70,70,70,70,70,70,70,70,70,70,70,70,70,70,70,70,70,70,70,70,70,70,70,70,70,70,70,70,70,70,70,70,70,70,70,70,70,70,70,70,70,75,75,75],"relic_stats":{"OrangePellets":[11],"Lizard Tail":35,"Regal Pillow":22,"Shovel":0,"counters":[32,143],"Tiny Chest":1,"Eternal Feather":21,"PreservedInsect":127,"Juzu Bracelet":0,"obtain_stats":[{"Regal Pillow":26,"bronze:BronzeCore":0,"downfall:HeartBlessingRed":10,"Velvet Choker":34,"Eternal Feather":45,"PreservedInsect":20,"Juzu Bracelet":14,"Frozen Egg 2":28,"Smiling Mask":11,"Akabeko":7,"OrangePellets":20,"Lizard Tail":0,"Bottled Flame":43,"Shovel":42,"Orrery":38,"Tiny Chest":24,"Fusion Hammer":17,"Toy Ornithopter":41},{"Regal Pillow":16,"bronze:BronzeCore":0,"downfall:HeartBlessingRed":4,"Velvet Choker":21,"Eternal Feather":28,"PreservedInsect":12,"Juzu Bracelet":8,"Frozen Egg 2":18,"Smiling Mask":5,"Akabeko":3,"OrangePellets":12,"Lizard Tail":0,"Bottled Flame":26,"Shovel":26,"Orrery":24,"Tiny Chest":14,"Fusion Hammer":10,"Toy Ornithopter":25},{"Regal Pillow":61,"bronze:BronzeCore":0,"downfall:HeartBlessingRed":12,"Velvet Choker":86,"Eternal Feather":120,"PreservedInsect":44,"Juzu Bracelet":25,"Frozen Egg 2":68,"Smiling Mask":18,"Akabeko":9,"OrangePellets":44,"Lizard Tail":0,"Bottled Flame":108,"Shovel":108,"Orrery":97,"Tiny Chest":52,"Fusion Hammer":37,"Toy Ornithopter":104}],"Toy Ornithopter":10},"card_choices":[{"not_picked":["bronze:BuggyMess","bronze:ForceShield"],"picked":"bronze:Shield","floor":2.0},{"not_picked":["bronze:BuggyMess","bronze:Branch"],"picked":"bronze:WhirlingStrike","floor":3.0},{"not_picked":["bronze:Branch","bronze:Shield"],"picked":"bronze:NullPointer","floor":5.0},{"not_picked":["bronze:ChildClass","bronze:Philosophize"],"picked":"bronze:NullPointer","floor":9.0},{"not_picked":["bronze:ChildClass","bronze:BronzeOrb"],"picked":"bronze:Branch","floor":11.0},{"not_picked":["bronze:Deprecate","bronze:OilSpill"],"picked":"bronze:CutThrough","floor":12.0},{"not_picked":["bronze:DelayedGuard","bronze:Shell"],"picked":"bronze:ForLoop","floor":13.0},{"not_picked":["bronze:Safeguard","bronze:FineTuning"],"picked":"bronze:Frontload","floor":14.0},{"not_picked":["bronze:Backtrace","bronze:Invalidate"],"picked":"bronze:DelayedGuard","floor":15.0},{"not_picked":["bronze:SpaghettiCode","bronze:Verify"],"picked":"bronze:RecursiveStrike","floor":16.0},{"not_picked":["bronze:Iterate","bronze:DelayedSlice"],"picked":"bronze:Deprecate+1","floor":19.0},{"not_picked":["bronze:Frontload+1","bronze:Branch"],"picked":"bronze:Optimize","floor":20.0},{"not_picked":["bronze:BitShift","bronze:BuggyMess"],"picked":"bronze:WildBeam+1","floor":21.0},{"not_picked":["bronze:Turbo+1","bronze:Iterate"],"picked":"bronze:Mutator","floor":22.0},{"not_picked":["bronze:Boost","bronze:BitShift","bronze:GetLatest"],"picked":"SKIP","floor":25.0},{"not_picked":["bronze:ShipIt","bronze:Deprecate"],"picked":"bronze:CutThrough","floor":26.0},{"not_picked":["bronze:BugBarrage","bronze:WildBeam","bronze:Safeguard"],"picked":"SKIP","floor":27},{"not_picked":["bronze:Deprecate","bronze:Frontload"],"picked":"bronze:OilSpill+1","floor":28},{"not_picked":["bronze:BronzeArmor","bronze:Turbo","bronze:Backtrace+1"],"picked":"SKIP","floor":31},{"not_picked":["bronze:WhirlingStrike","bronze:Deprecate"],"picked":"bronze:Branch","floor":32},{"not_picked":["bronze:AlphaBuild","bronze:Break"],"picked":"bronze:HardenedForm+1","floor":33},{"not_picked":["bronze:Iterate","bronze:WhirlingStrike+1"],"picked":"bronze:ForLoop","floor":36},{"not_picked":["bronze:DigitalCarnage","bronze:Turbo"],"picked":"bronze:DelayedGuard+1","floor":37},{"not_picked":["bronze:ForLoop+1","bronze:BuggyMess"],"picked":"bronze:Repulsor+1","floor":38},{"not_picked":["bronze:ForLoop+1","bronze:Turbo"],"picked":"bronze:Verify+1","floor":38},{"not_picked":["bronze:Iterate","bronze:DarkDash+1"],"picked":"bronze:Allocate","floor":38},{"not_picked":["bronze:WhirlingStrike","bronze:BugBarrage+1"],"picked":"bronze:Boost+1","floor":40},{"not_picked":["bronze:Deprecate","bronze:Fortify"],"picked":"bronze:BitShift+1","floor":42},{"not_picked":["bronze:Branch+1","bronze:BitShift"],"picked":"bronze:Return+1","floor":44},{"not_picked":["bronze:Break","bronze:Shield+1"],"picked":"bronze:GetLatest+1","floor":45},{"not_picked":["bronze:Shield+1","bronze:Deprecate+1"],"picked":"bronze:Branch+1","floor":46},{"not_picked":["bronze:BugBarrage","bronze:Iterate"],"picked":"bronze:ForLoop+1","floor":48},{"not_picked":["bronze:Deprecate","bronze:ChildClass"],"picked":"bronze:CutThrough+1","floor":49}],"player_experience":581225,"relics_obtained":[{"floor":7.0,"key":"Akabeko"},{"floor":11.0,"key":"Smiling Mask"},{"floor":14.0,"key":"Juzu Bracelet"},{"floor":24.0,"key":"Tiny Chest"},{"floor":26.0,"key":"Regal Pillow"},{"floor":28,"key":"Frozen Egg 2"},{"floor":41,"key":"Toy Ornithopter"},{"floor":42,"key":"Shovel"},{"floor":43,"key":"Bottled Flame"},{"floor":45,"key":"Eternal Feather"}],"event_choices":[{"cards_removed":["bronze:Defend"],"damage_healed":0,"gold_gain":0,"player_choice":"Removed Skill","damage_taken":0,"max_hp_gain":0,"max_hp_loss":0,"event_name":"Falling","floor":39,"gold_loss":0},{"damage_healed":0,"gold_gain":0,"player_choice":"Fight","damage_taken":0,"max_hp_gain":0,"max_hp_loss":0,"event_name":"Mysterious Sphere","floor":42,"gold_loss":0}],"is_beta":false,"boss_relics":[{"not_picked":["Philosopher\u0027s Stone","Tiny House"],"picked":"Fusion Hammer"},{"not_picked":["Calling Bell","Coffee Dripper"],"picked":"Velvet Choker"}],"items_purged_floors":[38],"is_endless":false,"potions_floor_spawned":[3,5,13,14,25,26,27,28,40,42,46,48,49],"ascension_level":0}}