{"host":"mhk64yc8b8cafbgt","time":1614446934,"event":{"mods":["Act Like it!","Aspiration","BaseMod","BetterRewards","CapriCore","Downfall","Energized Spire","Friendly Minions","GifTheSpireLib","Gold Saver","HornydragonMod","Library of Ruina","Library of Ruina Extra","Marked Mod","Minty Spire (QoL Compilation)","MostiFishMod","Pale of the Ancients","Quick Restart","Relic Filter Mod","Robot Space Explorer","RumiaBox-露米娅的神秘盒子","Ryuuou龙王","Shop Mod","Spicy Shops","StSLib","TestMod","Uncapped","[IsaacMod]以撒尖塔","noobMod","【功能Mod】混沌之环修复补丁","【遗物卡牌】REMEMod","残留之物"],"gold_per_floor":[1054,126,138,138,138,178,178,222,222,265,265,140,140,156,156,280,280,293,307,328,346,364,364,407,407,407,407,463,475,500,512,524,665,677,704,732,402,402,402,421,421,459,459,459,492,516,551,375,375,375,375,375,375,212,243,243],"floor_reached":57,"language":"ZHS","playtime":3315,"items_purged":["DegradedFairy","DegradedFairy","DegradedPillar","FleetFootsteps","ShrineToMusic","DegradedChain+1","FrontalAssault","CombatPreparation+1"],"score":1941,"play_id":"dcd9d8ae-e1ce-4b65-9630-64635dd684b8","local_time":"20210228012854","is_ascension_mode":true,"campfire_choices":[{"floor":7,"key":"RECALL"},{"data":"DegradedShockwave","floor":15,"key":"SMITH"},{"data":"Faith","floor":23,"key":"SMITH"},{"data":"DegradedChain","floor":32,"key":"SMITH"},{"data":"DegradedLock","floor":41,"key":"SMITH"},{"data":"DegradedPillar","floor":44,"key":"SMITH"},{"data":"CrackOfDawn","floor":49,"key":"SMITH"},{"floor":53,"key":"REST"}],"circlet_count":0,"master_deck":["DegradedChain+1","DegradedLock+1","DegradedPillar+1","DegradedShockwave+1","Faith+1","CrackOfDawn+1","SunsetBlade+1","BindingArms+1","StrongStrike+1","MirageStorm+1","MostiFishMod:ButterFly+1","RepressedFlesh+1","VioletBlade+1","GrazeTheGrass+1"],"relics":["PageOfLibrarian","REME_ComplimentaryCards","DaveBox","testmod-TestBox","HushsDoor","KeepersGift","ice","MerchantsRug","Molten Egg 2","Ring of the Snake","Golden Idol","Ice Cream","Centennial Puzzle","EasyGame_NEW","GuppysPaw","GuppysHead","Calipers","aspiration:RitualStick","GodSword4","PatriotShield","Membership Card","MoneyPower","aspiration:HummingbirdHeart","Regal Pillow","HornCleat","TuHaoJin","HowToJump","PageOfPorccubus","Bottled Flame","testmod-LifeArmor"],"acts_visited":["Exordium","TheCity","TheBeyond","TheEnding"],"potions_floor_usage":[19,50,56,56,56,56],"damage_taken":[{"damage":0,"enemies":"Jaw Worm","floor":1,"turns":1},{"damage":0,"enemies":"2 Louse","floor":3,"turns":2},{"damage":0,"enemies":"Gremlin Nob","floor":6,"turns":2},{"damage":0,"enemies":"3 Sentries","floor":8,"turns":3},{"damage":0,"enemies":"Gremlin Nob","floor":10,"turns":3},{"damage":0,"enemies":"Small Slimes","floor":14,"turns":1},{"damage":0,"enemies":"Slime Boss","floor":16,"turns":5},{"damage":0,"enemies":"2 Thieves","floor":18,"turns":3},{"damage":0,"enemies":"3 Byrds","floor":19,"turns":2},{"damage":0,"enemies":"Snake Plant","floor":20,"turns":1},{"damage":0,"enemies":"Snecko","floor":21,"turns":2},{"damage":0,"enemies":"Centurion and Healer","floor":22,"turns":3},{"damage":0,"enemies":"Slavers","floor":24,"turns":1},{"damage":0,"enemies":"Book of Stabbing","floor":28,"turns":3},{"damage":0,"enemies":"Snake Plant","floor":30,"turns":2},{"damage":0,"enemies":"KingOfGreed","floor":33,"turns":6},{"damage":0,"enemies":"3 Darklings","floor":35,"turns":2},{"damage":3,"enemies":"3 Shapes","floor":36,"turns":1},{"damage":0,"enemies":"Sphere and 2 Shapes","floor":40,"turns":2},{"damage":0,"enemies":"Reptomancer","floor":42,"turns":1},{"damage":0,"enemies":"Nemesis","floor":45,"turns":1},{"damage":0,"enemies":"Maw","floor":46,"turns":2},{"damage":0,"enemies":"Reptomancer","floor":47,"turns":2},{"damage":0,"enemies":"Time Eater","floor":50,"turns":2},{"damage":0,"enemies":"Time Eater","floor":51,"turns":1},{"damage":0,"enemies":"Shield and Spear","floor":55,"turns":1},{"damage":0,"enemies":"LittleHush","floor":56,"turns":26}],"seed_played":"-4861364703100566913","potions_obtained":[{"floor":1,"key":"Guardian:BlockOnCardUsePotion"},{"floor":6,"key":"champ:CounterPotion"},{"floor":14,"key":"CultistPotion"},{"floor":16,"key":"AttackPotion"},{"floor":19,"key":"REME_GoldPotion"},{"floor":22,"key":"CultistPotion"}],"is_trial":false,"path_per_floor":["M","$","M","?","?","E","R","E","T","E","?","$","R","M","R","B",null,"M","M","M","M","M","R","E","?","T","?","E","?","M","?","R","B",null,"M","M","$","?","?","M","R","E","T","R","E","M","E","$","R","B",null,null,"R","$","E","B",null],"character_chosen":"Librarian","items_purchased":["MerchantsRug","SunsetBlade","Molten Egg 2","aspiration:Nostalgia","Art of War","GuppysPaw","GuppysHead","ShrineToMusic","Membership Card","MoneyPower","aspiration:HummingbirdHeart","PageOfPorccubus","GrazeTheGrass+1","Bottled Flame"],"campfire_rested":1,"item_purchase_floors":[2,2,2,2,2,17,17,17,37,37,37,48,48,54],"current_hp_per_floor":[60,60,60,60,53,53,53,53,53,53,36,36,36,36,36,36,55,55,55,55,55,55,55,55,44,44,44,44,44,44,53,53,53,78,78,75,75,75,75,78,78,78,78,78,78,78,78,78,78,78,78,78,78,78,78,78],"gold":243,"neow_bonus":"THREE_CARDS","is_daily":false,"chose_seed":false,"campfire_upgraded":6,"win_rate":0.0,"timestamp":1614446934,"path_taken":["M","$","M","?","?","E","R","E","T","E","?","$","R","?","R","BOSS","M","M","M","M","M","R","E","?","T","?","E","?","?","?","R","BOSS","M","M","$","?","?","M","R","E","T","R","E","M","E","$","R","BOSS","R","$","E","BOSS"],"items_purchased_type":["Relic","Card","Relic","Relic","Relic","Relic","Relic","Card","Relic","Relic","Relic","Relic","Card","Relic"],"build_version":"2020-12-22","purchased_purges":8,"victory":true,"max_hp_per_floor":[90,90,90,83,83,83,83,83,83,83,83,83,83,83,83,83,55,55,55,55,55,55,55,55,55,55,85,85,85,85,85,85,85,78,78,78,78,78,78,78,78,78,78,78,78,78,78,78,78,78,78,78,78,78,78,78],"card_choices":[{"not_picked":[],"picked":"Bomb","floor":0},{"not_picked":["ChiWen","Leap_lor"],"picked":"Faith","floor":0},{"not_picked":["SuppressingShot","ChiWen","VioletBlade","Bomb","Standoff","FleetFootsteps","PreemptiveStrike","DesperateStruggle"],"picked":"CrackOfDawn","floor":1},{"not_picked":["SmokingPipe","SharpSwipe+1","GreatSerpentsImpact+1","BlindFaith","GuidanceOfTheGears","InhaleSmoke","EnergyShield","EnergyStrike+1"],"picked":"FleetFootsteps","floor":3},{"not_picked":["Punishment+1","Reload","StructuralAnalysis","Tttonst","WillOfThePrescript","HiddenBlade+1","DarkCloud","BurningFlash+1","MultiBlock"],"picked":"SKIP","floor":6},{"not_picked":["AlloutWar","JiaoTu+1","SunsetBlade","StrikeDown+1","BlazingStrike+1","StrongStrike+1","GuardingStance","ChopItOff+1","Struggle"],"picked":"SKIP","floor":8},{"not_picked":["BulkyImpact+1","BindingArms+1","SnakesPrey","WillBeTasty+1","StrikeDown+1","EndlessBattle+1","EnergyShield","ExtremeEdge+1","Duel_lor+1"],"picked":"SKIP","floor":10},{"not_picked":["PreemptiveStrike+1","Pound+1","Multislash+1","CoordinatedAssault","SenseQuarry","UpbeatPerformance+1","Preparation","HandleRequest+1"],"picked":"BindingArms+1","floor":14},{"not_picked":["SunsetBlade","GreatSerpentsImpact+1","Diversion+1","BiAn+1","IngredientHunt+1","SmokingPipe","FrontalAssault+1","QuickSuppression+1"],"picked":"StrongStrike+1","floor":18},{"not_picked":["Pound+1","DevastatingThrash+1","StrongStrike+1","PreemptiveStrike+1","Overpower+1","Parry2","SomberProcuration","InkOver+1"],"picked":"FrontalAssault","floor":19},{"not_picked":["BackAttack","Multislash+1","RhinoRam+1","Faith","CrackOfDawn+1","QuickSuppression+1","Quickness","Execute_lor+1","FocusFire+1"],"picked":"SKIP","floor":20},{"not_picked":["ToOvercomeCrisis","BackAttack+1","MindWhip+1","Riposte+1","BayonetCombat+1","ViolentFlame","Faith+1","DriedUp+1","ClassAndRespect+1"],"picked":"SKIP","floor":21},{"not_picked":["StartinOutLightly","Outburst+1","GatherIntel","Eliminate+1","GuardingStance","Marionette","UnforgettableMelody","CutIn+1","PreemptiveStrike+1"],"picked":"SKIP","floor":22},{"not_picked":["SpearedSweep+1","FieryDragonSlash+1","TasteMyFlamingBat+1","BladeWhirl+1","StrongStrike+1","HighSpeedStabbing+1","BalefulBrand","HighKick+1"],"picked":"CombatPreparation+1","floor":24},{"not_picked":["GuidanceOfTheGears","DarkCloud","FeatherShield","StrongStrike+1","InkOver+1","SuanNi","StartinOutLightly","CoordinatedAssault","RapidGashes+1"],"picked":"SKIP","floor":28},{"not_picked":["QuickAttack+1","OpportunitySpotted+1","UpbeatPerformance+1","PinpointShot+1","BindingChains+1","QuickSuppression+1","Outburst+1","CutIn+1","TheWillOfTheCity"],"picked":"SKIP","floor":30},{"not_picked":["FleshFillet+1","EmotionalTurbulence+1"],"picked":"MirageStorm+1","floor":33},{"not_picked":["Leap_lor+1","GreatSerpentsImpact+1","PinpointShot+1","EnergyStrike+1","StructuralAnalysis+1","SilentMist+1","ForcefulGesture+1","Pound+1","HandleRequest+1"],"picked":"SKIP","floor":35},{"not_picked":["FlashingStrike+1","Leap_lor+1","Cruelty+1","SmokingPipe","Standoff+1","Guardian_lor+1","SwordOfVolition+1","FrontalAssault","GrazeTheGrass+1"],"picked":"SKIP","floor":36},{"not_picked":["ReadyUp","UnavoidableGaze","Execute_lor+1","EnergyShield","CleanUp+1","GrazeTheGrass+1","RhinoRam+1","Fence+1","LoosenUp+1"],"picked":"SKIP","floor":40},{"not_picked":["BlazingStrike+1","FleetFootsteps+1","GreatSerpentsImpact+1","Faith","Slice_lor+1","Overcharge","UnavoidableGaze","Unlock1+1"],"picked":"RepressedFlesh+1","floor":42},{"not_picked":["SenseQuarry","SilentMist+1","BindingArms+1","QuickSuppression+1","FleetEdge+1","LoosenUp+1","BiAn+1","CumulusWall","DesperateStruggle+1"],"picked":"SKIP","floor":45},{"not_picked":["QuickSuppression+1","Standoff+1","Parry+1","TendonChords+1","FervidEmotions","FocusFire+1","ClassAndRespect+1","Struggle+1"],"picked":"VioletBlade+1","floor":46},{"not_picked":["Rampage_lor+1","SerpentSwordTechnique","Leap_lor+1","Thrust+1","UnavoidableGaze","EnergyBeam+1","IronWall","MindPrepared+1","DesperateStruggle+1"],"picked":"SKIP","floor":47},{"not_picked":["DevastatingThrash+1","Disposal+1","FrontalAssault+1","PreemptiveStrike+1","SweepTheBackstreets+1","Ripple+1","BackAttack+1","EnergyShield+1","StrikeDown+1"],"picked":"SKIP","floor":55}],"player_experience":446315,"relics_obtained":[{"floor":6,"key":"Ice Cream"},{"floor":8,"key":"Potion Belt"},{"floor":10,"key":"Centennial Puzzle"},{"floor":24,"key":"Calipers"},{"floor":26,"key":"Bottled Lightning"},{"floor":28,"key":"GodSword4"},{"floor":42,"key":"Regal Pillow"},{"floor":43,"key":"HornCleat"},{"floor":45,"key":"TuHaoJin"},{"floor":47,"key":"HowToJump"},{"floor":55,"key":"testmod-LifeArmor"}],"event_choices":[{"damage_healed":0,"gold_gain":0,"player_choice":"Lose Max HP","damage_taken":0,"relics_obtained":["Golden Idol"],"max_hp_gain":0,"max_hp_loss":7,"event_name":"Golden Idol","floor":4,"gold_loss":0},{"cards_removed":["DegradedFairy"],"damage_healed":0,"gold_gain":0,"player_choice":"Card Removal","damage_taken":7,"max_hp_gain":0,"max_hp_loss":0,"event_name":"Golden Wing","floor":5,"gold_loss":0},{"damage_healed":0,"gold_gain":0,"player_choice":"Entered Light","damage_taken":17,"max_hp_gain":0,"max_hp_loss":0,"event_name":"Shining Light","floor":11,"gold_loss":0,"cards_upgraded":["DegradedChain","SunsetBlade"]},{"damage_healed":0,"gold_gain":0,"player_choice":"Swap Relic","damage_taken":0,"relics_obtained":["MawBank"],"max_hp_gain":0,"max_hp_loss":0,"event_name":"给自己的盒子","floor":27,"relics_lost":["aspiration:Nostalgia"],"gold_loss":0},{"damage_healed":0,"gold_gain":0,"player_choice":"Ignored","damage_taken":0,"max_hp_gain":0,"max_hp_loss":0,"event_name":"Tomb of Lord Red Mask","floor":38,"gold_loss":0},{"damage_healed":0,"gold_gain":0,"player_choice":"1 cards matched","damage_taken":0,"max_hp_gain":0,"max_hp_loss":0,"event_name":"Match and Keep!","floor":39,"gold_loss":0,"cards_obtained":["MostiFishMod:ButterFly"]}],"is_beta":false,"boss_relics":[{"not_picked":["RhineFirstAidKit","Ectoplasm"],"picked":"EasyGame_NEW"},{"not_picked":[]},{"not_picked":["REME_DemonsWealth","GuanYuAspect"],"picked":"PatriotShield"},{"not_picked":[]}],"items_purged_floors":[2,2,12,17,34,37,48,54],"is_endless":false,"potions_floor_spawned":[1,6,14,16,19,22,28,30,33,45,46,47],"ascension_level":1}}