{"host":"yassvrowvc2yfwp2","time":1614398105,"event":{"mods":["2.2 Compatiblity","Act Like it!","BaseMod","Better Note","Curses Come First","Dota2Spire","Downfall","HololiveMod","Jorbs\u0027s Wanderer Trilogy","Minty Spire (QoL Compilation)","Prisma Mod","Rare Cards Sparkle","Reimu£®≤©¿ˆ¡È√Œ£©","Replay The Spire","Say the Spire","Spicy Shops","StSLib","The Bug Knight","The Cursed","The Servant 0.9.4"],"gold_per_floor":[99,144,144,189,264,264,289,289,379,424,424,124,169,259,304,604,604,604,604,628,628,23,113,113,158,203,248,248,293,293,293,293,338,383,683,683,683,46,91,355,355,445,445,490,490,880,680,9,54,99,144,144],"floor_reached":53,"language":"ZHS","playtime":2292,"items_purged":["Pride"],"score":1272,"play_id":"a33d3199-fca9-4f8f-b733-4aef580f620a","local_time":"20210227115505","daily_mods":["Cursed Run","downfall:Jewelcrafting","Midas"],"is_ascension_mode":false,"campfire_choices":[{"floor":11,"key":"REST"},{"floor":28,"key":"REST"},{"floor":30,"key":"REST"},{"floor":37,"key":"DIG"},{"floor":45,"key":"RECALL"},{"floor":47,"key":"REST"}],"circlet_count":0,"master_deck":["Guardian:Strike_Guardian","Guardian:Strike_Guardian","Guardian:Strike_Guardian","Guardian:Strike_Guardian","Guardian:Defend_Guardian","Guardian:Defend_Guardian","Guardian:Defend_Guardian","Guardian:Defend_Guardian","Guardian:CurlUp","Guardian:TwinSlam","Guardian:ExploitGems","Guardian:ExploitGems+1","Guardian:FloatingOrbs","Guardian:Harden","downfall:Icky","Guardian:SentryBeam","Guardian:TemporalStrike","Guardian:TimeCapacitor","Guardian:FastForward+1","Guardian:DecasProtection","Doubt","Guardian:GemFinder","downfall:Bewildered","Guardian:Harden","Guardian:PrismaticBeam","Guardian:PrismaticBarrier","Chrysalis+1","Guardian:CrystalBeam","Guardian:StasisStrike","Sickly","Guardian:BronzeArmor","Guardian:CrystalBeam+1","Guardian:DecasProtection+1","Guardian:ChargeUp","Guardian:Repulse","Amnesia","Guardian:ExploitGems","Guardian:Gem_Cyan","Guardian:FastForward","Mayhem","Guardian:PolyBeam","Guardian:ChargeUp","Guardian:Gem_Red","Hallucinations","Guardian:Gem_Green","Mayhem","Guardian:ExploitGems+1","Overencumbered","Guardian:PiercingHide+1","Poor:ReiMu","Guardian:ShieldSpikes+1","Guardian:Gem_Red","Guardian:TemporalStrike+1","expansioncontent:QuickStudy","Guardian:ConstructionForm","Guardian:ArmoredProtocol","Replay:Hysterical Blindness"],"relics":["Cursed Key","Darkstone Periapt","Du-Vu Doll","Guardian:PickAxe","ReplayTheSpireMod:TigerMarble","Replay:WaspNest","Bronze Scales","Sling","Dota2Spire:MagicBottle","Guardian:StasisSlotReductionRelic","sneckomod:BabySnecko","Red Mask","Dota2Spire:EchoSabre","Letter Opener","Oddly Smooth Stone","Replay:Ringing Soul","SlaversCollar","HollowMod:LifeEnderRelic","Guardian:StasisUpgradeRelic","Strawberry","StrikeDummy","Dota2Spire:LinkenSphere","Question Card","Old Coin","downfall:HeartBlessingRed","downfall:HeartBlessingGreen","Guide Book","hexamod:CandleOfCauterizing"],"acts_visited":["Exordium","TheCity","TheBeyond"],"potions_floor_usage":[23,42,52,52,52],"damage_taken":[{"damage":12,"enemies":"Small Slimes","floor":2,"turns":5},{"damage":0,"enemies":"Cultist","floor":4,"turns":3},{"damage":13,"enemies":"Replay:BlueRogue","floor":9,"turns":4},{"damage":3,"enemies":"2 Louse","floor":10,"turns":2},{"damage":0,"enemies":"downfall:FleeingMerchant","floor":12,"turns":4},{"damage":0,"enemies":"Large Slime","floor":13,"turns":4},{"damage":9,"enemies":"3 Sentries","floor":14,"turns":5},{"damage":8,"enemies":"Exordium Thugs","floor":15,"turns":3},{"damage":7,"enemies":"IC_STATUS_ARCHETYPE","floor":16,"turns":7},{"damage":0,"enemies":"Masked Bandits","floor":20,"turns":1},{"damage":0,"enemies":"downfall:FleeingMerchant","floor":22,"turns":4},{"damage":7,"enemies":"Replay:Snechameleon","floor":23,"turns":4},{"damage":10,"enemies":"Shell Parasite","floor":25,"turns":3},{"damage":7,"enemies":"downfall:LooterAlt2","floor":26,"turns":2},{"damage":15,"enemies":"3 Cultists","floor":27,"turns":4},{"damage":7,"enemies":"Shelled Parasite and Fungi","floor":29,"turns":3},{"damage":15,"enemies":"Snake Plant","floor":33,"turns":2},{"damage":14,"enemies":"Centurion and Healer","floor":34,"turns":4},{"damage":22,"enemies":"DF_ARCHETYPE_CLAW","floor":35,"turns":6},{"damage":0,"enemies":"downfall:FleeingMerchant","floor":38,"turns":4},{"damage":8,"enemies":"3 Shapes","floor":39,"turns":2},{"damage":12,"enemies":"Reptomancer","floor":42,"turns":3},{"damage":7,"enemies":"Orb Walker","floor":44,"turns":2},{"damage":21,"enemies":"Nemesis","floor":46,"turns":3},{"damage":0,"enemies":"3 Darklings","floor":49,"turns":3},{"damage":12,"enemies":"Spire Growth","floor":50,"turns":3},{"damage":0,"enemies":"Sphere and 2 Shapes","floor":51,"turns":1},{"damage":39,"enemies":"WA_ARCHETYPE_DIVINITY","floor":52,"turns":5}],"seed_played":"-2463471341485849212","potions_obtained":[{"floor":2,"key":"AttackPotion"},{"floor":9,"key":"LifebloodPotion"},{"floor":13,"key":"Block Potion"},{"floor":25,"key":"Reflective Coating"},{"floor":42,"key":"FearPotion"}],"is_trial":false,"path_per_floor":["R","M","?","M","?","?","T","R","E","M","R","$","M","E","M","B",null,"R","?","?","?","$","E","T","M","M","M","R","M","R","PTL","PTL","M","M","B",null,"R","$","M","?","?","E","T","M","R","E","R","$","M","M","M","B",null],"character_chosen":"GUARDIAN","items_purchased":["Bronze Scales","Sling","Dota2Spire:EchoSabre","Chrysalis","Guardian:CrystalBeam","Letter Opener","Mayhem","Guardian:StasisUpgradeRelic","Strawberry","Guardian:PolyBeam","Guardian:ChargeUp","StrikeDummy","Guide Book","hexamod:CandleOfCauterizing","expansioncontent:QuickStudy"],"campfire_rested":4,"item_purchase_floors":[12,12,22,22,22,22,38,38,38,38,38,38,48,48,48],"current_hp_per_floor":[80,68,68,68,57,57,63,63,50,47,72,78,78,69,61,69,98,98,104,104,104,104,97,103,96,92,80,115,115,122,122,122,110,99,86,137,137,147,142,151,160,151,160,156,156,138,186,189,192,180,183,153],"gold":144,"neow_bonus":"","is_daily":true,"chose_seed":false,"campfire_upgraded":0,"win_rate":0.0,"timestamp":1614398105,"path_taken":["R","M","?","M","?","?","T","R","E","?","R","?","M","E","M","BOSS","R","?","?","?","$","E","T","M","M","M","R","M","R","PTL","PTL","M","M","BOSS","R","$","M","?","?","E","T","?","R","E","R","?","M","M","M","BOSS"],"items_purchased_type":["Relic","Relic","Relic","Card","Card","Relic","Card","Relic","Relic","Card","Card","Relic","Relic","Relic","Card"],"build_version":"2020-12-22","purchased_purges":1,"victory":true,"max_hp_per_floor":[80,80,80,80,80,80,86,86,86,86,86,92,92,92,92,98,98,98,104,104,104,104,104,110,113,116,119,119,122,122,122,122,125,128,137,137,137,147,150,159,168,171,180,183,183,186,186,189,192,192,195,204],"card_choices":[{"not_picked":["Guardian:Reroute","Guardian:ChargeUp"],"picked":"Guardian:FloatingOrbs","floor":2},{"not_picked":["Guardian:ChargeCore","Guardian:ShieldCharger"],"picked":"Guardian:Harden","floor":4},{"not_picked":["Guardian:TimeBomb","Guardian:CrystalBeam"],"picked":"Guardian:SentryBeam","floor":9},{"not_picked":["Guardian:Suspension","Guardian:Reroute"],"picked":"Guardian:TemporalStrike","floor":10},{"not_picked":["Guardian:Planning","Guardian:BronzeOrb"],"picked":"Guardian:TimeCapacitor","floor":12},{"not_picked":["Guardian:BronzeOrb","Guardian:Gem_Green"],"picked":"Guardian:FastForward","floor":13},{"not_picked":["Guardian:Recover","Guardian:VentSteam"],"picked":"Guardian:DecasProtection","floor":14},{"not_picked":["Guardian:PrimingBeam","Guardian:Gem_Red"],"picked":"Guardian:Gem_White","floor":15},{"not_picked":["Guardian:SphericShield","Guardian:RevengeProtocol"],"picked":"Guardian:GemFinder","floor":16},{"not_picked":["Guardian:MultiBeam","Guardian:Reroute"],"picked":"Guardian:Harden","floor":20},{"not_picked":["Guardian:Gem_Green","Guardian:Gem_Cyan"],"picked":"Guardian:Gem_Lightblue","floor":22},{"not_picked":["Guardian:TimeCapacitor","Guardian:Planning"],"picked":"Guardian:PrismaticBarrier","floor":22},{"not_picked":["Guardian:Gem_Green","Guardian:Gem_Lightblue"],"picked":"Guardian:Gem_Red","floor":23},{"not_picked":["Guardian:PiercingHide","Guardian:Harden"],"picked":"Guardian:StasisStrike","floor":23},{"not_picked":["Guardian:Gem_Cyan","Guardian:Gem_Red"],"picked":"Guardian:Gem_Green","floor":25},{"not_picked":["Guardian:TemporalShield+1","Guardian:Planning"],"picked":"Guardian:Gem_White","floor":25},{"not_picked":["Guardian:Gem_Cyan","Guardian:Gem_Fragmented"],"picked":"Guardian:BronzeArmor","floor":26},{"not_picked":["Guardian:WalkerClaw+1","Guardian:Emergency"],"picked":"Guardian:CrystalBeam+1","floor":27},{"not_picked":["Guardian:Suspension+1","Guardian:PrismaticBeam"],"picked":"Guardian:DecasProtection+1","floor":29},{"not_picked":["Guardian:Incinerate","Guardian:TemporalStrike"],"picked":"Guardian:ChargeUp","floor":33},{"not_picked":["Guardian:Gem_Lightblue","Guardian:Gem_Green"],"picked":"Guardian:Gem_Red","floor":34},{"not_picked":["Guardian:PiercingHide+1","Guardian:Planning"],"picked":"Guardian:Repulse","floor":34},{"not_picked":["Guardian:Gem_Green","Guardian:Gem_Red"],"picked":"Guardian:Gem_Lightblue","floor":35},{"not_picked":["Guardian:CompilePackage","Guardian:GatlingBeam"],"picked":"Guardian:ExploitGems","floor":35},{"not_picked":["Guardian:Gem_Green","Guardian:Gem_Lightblue"],"picked":"Guardian:Gem_Cyan","floor":38},{"not_picked":["Guardian:DonusPower","Guardian:FuturePlans"],"picked":"Guardian:FastForward","floor":38},{"not_picked":["Guardian:Gem_Lightblue","Guardian:Gem_Green"],"picked":"Guardian:Gem_Red","floor":39},{"not_picked":["Guardian:Harden","Guardian:Reroute"],"picked":"Guardian:Gem_Green","floor":39},{"not_picked":["Guardian:Repulse+1","Guardian:Recover"],"picked":"Guardian:Gem_Red","floor":40},{"not_picked":["Guardian:ChargeCore","Guardian:CrystalBeam"],"picked":"Guardian:Gem_Green","floor":40},{"not_picked":["Guardian:Suspension+1","Guardian:Planning"],"picked":"Guardian:Gem_Yellow","floor":40},{"not_picked":["Guardian:Gem_Cyan","Guardian:Gem_Green"],"picked":"Guardian:Gem_Lightblue","floor":42},{"not_picked":["Guardian:Gem_Lightblue","Guardian:RollAttack"],"picked":"Guardian:PiercingHide+1","floor":42},{"not_picked":["Guardian:PiercingHide","Guardian:Harden","Guardian:PolyBeam+1"],"picked":"Guardian:ShieldSpikes+1","floor":44},{"not_picked":["Guardian:Gem_Cyan","Guardian:Gem_Green"],"picked":"Guardian:Gem_Red","floor":46},{"not_picked":["Guardian:WalkerClaw","Guardian:PiercingHide","Guardian:VentSteam+1"],"picked":"Guardian:TemporalStrike+1","floor":46},{"not_picked":["Guardian:CrystalBeam","Guardian:ShieldCharger+1","Guardian:TemporalStrike"],"picked":"Guardian:ConstructionForm","floor":49},{"not_picked":["Guardian:Gem_Green","Guardian:Gem_Crimson","Guardian:Suspension","Guardian:VentSteam"],"picked":"SKIP","floor":50},{"not_picked":["Guardian:Reroute","Guardian:TemporalShield+1","Guardian:TimeBomb"],"picked":"Guardian:ArmoredProtocol","floor":51}],"player_experience":2223996,"relics_obtained":[{"floor":7,"key":"ReplayTheSpireMod:TigerMarble"},{"floor":9,"key":"Replay:WaspNest"},{"floor":14,"key":"Dota2Spire:MagicBottle"},{"floor":20,"key":"Red Mask"},{"floor":23,"key":"Oddly Smooth Stone"},{"floor":24,"key":"Replay:Ringing Soul"},{"floor":37,"key":"HollowMod:LifeEnderRelic"},{"floor":42,"key":"Dota2Spire:LinkenSphere"},{"floor":43,"key":"Question Card"},{"floor":46,"key":"Old Coin"}],"event_choices":[{"damage_healed":0,"gold_gain":0,"player_choice":"Grow","damage_taken":0,"max_hp_gain":0,"max_hp_loss":0,"event_name":"Living Wall","floor":3,"gold_loss":0,"cards_upgraded":["Guardian:ExploitGems"]},{"damage_healed":0,"gold_gain":75,"player_choice":"Gather Gold","damage_taken":11,"max_hp_gain":0,"max_hp_loss":0,"event_name":"World of Goop","floor":5,"gold_loss":0},{"damage_healed":0,"gold_gain":0,"player_choice":"1 cards matched","damage_taken":0,"max_hp_gain":0,"max_hp_loss":0,"event_name":"Match and Keep!","floor":6,"gold_loss":0,"cards_obtained":["Guardian:Gem_Red"]},{"damage_healed":0,"gold_gain":0,"player_choice":"Fought Bandits","damage_taken":0,"max_hp_gain":0,"max_hp_loss":0,"event_name":"Masked Bandits","floor":20,"gold_loss":0},{"damage_healed":0,"gold_gain":0,"player_choice":"Read","damage_taken":0,"max_hp_gain":0,"max_hp_loss":0,"event_name":"The Library","floor":21,"gold_loss":0,"cards_obtained":["Guardian:PrismaticBeam"]}],"is_beta":false,"boss_relics":[{"not_picked":["Sozu","SacredBark"],"picked":"Guardian:StasisSlotReductionRelic"},{"not_picked":["Velvet Choker","Replay:Bronze Core"],"picked":"SlaversCollar"}],"items_purged_floors":[12],"is_endless":false,"potions_floor_spawned":[2,9,13,15,16,25,26,29,33,35,39,42,51],"ascension_level":0}}