{"host":"nuu0xlk1bpqu5s2n","time":1614440914,"event":{"mods":["AchievementEnabler","BaseMod","Minty Spire (QoL Compilation)","StSLib"],"gold_per_floor":[112,112,126,126,142,142,171,189,268,268,287,303,303,303],"floor_reached":13,"language":"ENG","playtime":498,"items_purged":[],"score":174,"play_id":"b414068b-9d49-4964-baa1-06c6c0b2256b","local_time":"20210227174834","is_ascension_mode":true,"campfire_choices":[{"data":"Streamline","floor":6,"key":"SMITH"},{"floor":10,"key":"REST"}],"circlet_count":0,"master_deck":["AscendersBane","Strike_B","Strike_B","Strike_B","Strike_B","Defend_B","Defend_B","Defend_B","Defend_B","Zap","Dualcast","Rebound","Conserve Battery","Streamline+1","Defragment","Hologram","Reinforced Body"],"relics":["Cracked Core","NeowsBlessing","Bird Faced Urn","Pantograph"],"acts_visited":["Exordium"],"potions_floor_usage":[8,13],"damage_taken":[{"damage":0,"enemies":"Cultist","floor":1,"turns":1},{"damage":0,"enemies":"2 Louse","floor":3,"turns":1},{"damage":0,"enemies":"Small Slimes","floor":5,"turns":1},{"damage":40,"enemies":"Lagavulin","floor":7,"turns":7},{"damage":0,"enemies":"3 Louse","floor":8,"turns":1},{"damage":10,"enemies":"Large Slime","floor":11,"turns":5},{"damage":2,"enemies":"Blue Slaver","floor":12,"turns":3},{"damage":56,"enemies":"Gremlin Nob","floor":13,"turns":4}],"seed_played":"5289151868114919191","potions_obtained":[{"floor":1,"key":"Explosive Potion"},{"floor":3,"key":"Swift Potion"},{"floor":7,"key":"Swift Potion"},{"floor":12,"key":"Swift Potion"}],"is_trial":false,"path_per_floor":["M","$","M","?","M","R","E","M","T","R","M","M","E"],"character_chosen":"DEFECT","items_purchased":[],"campfire_rested":1,"item_purchase_floors":[],"current_hp_per_floor":[64,64,64,64,64,64,24,24,24,45,35,33,0,0],"gold":303,"neow_bonus":"THREE_ENEMY_KILL","is_daily":false,"chose_seed":false,"campfire_upgraded":1,"win_rate":0.0,"timestamp":1614440914,"path_taken":["M","$","?","?","M","R","E","M","T","R","M","M","E"],"items_purchased_type":[],"build_version":"2020-12-22","purchased_purges":0,"victory":false,"max_hp_per_floor":[71,71,71,71,71,71,71,71,71,71,71,71,71,71],"card_choices":[{"not_picked":["Heatsinks","Beam Cell"],"picked":"Rebound","floor":1},{"not_picked":["Coolheaded","Streamline"],"picked":"Conserve Battery","floor":3},{"not_picked":["Coolheaded","Blizzard"],"picked":"Streamline","floor":5},{"not_picked":["Recycle","Aggregate"],"picked":"Defragment","floor":7},{"not_picked":["Loop","Fusion"],"picked":"Hologram","floor":8},{"not_picked":["Sweeping Beam","Conserve Battery"],"picked":"Reinforced Body","floor":11},{"not_picked":["Barrage","Static Discharge","Creative AI"],"picked":"SKIP","floor":12}],"player_experience":586968,"relics_obtained":[{"floor":7,"key":"Bird Faced Urn"},{"floor":9,"key":"Pantograph"}],"event_choices":[{"damage_healed":0,"gold_gain":0,"player_choice":"Ignored","damage_taken":0,"max_hp_gain":0,"max_hp_loss":0,"event_name":"Liars Game","floor":4,"gold_loss":0}],"is_beta":false,"boss_relics":[],"items_purged_floors":[],"is_endless":false,"potions_floor_spawned":[1,3,7,12],"killed_by":"Gremlin Nob","ascension_level":20}}