{"host":"ftbiwowwddq7t5tz","time":1614451252,"event":{"mods":["100% Spire Juice","Act Like it!","Aspiration","BaseMod","Colored Map","Conspire","Hermit","Library of Ruina","Library of Ruina Extra","Lobotomy","LobotomyExtend","Minty Spire (QoL Compilation)","Reliquary","Replay The Spire","Spicy Shops","StSLib","The Blackbeard","The Cursed","The Marked","[GremlinLeader]The Maniac"],"gold_per_floor":[118,131,145,145,145,145,164,164,164],"floor_reached":8,"language":"ZHS","playtime":323,"items_purged":[],"score":48,"play_id":"980d5bc8-ca7e-4884-951f-f1f7d5c43ffc","local_time":"20210228024052","is_ascension_mode":false,"campfire_choices":[{"data":"maniac:BurnBlood","floor":6,"key":"SMITH"}],"circlet_count":0,"master_deck":["maniac:Strike","maniac:Strike","maniac:Strike","maniac:Strike","maniac:Defend","maniac:Defend","maniac:Defend","maniac:Defend","maniac:BurnBlood+1","maniac:AbyssShackle","maniac:MortalSteel","maniac:ExceedEnchantment","maniac:BladesInCloak"],"relics":["maniac:DamagedAnvil","maniac:BrokenHorn","aspiration:Nostalgia","PureWater","LetterFromLob","reliquary:OuijaBoard"],"acts_visited":["Exordium"],"potions_floor_usage":[8],"damage_taken":[{"damage":12,"enemies":"Jaw Worm","floor":1,"turns":4},{"damage":1,"enemies":"Cultist","floor":2,"turns":4},{"damage":6,"enemies":"Small Slimes","floor":3,"turns":3},{"damage":25,"enemies":"3 Louse","floor":7,"turns":4},{"damage":39,"enemies":"Gremlin Nob","floor":8,"turns":4}],"seed_played":"-1195050555252517756","potions_obtained":[{"floor":1,"key":"Dexterity Potion"},{"floor":2,"key":"Languid Potion"}],"is_trial":false,"path_per_floor":["M","M","M","?","?","R","M","E"],"character_chosen":"THE_MANIAC","items_purchased":[],"campfire_rested":0,"item_purchase_floors":[],"current_hp_per_floor":[68,67,61,61,61,61,36,0,0],"gold":164,"neow_bonus":"NOSTALGIA","is_daily":false,"chose_seed":false,"campfire_upgraded":1,"win_rate":0.0,"timestamp":1614451252,"path_taken":["M","M","M","?","?","R","M","E"],"items_purchased_type":[],"build_version":"2020-12-22","purchased_purges":0,"victory":false,"max_hp_per_floor":[80,80,80,80,80,80,80,80,80],"card_choices":[{"not_picked":["maniac:MeleeStrike","maniac:ShiftingShadows"],"picked":"maniac:MortalSteel","floor":1},{"not_picked":["maniac:UntravelledPath","maniac:BladeShoot","maniac:ListenToNone"],"picked":"SKIP","floor":2},{"not_picked":["maniac:Refine","maniac:WardAndDefend","maniac:SorceryHour"],"picked":"SKIP","floor":3},{"not_picked":["maniac:UntravelledPath","maniac:MeleeStrike"],"picked":"maniac:BladesInCloak","floor":7}],"player_experience":80529,"relics_obtained":[{"floor":1,"key":"LetterFromLob"}],"event_choices":[{"damage_healed":0,"gold_gain":0,"cards_transformed":["maniac:Strike"],"player_choice":"Change","damage_taken":0,"max_hp_gain":0,"max_hp_loss":0,"event_name":"Living Wall","floor":4,"gold_loss":0,"cards_obtained":["maniac:ExceedEnchantment"]},{"damage_healed":0,"gold_gain":0,"player_choice":"Gave Potion","damage_taken":0,"relics_obtained":["reliquary:OuijaBoard"],"max_hp_gain":0,"max_hp_loss":0,"event_name":"WeMeetAgain","floor":5,"gold_loss":0}],"is_beta":false,"boss_relics":[],"items_purged_floors":[],"is_endless":false,"potions_floor_spawned":[1,2],"killed_by":"Gremlin Nob","ascension_level":0}}