{"host":"rmu5lyz1fk95wg3z","time":1614447365,"event":{"mods":["BaseMod","Bestiary","Curses Come First","Minty Spire (QoL Compilation)","Relic Stats","StSLib"],"gold_per_floor":[119,44,61,80,98,129,141,141,141,168,168,200,218,236,236,313,313,327,339,357,370,370,370,370],"floor_reached":23,"language":"ENG","playtime":5754,"items_purged":[],"score":434,"play_id":"531f3ea6-7fec-4970-a905-e1371c84e2be","local_time":"20210227123605","is_ascension_mode":true,"campfire_choices":[{"data":"Flame Barrier","floor":11.0,"key":"SMITH"},{"data":"Battle Trance","floor":15.0,"key":"SMITH"}],"circlet_count":0,"master_deck":["AscendersBane","Strike_R","Strike_R","Strike_R","Strike_R","Strike_R","Defend_R+1","Defend_R","Defend_R","Bash","Armaments+1","Flame Barrier+1","Twin Strike","Clash","Battle Trance+1","Metallicize","Barricade","Shrug It Off","Intimidate+1","Dark Embrace+1"],"relics":["Burning Blood","Pen Nib","War Paint","Meat on the Bone","Singing Bowl","Darkstone Periapt","Mark of Pain","Enchiridion"],"acts_visited":["Exordium","TheCity"],"potions_floor_usage":[23],"damage_taken":[{"damage":4.0,"enemies":"Small Slimes","floor":1.0,"turns":4.0},{"damage":0.0,"enemies":"2 Louse","floor":3.0,"turns":3.0},{"damage":9.0,"enemies":"Jaw Worm","floor":4.0,"turns":4.0},{"damage":8.0,"enemies":"Red Slaver","floor":5.0,"turns":3.0},{"damage":23.0,"enemies":"3 Sentries","floor":6.0,"turns":11.0},{"damage":10.0,"enemies":"Large Slime","floor":7.0,"turns":5.0},{"damage":3.0,"enemies":"Gremlin Nob","floor":10.0,"turns":3.0},{"damage":4.0,"enemies":"Lagavulin","floor":12.0,"turns":6.0},{"damage":0.0,"enemies":"Blue Slaver","floor":13.0,"turns":4.0},{"damage":0.0,"enemies":"3 Louse","floor":14.0,"turns":3.0},{"damage":25.0,"enemies":"The Guardian","floor":16.0,"turns":16.0},{"damage":12.0,"enemies":"2 Thieves","floor":18.0,"turns":5.0},{"damage":8.0,"enemies":"Shell Parasite","floor":19.0,"turns":14.0},{"damage":2.0,"enemies":"Centurion and Healer","floor":20.0,"turns":16.0},{"damage":15.0,"enemies":"Snecko","floor":21.0,"turns":12.0},{"damage":48,"enemies":"Gremlin Leader","floor":23,"turns":11}],"seed_played":"-7835292959359701989","potions_obtained":[{"floor":1.0,"key":"Explosive Potion"},{"floor":6.0,"key":"LiquidMemories"},{"floor":7.0,"key":"BlessingOfTheForge"},{"floor":12.0,"key":"GamblersBrew"},{"floor":18.0,"key":"HeartOfIron"},{"floor":21.0,"key":"Block Potion"}],"is_trial":false,"path_per_floor":["M","?","M","M","M","E","M","?","T","E","R","E","M","M","R","B",null,"M","M","M","M","?","E"],"character_chosen":"IRONCLAD","items_purchased":[],"campfire_rested":0,"item_purchase_floors":[],"current_hp_per_floor":[70,70,75,72,70,53,49,49,49,54,54,56,64,70,70,51,72,66,64,68,61,40,0,0],"gold":370,"neow_bonus":"RANDOM_COMMON_RELIC","is_daily":false,"chose_seed":false,"campfire_upgraded":2,"win_rate":0.0,"timestamp":1614447365,"path_taken":["M","?","M","M","M","E","M","?","T","E","R","E","M","M","R","BOSS","M","M","M","M","?","E"],"items_purchased_type":[],"build_version":"2020-12-22","purchased_purges":0,"victory":false,"max_hp_per_floor":[75,75,75,75,75,75,75,75,75,77,77,77,79,79,79,79,79,79,79,79,81,81,81,81],"relic_stats":{"Darkstone Periapt":0,"Singing Bowl":6,"counters":[16,120],"Pen Nib":[16],"War Paint":["Armaments","Defend_R"],"obtain_stats":[{"Darkstone Periapt":12,"Singing Bowl":10,"Enchiridion":22,"Pen Nib":0,"Mark of Pain":17,"War Paint":6,"Burning Blood":0,"Meat on the Bone":9},{"Darkstone Periapt":8,"Singing Bowl":7,"Enchiridion":15,"Pen Nib":0,"Mark of Pain":11,"War Paint":5,"Burning Blood":0,"Meat on the Bone":6},{"Darkstone Periapt":39,"Singing Bowl":33,"Enchiridion":109,"Pen Nib":0,"Mark of Pain":62,"War Paint":25,"Burning Blood":0,"Meat on the Bone":30}],"Burning Blood":89,"Meat on the Bone":0},"card_choices":[{"not_picked":["Rage","Battle Trance"],"picked":"Armaments","floor":1.0},{"not_picked":["Perfected Strike","Thunderclap","Sentinel"],"picked":"SKIP","floor":3.0},{"not_picked":["Intimidate","True Grit"],"picked":"Flame Barrier","floor":4.0},{"not_picked":["Thunderclap","Headbutt"],"picked":"Twin Strike","floor":5.0},{"not_picked":["Cleave","Uppercut"],"picked":"Clash","floor":6.0},{"not_picked":["Wild Strike","Combust","Infernal Blade"],"picked":"SKIP","floor":7.0},{"not_picked":["Wild Strike","Combust","Infernal Blade"],"picked":"SKIP","floor":7.0},{"not_picked":["Shockwave","Sword Boomerang","Warcry"],"picked":"Singing Bowl","floor":10.0},{"not_picked":["Heavy Blade","Wild Strike"],"picked":"Battle Trance","floor":12.0},{"not_picked":["Clash","Rupture","Pummel"],"picked":"Singing Bowl","floor":13.0},{"not_picked":["Bloodletting","Iron Wave"],"picked":"Metallicize","floor":14.0},{"not_picked":["Offering","Berserk"],"picked":"Barricade","floor":16.0},{"not_picked":["Clothesline","Dual Wield"],"picked":"Shrug It Off","floor":18.0},{"not_picked":["Armaments","Twin Strike"],"picked":"Intimidate+1","floor":19.0},{"not_picked":["Seeing Red","Rampage"],"picked":"Dark Embrace+1","floor":20.0},{"not_picked":["Rampage","Headbutt","Intimidate"],"picked":"Singing Bowl","floor":21.0}],"player_experience":1376834,"relics_obtained":[{"floor":6.0,"key":"War Paint"},{"floor":9.0,"key":"Meat on the Bone"},{"floor":10.0,"key":"Singing Bowl"},{"floor":12.0,"key":"Darkstone Periapt"},{"floor":22.0,"key":"Enchiridion"}],"event_choices":[{"cards_removed":["Defend_R"],"damage_healed":0.0,"max_hp_gain":0.0,"max_hp_loss":0.0,"gold_gain":0.0,"event_name":"The Cleric","player_choice":"Card Removal","floor":2.0,"gold_loss":75.0,"damage_taken":0.0},{"damage_healed":0.0,"max_hp_gain":0.0,"max_hp_loss":0.0,"gold_gain":0.0,"event_name":"Liars Game","player_choice":"Ignored","floor":8.0,"gold_loss":0.0,"damage_taken":0.0},{"damage_healed":0.0,"max_hp_gain":0.0,"max_hp_loss":0.0,"gold_gain":0.0,"event_name":"Cursed Tome","player_choice":"Obtained Book","floor":22.0,"gold_loss":0.0,"damage_taken":21.0}],"is_beta":false,"boss_relics":[{"not_picked":["Velvet Choker","Tiny House"],"picked":"Mark of Pain"}],"items_purged_floors":[],"is_endless":false,"potions_floor_spawned":[1,6,7,12,13,18,21],"killed_by":"Gremlin Leader","ascension_level":20}}