{"host":"or8fr2mp0k3eluj8","time":1614427688,"event":{"mods":["AchievementEnabler","BaseMod","Colored Map","DeckTracker","Keyboard Shortcuts","Minty Spire (QoL Compilation)","StSLib","SuperFastMode","everything is the same but u backflip on backflip"],"gold_per_floor":[118,118,118,193,193,193,224,240,264,277,296,26,44,64,64,190,190,206,229,250,168,168,168,168],"floor_reached":23,"language":"KOR","playtime":653,"items_purged":[],"score":251,"play_id":"b1bf5646-4f5a-402f-a8fd-899341829fd1","local_time":"20210227210808","is_ascension_mode":true,"campfire_choices":[{"data":"Zap","floor":6,"key":"SMITH"},{"floor":15,"key":"REST"}],"circlet_count":0,"master_deck":["Strike_B","Strike_B","Strike_B","Strike_B","Defend_B","Defend_B","Defend_B","Defend_B","Zap+1","Dualcast","Cold Snap","Hologram","Skim","Turbo","Go for the Eyes","Aggregate","Creative AI","Seek","Hologram","Reboot"],"relics":["Cracked Core","NeowsBlessing","Golden Idol","Gremlin Horn","Potion Belt","Boot","Anchor","Membership Card","Matryoshka","Runic Pyramid"],"acts_visited":["Exordium","TheCity"],"potions_floor_usage":[16,16,23,23],"damage_taken":[{"damage":0,"enemies":"Small Slimes","floor":1,"turns":1},{"damage":0,"enemies":"3 Sentries","floor":7,"turns":1},{"damage":0,"enemies":"Jaw Worm","floor":8,"turns":1},{"damage":0,"enemies":"2 Louse","floor":10,"turns":2},{"damage":7,"enemies":"Looter","floor":11,"turns":3},{"damage":7,"enemies":"Gremlin Gang","floor":13,"turns":6},{"damage":8,"enemies":"Blue Slaver","floor":14,"turns":3},{"damage":18,"enemies":"Hexaghost","floor":16,"turns":8},{"damage":2,"enemies":"3 Byrds","floor":18,"turns":4},{"damage":21,"enemies":"Shell Parasite","floor":19,"turns":7},{"damage":26,"enemies":"Chosen and Byrds","floor":20,"turns":6},{"damage":30,"enemies":"Book of Stabbing","floor":23,"turns":5}],"seed_played":"-8340782337672833338","potions_obtained":[{"floor":13,"key":"AttackPotion"},{"floor":14,"key":"ColorlessPotion"},{"floor":18,"key":"LiquidBronze"},{"floor":19,"key":"LiquidBronze"}],"is_trial":false,"path_per_floor":["M","?","T","?","?","R","E","M","T","M","M","$","M","M","R","B",null,"M","M","M","$","?","E"],"character_chosen":"DEFECT","items_purchased":["Membership Card","Matryoshka","Reboot"],"campfire_rested":1,"item_purchase_floors":[12,12,21],"current_hp_per_floor":[75,57,57,46,28,28,28,28,28,28,21,21,14,6,28,10,75,73,52,26,26,26,0,0],"gold":168,"neow_bonus":"THREE_ENEMY_KILL","is_daily":false,"chose_seed":false,"campfire_upgraded":1,"win_rate":0.0,"timestamp":1614427688,"path_taken":["M","?","?","?","?","R","E","M","T","M","M","?","M","M","R","BOSS","M","?","M","$","?","E"],"items_purchased_type":["Relic","Relic","Card"],"build_version":"2020-12-22","purchased_purges":0,"victory":false,"max_hp_per_floor":[75,75,75,75,75,75,75,75,75,75,75,75,75,75,75,75,75,75,75,75,75,75,75,75],"card_choices":[{"not_picked":["Leap","Turbo"],"picked":"Cold Snap","floor":1},{"not_picked":["Conserve Battery","Rebound"],"picked":"Hologram","floor":7},{"not_picked":["Gash","FTL"],"picked":"Skim","floor":8},{"not_picked":["Leap","Cold Snap"],"picked":"Turbo","floor":10},{"not_picked":["Compile Driver","Steam"],"picked":"Go for the Eyes","floor":11},{"not_picked":["Stack","Hologram"],"picked":"Aggregate","floor":13},{"not_picked":["Go for the Eyes","Heatsinks"],"picked":"Creative AI","floor":14},{"not_picked":["Buffer","Echo Form"],"picked":"Seek","floor":16},{"not_picked":["Redo","Fusion"],"picked":"Hologram","floor":18},{"not_picked":["Steam","Darkness+1","Turbo+1"],"picked":"SKIP","floor":19},{"not_picked":["Barrage","Go for the Eyes+1","Turbo"],"picked":"SKIP","floor":20}],"player_experience":488363,"relics_obtained":[{"floor":3,"key":"Gremlin Horn"},{"floor":7,"key":"Boot"},{"floor":9,"key":"Anchor"}],"event_choices":[{"damage_healed":0,"gold_gain":0,"player_choice":"Take Damage","damage_taken":18,"relics_obtained":["Golden Idol"],"max_hp_gain":0,"max_hp_loss":0,"event_name":"Golden Idol","floor":2,"gold_loss":0},{"damage_healed":0,"gold_gain":75,"player_choice":"Gather Gold","damage_taken":11,"max_hp_gain":0,"max_hp_loss":0,"event_name":"World of Goop","floor":4,"gold_loss":0},{"damage_healed":0,"gold_gain":0,"player_choice":"Success","damage_taken":18,"relics_obtained":["Potion Belt"],"max_hp_gain":0,"max_hp_loss":0,"event_name":"Scrap Ooze","floor":5,"gold_loss":0},{"damage_healed":0,"gold_gain":0,"player_choice":"Ignored","damage_taken":0,"max_hp_gain":0,"max_hp_loss":0,"event_name":"Vampires","floor":22,"gold_loss":0}],"is_beta":false,"boss_relics":[{"not_picked":["Coffee Dripper","Busted Crown"],"picked":"Runic Pyramid"}],"items_purged_floors":[],"is_endless":false,"potions_floor_spawned":[13,14,18,19],"killed_by":"Book of Stabbing","ascension_level":3}}