{"host":"8e3sp1tozjyrh64l","time":1614458813,"event":{"mods":["BaseMod","Better Altar","Better Match","Better Note","Better Sensory Stone","Better Silent Start","Better Skull","Better Third Choice","BetterRewards","Curses Come First","Defuse TimeMaze Blight","Minty Spire (QoL Compilation)","Permanent Neow","Rare Cards Sparkle","Relic Sorter","Reliquary","Shop Mod","Spicy Shops","StSLib","SuperFastMode","Wandering Minibosses"],"gold_per_floor":[112,112,112,124,150,177,177,212,237,271,291,316,158,188,188,289,289,306,381,401,361,200,225,27,52,79,104,104,129,129,142,142,239,239,257,267,267,317,317,343,343,356,380,12,12,12,40,13,13,13,13,13,13,45,45],"floor_reached":56,"language":"ENG","playtime":1566,"items_purged":[],"score":1758,"play_id":"e0cc2cfc-9107-4f9c-98ce-523e6becb9dc","local_time":"20210227134653","is_ascension_mode":true,"campfire_choices":[{"data":"Neutralize","floor":7,"key":"SMITH"},{"data":"Envenom","floor":15,"key":"SMITH"},{"data":"Dramatic Entrance","floor":28,"key":"SMITH"},{"data":"Caltrops","floor":30,"key":"SMITH"},{"data":"Terror","floor":32,"key":"SMITH"},{"data":"Noxious Fumes","floor":41,"key":"SMITH"},{"data":"After Image","floor":46,"key":"SMITH"},{"floor":49,"key":"RECALL"},{"data":"Blade Dance","floor":52,"key":"SMITH"}],"circlet_count":0,"master_deck":["Strike_G+1","Strike_G","Strike_G","Defend_G","Defend_G","Defend_G","Defend_G","Survivor","Neutralize+1","Caltrops+1","Blade Dance+1","Envenom+1","Dramatic Entrance+1","Noxious Fumes+1","Caltrops+1","Dash+1","Terror+1","After Image+1","Riddle With Holes+1","Choke+1","Accuracy+1","Caltrops+1","Caltrops+1"],"relics":["Ring of the Snake","ClockworkSouvenir","TwistedFunnel","Bag of Preparation","Anchor","Eternal Feather","Mango","Torii","reliquary:RosewoodLute","Juzu Bracelet","CaptainsWheel","Happy Flower","Centennial Puzzle","Blood Vial","Membership Card","Ice Cream","reliquary:RustamsPendant","Akabeko","reliquary:JackalopeAntler","Nunchaku","reliquary:TridentHead","Ancient Tea Set","Thread and Needle","MealTicket","Molten Egg 2","SacredBark","reliquary:PorcupineQuills","Pen Nib","Frozen Egg 2","Cauldron","Bottled Flame","reliquary:TatteredRug","CeramicFish","reliquary:OuijaBoard","The Specimen"],"acts_visited":["Exordium","TheCity","TheBeyond","TheEnding"],"potions_floor_usage":[6,8,10,12,12,40,55,55],"damage_taken":[{"damage":0,"enemies":"Small Slimes","floor":1,"turns":2},{"damage":0,"enemies":"2 Louse","floor":4,"turns":2},{"damage":18,"enemies":"Gremlin Nob","floor":6,"turns":5},{"damage":27,"enemies":"3 Sentries","floor":8,"turns":9},{"damage":10,"enemies":"Gremlin Nob","floor":10,"turns":3},{"damage":0,"enemies":"Cultist","floor":11,"turns":3},{"damage":1,"enemies":"Lagavulin","floor":12,"turns":5},{"damage":10,"enemies":"Gremlin Nob","floor":14,"turns":4},{"damage":10,"enemies":"Hexaghost","floor":16,"turns":7},{"damage":2,"enemies":"2 Thieves","floor":18,"turns":3},{"damage":1,"enemies":"Shell Parasite","floor":20,"turns":5},{"damage":2,"enemies":"Book of Stabbing","floor":23,"turns":4},{"damage":0,"enemies":"Gremlin Leader","floor":25,"turns":4},{"damage":1,"enemies":"Book of Stabbing","floor":29,"turns":4},{"damage":0,"enemies":"Snecko","floor":31,"turns":4},{"damage":43,"enemies":"Champ","floor":33,"turns":9},{"damage":0,"enemies":"3 Shapes","floor":35,"turns":2},{"damage":1,"enemies":"3 Darklings","floor":36,"turns":3},{"damage":0,"enemies":"Mind Bloom Boss Battle","floor":38,"turns":6},{"damage":0,"enemies":"Nemesis","floor":40,"turns":5},{"damage":0,"enemies":"Sphere and 2 Shapes","floor":42,"turns":2},{"damage":0,"enemies":"Giant Head","floor":47,"turns":6},{"damage":20,"enemies":"Time Eater","floor":50,"turns":8},{"damage":17,"enemies":"Shield and Spear","floor":54,"turns":3},{"damage":42,"enemies":"The Heart","floor":55,"turns":7}],"seed_played":"1111471766877837102","potions_obtained":[{"floor":3,"key":"Regen Potion"},{"floor":3,"key":"Regen Potion"},{"floor":3,"key":"Block Potion"},{"floor":6,"key":"FearPotion"},{"floor":8,"key":"FearPotion"},{"floor":16,"key":"Block Potion"},{"floor":18,"key":"ColorlessPotion"},{"floor":25,"key":"SteroidPotion"},{"floor":40,"key":"Dexterity Potion"},{"floor":44,"key":"Ancient Potion"},{"floor":54,"key":"GhostInAJar"}],"is_trial":false,"path_per_floor":["M","?","?","M","T","E","R","E","T","E","M","E","$","E","R","B",null,"M","?","M","?","$","E","$","E","T","T","R","E","R","M","R","B",null,"M","M","?","?","?","E","R","M","T","$","$","R","E","$","R","B",null,"R","$","E","B",null],"character_chosen":"THE_SILENT","items_purchased":["ClockworkSouvenir","TwistedFunnel","Bag of Preparation","Anchor","Eternal Feather","Mango","Caltrops","SteroidPotion","Membership Card","Dramatic Entrance","Noxious Fumes","Akabeko","reliquary:JackalopeAntler","reliquary:TridentHead","Ancient Tea Set","Frozen Egg 2","Accuracy+1","Cauldron","Bottled Flame","Caltrops+1","CeramicFish","reliquary:OuijaBoard"],"campfire_rested":0,"item_purchase_floors":[0,0,0,0,0,0,0,0,13,13,13,22,22,24,24,44,44,44,44,48,48,53],"current_hp_per_floor":[43,43,43,43,43,25,31,19,19,9,9,22,22,14,23,15,84,82,74,75,75,75,75,75,77,77,77,84,83,84,84,84,41,84,84,83,83,84,84,84,84,84,84,84,84,84,84,84,84,64,84,84,84,67,27],"gold":45,"neow_bonus":"","is_daily":false,"chose_seed":false,"campfire_upgraded":8,"win_rate":0.0,"timestamp":1614458813,"path_taken":["M","?","?","?","?","E","R","E","T","E","M","E","$","E","R","BOSS","M","?","M","?","$","E","$","E","T","?","R","E","R","M","R","BOSS","M","M","?","?","?","E","R","M","T","?","$","R","E","$","R","BOSS","R","$","E","BOSS"],"items_purchased_type":["Relic","Relic","Relic","Relic","Relic","Relic","Card","Potion","Relic","Card","Card","Relic","Relic","Relic","Relic","Relic","Card","Relic","Relic","Card","Relic","Relic"],"build_version":"2020-12-22","purchased_purges":0,"victory":true,"max_hp_per_floor":[84,84,84,84,84,84,84,84,84,84,84,84,84,84,84,84,84,84,84,84,84,84,84,84,84,84,84,84,84,84,84,84,84,84,84,84,84,84,84,84,84,84,84,84,84,84,84,84,84,84,84,84,84,84,84],"card_choices":[{"not_picked":["Dagger Spray","Riddle With Holes"],"picked":"Blade Dance","floor":1},{"not_picked":["Underhanded Strike","Sucker Punch","Eviscerate"],"picked":"SKIP","floor":4},{"not_picked":["Well Laid Plans","Endless Agony","Deflect"],"picked":"SKIP","floor":6},{"not_picked":["Bane","Expertise","Choke"],"picked":"SKIP","floor":8},{"not_picked":["Dagger Spray","Flying Knee","Cloak And Dagger"],"picked":"SKIP","floor":10},{"not_picked":["Wraith Form v2","Slice","Underhanded Strike"],"picked":"SKIP","floor":11},{"not_picked":["Prepared","Blade Dance"],"picked":"Envenom","floor":12},{"not_picked":["Skewer","Masterful Stab","Quick Slash"],"picked":"SKIP","floor":14},{"not_picked":["Quick Slash","Dagger Throw+1"],"picked":"Caltrops","floor":18},{"not_picked":["Well Laid Plans","Reflex","Skewer"],"picked":"SKIP","floor":20},{"not_picked":["Slice","Flying Knee","Tactician"],"picked":"SKIP","floor":23},{"not_picked":["Sucker Punch","Dagger Throw","Flying Knee"],"picked":"SKIP","floor":25},{"not_picked":["Dagger Throw+1","Expertise+1"],"picked":"Dash+1","floor":29},{"not_picked":["Deadly Poison","Skewer+1"],"picked":"Terror","floor":31},{"not_picked":["Glass Knife+1","Die Die Die+1"],"picked":"After Image","floor":33},{"not_picked":["Poisoned Stab+1","Dagger Throw+1","Concentrate"],"picked":"SKIP","floor":35},{"not_picked":["Footwork","Tactician"],"picked":"Riddle With Holes+1","floor":36},{"not_picked":["Blade Dance","Dagger Spray+1"],"picked":"Choke+1","floor":38},{"not_picked":["Cloak And Dagger+1","Reflex","Calculated Gamble+1"],"picked":"SKIP","floor":40},{"not_picked":["Prepared+1","Quick Slash+1","Slice+1"],"picked":"SKIP","floor":42},{"not_picked":["Cloak And Dagger+1","Eviscerate+1"],"picked":"Caltrops+1","floor":47},{"not_picked":["Blade Dance","Dagger Throw+1","Deflect"],"picked":"SKIP","floor":54}],"player_experience":952312,"relics_obtained":[{"floor":5,"key":"reliquary:RosewoodLute"},{"floor":6,"key":"Juzu Bracelet"},{"floor":8,"key":"CaptainsWheel"},{"floor":9,"key":"Happy Flower"},{"floor":10,"key":"Centennial Puzzle"},{"floor":12,"key":"Blood Vial"},{"floor":14,"key":"Ice Cream"},{"floor":23,"key":"Nunchaku"},{"floor":25,"key":"Thread and Needle"},{"floor":26,"key":"MealTicket"},{"floor":29,"key":"Molten Egg 2"},{"floor":40,"key":"reliquary:PorcupineQuills"},{"floor":43,"key":"Pen Nib"},{"floor":47,"key":"reliquary:TatteredRug"},{"floor":54,"key":"The Specimen"}],"event_choices":[{"damage_healed":0,"gold_gain":0,"player_choice":"Ignored","damage_taken":0,"max_hp_gain":0,"max_hp_loss":0,"event_name":"Golden Wing","floor":2,"gold_loss":0},{"damage_healed":0,"gold_gain":0,"player_choice":"Got Potions","damage_taken":0,"max_hp_gain":0,"max_hp_loss":0,"event_name":"Lab","floor":3,"gold_loss":0},{"damage_healed":0,"gold_gain":75,"player_choice":"Touch","damage_taken":8,"max_hp_gain":0,"max_hp_loss":0,"event_name":"FaceTrader","floor":19,"gold_loss":0},{"damage_healed":0,"gold_gain":0,"player_choice":"Upgraded Two","damage_taken":0,"max_hp_gain":0,"max_hp_loss":0,"event_name":"Designer","floor":21,"gold_loss":40,"cards_upgraded":["Caltrops","Strike_G"]},{"cards_removed":["Strike_G"],"damage_healed":0,"gold_gain":0,"player_choice":"Removed Attack","damage_taken":0,"max_hp_gain":0,"max_hp_loss":0,"event_name":"Falling","floor":37,"gold_loss":0},{"damage_healed":0,"gold_gain":0,"player_choice":"Fight","damage_taken":0,"max_hp_gain":0,"max_hp_loss":0,"event_name":"MindBloom","floor":38,"gold_loss":0},{"damage_healed":0,"gold_gain":0,"player_choice":"Ignored","damage_taken":0,"max_hp_gain":0,"max_hp_loss":0,"event_name":"Tomb of Lord Red Mask","floor":39,"gold_loss":0}],"is_beta":false,"boss_relics":[{"not_picked":["reliquary:KinkedSpring","Pandora\u0027s Box"],"picked":"reliquary:RustamsPendant"},{"not_picked":["reliquary:Ember","Astrolabe"],"picked":"SacredBark"}],"items_purged_floors":[],"is_endless":false,"potions_floor_spawned":[6,8,16,18,25,35,38,40,47,54],"ascension_level":1}}