{"host":"8fnghcq8tvbg6z9e","time":1614426005,"event":{"mods":["BaseMod","Downfall","Minty Spire (QoL Compilation)","Quick Restart","StSLib"],"gold_per_floor":[99,99,99,91,91,123,150,175,45,64,64,83,118,226,249,362,362,162,183,183,176,204,230,310,210,210,103,103,117,139,160,186,291,341,341,368,393,393,393,393],"floor_reached":38,"language":"ZHS","playtime":2538,"items_purged":["downfall:Malfunctioning","hexamod:SixthSeal"],"score":461,"play_id":"ccdccf64-9a71-4a37-ac62-82c07e121a0e","local_time":"20210227194005","is_ascension_mode":false,"campfire_choices":[{"floor":1,"key":"RECALL"},{"data":"hexamod:SoulSteal","floor":11,"key":"SMITH"},{"data":"hexamod:ApocalypticArmor","floor":18,"key":"SMITH"},{"floor":25,"key":"REST"},{"floor":35,"key":"REST"}],"circlet_count":0,"master_deck":["hexamod:Strike+1","hexamod:Strike+1","hexamod:Defend+1","hexamod:Defend+1","hexamod:Defend+1","hexamod:Sear+1","hexamod:Float+1","hexamod:RecurringNightmare+1","hexamod:FirstSeal","hexamod:SecondSeal","hexamod:ThirdSeal","hexamod:NightmareGuise+1","hexamod:ForkedFlame+1","hexamod:SoulSteal+1","hexamod:FourthSeal","hexamod:Hexaguard+1","hexamod:ExtraCrispy+1","hexamod:FirstSeal","hexamod:AdvancingGuard+1","hexamod:SixthSeal","hexamod:ApocalypticArmor+1","hexamod:SpectersWail+1","hexamod:NightmareGuise+1","hexamod:Firestarter+1","hexamod:Sear+1","hexamod:EmpoweredFlame+1","hexamod:EmpoweredFlame+1","hexamod:ForkedFlame+1","hexamod:SoulSteal+1"],"relics":["hexamod:SpiritBrand","downfall:HeartsMalice","Orichalcum","Whetstone","Tiny Chest","Empty Cage","downfall:HeartBlessingRed","downfall:HeartBlessingGreen","downfall:HeartBlessingBlue","Kunai","Tiny House"],"acts_visited":["Exordium","TheCity","TheBeyond"],"potions_floor_usage":[13,13,14,14,14,19,19,21,23,27,27,29,31,32,33,37],"damage_taken":[{"damage":0,"enemies":"Jaw Worm","floor":2,"turns":1},{"damage":0,"enemies":"2 Louse","floor":3,"turns":1},{"damage":0,"enemies":"Gremlin Nob","floor":6,"turns":1},{"damage":0,"enemies":"Small Slimes","floor":8,"turns":5},{"damage":0,"enemies":"downfall:FleeingMerchant","floor":9,"turns":4},{"damage":0,"enemies":"2 Fungi Beasts","floor":10,"turns":3},{"damage":0,"enemies":"downfall:LooterAlt","floor":12,"turns":4},{"damage":4,"enemies":"3 Sentries","floor":13,"turns":9},{"damage":8,"enemies":"downfall:Heads","floor":14,"turns":7},{"damage":3,"enemies":"Red Slaver","floor":15,"turns":4},{"damage":6,"enemies":"SI_SHIV_ARCHETYPE","floor":16,"turns":10},{"damage":13,"enemies":"3 Byrds","floor":19,"turns":4},{"damage":0,"enemies":"downfall:FleeingMerchant","floor":21,"turns":4},{"damage":13,"enemies":"Spheric Guardian","floor":22,"turns":8},{"damage":1,"enemies":"Snecko","floor":23,"turns":6},{"damage":8,"enemies":"downfall:FleeingMerchant","floor":27,"turns":4},{"damage":16,"enemies":"Snake Plant","floor":29,"turns":3},{"damage":9,"enemies":"Chosen and Byrds","floor":30,"turns":4},{"damage":0,"enemies":"Centurion and Healer","floor":31,"turns":6},{"damage":11,"enemies":"Snake Plant","floor":32,"turns":7},{"damage":35,"enemies":"IC_MUSHROOM_ARCHETYPE","floor":33,"turns":9},{"damage":27,"enemies":"3 Darklings","floor":36,"turns":3},{"damage":5,"enemies":"3 Shapes","floor":37,"turns":5},{"damage":12,"enemies":"Writhing Mass","floor":38,"turns":2}],"seed_played":"-812972360026562551","potions_obtained":[{"floor":6,"key":"Ancient Potion"},{"floor":12,"key":"Energy Potion"},{"floor":12,"key":"SteroidPotion"},{"floor":13,"key":"ColorlessPotion"},{"floor":13,"key":"EssenceOfSteel"},{"floor":14,"key":"LiquidMemories"},{"floor":14,"key":"Dexterity Potion"},{"floor":14,"key":"ColorlessPotion"},{"floor":15,"key":"AttackPotion"},{"floor":15,"key":"BlessingOfTheForge"},{"floor":16,"key":"Explosive Potion"},{"floor":19,"key":"Fire Potion"},{"floor":19,"key":"bronze:BurnAndBuffPotion"},{"floor":21,"key":"Ancient Potion"},{"floor":23,"key":"hexamod:EctoCoolerPotion"},{"floor":27,"key":"LiquidBronze"},{"floor":29,"key":"GamblersBrew"},{"floor":30,"key":"hexamod:EctoCoolerPotion"},{"floor":31,"key":"Fire Potion"},{"floor":32,"key":"DuplicationPotion"},{"floor":33,"key":"CultistPotion"}],"is_trial":false,"path_per_floor":["R","M","M","?","?","E","T","M","$","M","R","M","E","?","M","B",null,"R","M","?","$","M","M","T","R","T","$","?","M","M","M","M","B",null,"R","M","M","M"],"character_chosen":"THE_SPIRIT","items_purchased":["Fire Potion"],"campfire_rested":2,"item_purchase_floors":[9],"current_hp_per_floor":[70,70,70,63,63,63,63,70,70,70,70,70,70,62,66,67,70,70,64,64,70,64,70,70,80,80,79,79,70,68,80,76,41,85,85,65,74,62,62,62],"gold":393,"neow_bonus":"THREE_ENEMY_KILL","is_daily":false,"chose_seed":false,"campfire_upgraded":2,"win_rate":0.0,"timestamp":1614426005,"path_taken":["R","M","M","?","?","E","T","M","$","M","R","M","E","?","M","BOSS","R","M","?","$","M","?","T","R","?","$","?","M","M","M","M","BOSS","R","M","M","M"],"items_purchased_type":["Potion"],"build_version":"2020-12-22","purchased_purges":2,"victory":false,"max_hp_per_floor":[70,70,70,70,70,70,70,70,70,70,70,70,70,70,70,70,70,70,70,70,70,70,70,70,80,80,80,80,80,80,80,80,80,85,85,85,85,85,85,85],"card_choices":[{"not_picked":["hexamod:GhostLash","hexamod:GhostflameBarrier"],"picked":"hexamod:FlamesFromBeyond","floor":2},{"not_picked":["hexamod:EtherealExpedition","hexamod:ThermalTransfer"],"picked":"hexamod:RecurringNightmare","floor":3},{"not_picked":["hexamod:SecondSeal","hexamod:SwordOfDarkness"],"picked":"hexamod:NightmareGuise","floor":6},{"not_picked":["hexamod:HauntingEcho","hexamod:SecondSeal"],"picked":"hexamod:ForkedFlame","floor":8},{"not_picked":["hexamod:FastForward","hexamod:SpectralAdrenaline","hexamod:BacktrackSmack"],"picked":"SKIP","floor":8},{"not_picked":["hexamod:EmpoweredFlame","hexamod:BurningTouch"],"picked":"hexamod:FourthSeal","floor":9},{"not_picked":["hexamod:ShieldOfDarkness","hexamod:Rewind"],"picked":"hexamod:SoulSteal","floor":9},{"not_picked":["hexamod:InspiringFlames","hexamod:AdvancingGuard","hexamod:SpectralAdrenaline"],"picked":"SKIP","floor":10},{"not_picked":["hexamod:BurningTouch","hexamod:BacktrackSmack"],"picked":"hexamod:FourthSeal","floor":12},{"not_picked":["hexamod:NecessarySacrifice","hexamod:ThermalTransfer","hexamod:BacktrackSmack"],"picked":"SKIP","floor":12},{"not_picked":["hexamod:SwordOfDarkness","hexamod:HeatMetal"],"picked":"hexamod:Hexaguard","floor":13},{"not_picked":["hexamod:Firestarter","hexamod:SwordOfDarkness","hexamod:Again"],"picked":"SKIP","floor":13},{"not_picked":["hexamod:SpectersWail","hexamod:SuperheatedStrike"],"picked":"hexamod:ExtraCrispy","floor":14},{"not_picked":["hexamod:GhostShield","hexamod:InspiringFlames"],"picked":"hexamod:AdvancingGuard","floor":14},{"not_picked":["hexamod:ChargedBarrage","hexamod:GhostLash"],"picked":"hexamod:SixthSeal","floor":15},{"not_picked":["hexamod:SwordOfDarkness","hexamod:BacktrackSmack","hexamod:Rewind"],"picked":"SKIP","floor":15},{"not_picked":["hexamod:UnleashSpirits","hexamod:SearingWound"],"picked":"hexamod:SixthSeal","floor":16},{"not_picked":["hexamod:TurnItUp","hexamod:FlameSwitch"],"picked":"hexamod:ApocalypticArmor","floor":16},{"not_picked":["hexamod:ChargedBarrage","hexamod:SecondSeal"],"picked":"hexamod:SpectersWail+1","floor":19},{"not_picked":["hexamod:SecondSeal","hexamod:ThermalTransfer","hexamod:SpectralSpark"],"picked":"SKIP","floor":19},{"not_picked":["hexamod:SecondSeal","hexamod:SpectersWail","hexamod:BurningTouch"],"picked":"SKIP","floor":21},{"not_picked":["hexamod:BurningTouch","hexamod:NightmareGuise","hexamod:SwordOfDarkness"],"picked":"SKIP","floor":21},{"not_picked":["hexamod:Firestarter","hexamod:BurningTouch"],"picked":"hexamod:NightmareGuise+1","floor":22},{"not_picked":["hexamod:GhostflameBarrier","hexamod:ParanormalForm","hexamod:CatchUp"],"picked":"SKIP","floor":22},{"not_picked":["hexamod:GhostflameBarrier","hexamod:ParanormalForm","hexamod:CatchUp"],"picked":"SKIP","floor":22},{"not_picked":["hexamod:ThirdSeal","hexamod:GhostLash","hexamod:FastForward"],"picked":"SKIP","floor":23},{"not_picked":["hexamod:GhostOfSpireFuture","hexamod:SecondSeal","hexamod:AdvancingGuard"],"picked":"SKIP","floor":23},{"not_picked":["hexamod:ChargedBarrage","hexamod:SuperheatedStrike"],"picked":"hexamod:Firestarter+1","floor":27},{"not_picked":["hexamod:GhostLash+1","hexamod:Firestarter","hexamod:FastForward"],"picked":"SKIP","floor":27},{"not_picked":["hexamod:RadiantFlame","hexamod:SpectersWail"],"picked":"hexamod:EmpoweredFlame","floor":29},{"not_picked":["hexamod:BacktrackSmack+1","hexamod:HeatMetal","hexamod:Firestarter"],"picked":"SKIP","floor":29},{"not_picked":["hexamod:NightmareGuise","hexamod:GhostOfSpireFuture"],"picked":"hexamod:EmpoweredFlame","floor":30},{"not_picked":["hexamod:BurningTouch","hexamod:SpectralAdrenaline+1","hexamod:TurnItUp"],"picked":"SKIP","floor":31},{"not_picked":["hexamod:SuperheatedStrike","hexamod:SpectersWail","hexamod:ThermalTransfer"],"picked":"SKIP","floor":32},{"not_picked":["hexamod:UnleashSpirits","hexamod:ParanormalForm"],"picked":"hexamod:ForkedFlame","floor":33},{"not_picked":["hexamod:NightmareStrike","hexamod:SpectralSpark+1"],"picked":"hexamod:SoulSteal+1","floor":34},{"not_picked":["hexamod:InspiringFlames","hexamod:FirstSeal","hexamod:Rewind+1"],"picked":"SKIP","floor":36},{"not_picked":["hexamod:BacktrackSmack","hexamod:StepThrough","hexamod:GhostShield"],"picked":"SKIP","floor":36},{"not_picked":["hexamod:HeatMetal+1","hexamod:AdvancingGuard","hexamod:SuperheatedStrike"],"picked":"SKIP","floor":37},{"not_picked":["hexamod:ChargedBarrage","hexamod:AdvancingGuard+1","hexamod:FastForward+1"],"picked":"SKIP","floor":37}],"player_experience":206422,"relics_obtained":[{"floor":6,"key":"Orichalcum"},{"floor":7,"key":"Whetstone"},{"floor":13,"key":"Tiny Chest"},{"floor":26,"key":"Kunai"}],"event_choices":[],"is_beta":false,"boss_relics":[{"not_picked":["Sozu","Snecko Eye"],"picked":"Empty Cage"},{"not_picked":["Calling Bell","Coffee Dripper"],"picked":"Tiny House"}],"items_purged_floors":[9,27],"is_endless":false,"potions_floor_spawned":[6,12,13,14,15,19,30,31,32,36],"killed_by":"Writhing Mass","ascension_level":0}}