{"host":"znvnxllcillb3rtw","time":1614428061,"event":{"mods":["BaseMod","DeckTracker","Minty Spire (QoL Compilation)","Relic Stats","StSLib","SuperFastMode","everything is the same but u backflip on backflip"],"gold_per_floor":[112,112,112,187,198,198,210,210,210,226,241,241,241,267,267,267,267],"floor_reached":16,"language":"KOR","playtime":313,"items_purged":[],"score":180,"play_id":"967eca59-8ea6-4350-ab46-d77985d5fcb7","local_time":"20210227211421","is_ascension_mode":true,"campfire_choices":[{"data":"Capacitor","floor":6,"key":"SMITH"},{"data":"Barrage","floor":8,"key":"SMITH"},{"data":"Loop","floor":12,"key":"SMITH"},{"floor":15,"key":"REST"}],"circlet_count":0,"master_deck":["AscendersBane","Strike_B","Strike_B","Strike_B","Defend_B","Defend_B","Defend_B","Defend_B","Zap","Dualcast","Capacitor+1","Cold Snap","Barrage+1","Ball Lightning","Loop+1","Gash","Meteor Strike"],"relics":["Nuclear Battery","Symbiotic Virus","Nunchaku","Odd Mushroom"],"acts_visited":["Exordium"],"potions_floor_usage":[],"damage_taken":[{"damage":7,"enemies":"Cultist","floor":1,"turns":5},{"damage":3,"enemies":"2 Louse","floor":5,"turns":3},{"damage":5,"enemies":"Small Slimes","floor":7,"turns":5},{"damage":8,"enemies":"Blue Slaver","floor":10,"turns":2},{"damage":0,"enemies":"Large Slime","floor":11,"turns":4},{"damage":24,"enemies":"The Mushroom Lair","floor":14,"turns":4},{"damage":36,"enemies":"Slime Boss","floor":16,"turns":3}],"seed_played":"4999750011731569756","potions_obtained":[{"floor":11,"key":"SpeedPotion"}],"is_trial":false,"path_per_floor":["M","T","?","?","M","R","M","R","T","M","M","R","?","?","R","B"],"character_chosen":"DEFECT","items_purchased":[],"campfire_rested":1,"item_purchase_floors":[],"current_hp_per_floor":[57,57,52,41,38,38,33,33,33,25,25,25,25,1,22,0,0],"gold":267,"neow_bonus":"BOSS_RELIC","is_daily":false,"chose_seed":false,"campfire_upgraded":3,"win_rate":0.0,"timestamp":1614428061,"path_taken":["M","?","?","?","M","R","M","R","T","?","M","R","?","?","R","BOSS"],"items_purchased_type":[],"build_version":"2020-12-22","purchased_purges":0,"victory":false,"max_hp_per_floor":[71,71,71,71,71,71,71,71,71,71,71,71,71,71,71,71,71],"relic_stats":{"Nunchaku":[2],"counters":[7,26],"obtain_stats":[{"Nunchaku":9,"Odd Mushroom":14,"Cracked Core":0,"Symbiotic Virus":2,"Nuclear Battery":0},{"Nunchaku":3,"Odd Mushroom":6,"Cracked Core":0,"Symbiotic Virus":1,"Nuclear Battery":0},{"Nunchaku":13,"Odd Mushroom":23,"Cracked Core":0,"Symbiotic Virus":5,"Nuclear Battery":0}]},"card_choices":[{"not_picked":["Rebound","Cold Snap"],"picked":"Capacitor","floor":1},{"not_picked":["Double Energy","Conserve Battery"],"picked":"Cold Snap","floor":5},{"not_picked":["Redo","Leap"],"picked":"Barrage","floor":7},{"not_picked":["Turbo","Sweeping Beam"],"picked":"Ball Lightning","floor":10},{"not_picked":["Rip and Tear","Tempest"],"picked":"Loop","floor":11},{"not_picked":["Heatsinks","Hello World"],"picked":"Meteor Strike","floor":14}],"player_experience":2922054,"relics_obtained":[{"floor":2,"key":"Symbiotic Virus"},{"floor":9,"key":"Nunchaku"},{"floor":14,"key":"Odd Mushroom"}],"event_choices":[{"damage_healed":0,"gold_gain":0,"player_choice":"Fled","damage_taken":5,"max_hp_gain":0,"max_hp_loss":0,"event_name":"Scrap Ooze","floor":3,"gold_loss":0},{"damage_healed":0,"gold_gain":75,"player_choice":"Gather Gold","damage_taken":11,"max_hp_gain":0,"max_hp_loss":0,"event_name":"World of Goop","floor":4,"gold_loss":0},{"damage_healed":0,"gold_gain":0,"cards_transformed":["Strike_B"],"player_choice":"Change","damage_taken":0,"max_hp_gain":0,"max_hp_loss":0,"event_name":"Living Wall","floor":13,"gold_loss":0,"cards_obtained":["Gash"]},{"damage_healed":0,"gold_gain":0,"player_choice":"Fought Mushrooms","damage_taken":0,"max_hp_gain":0,"max_hp_loss":0,"event_name":"Mushrooms","floor":14,"gold_loss":0}],"is_beta":false,"boss_relics":[],"items_purged_floors":[],"is_endless":false,"potions_floor_spawned":[11],"killed_by":"Slime Boss","ascension_level":20}}