{"host":"c95txy58ipbu969e","time":1614418088,"event":{"mods":["Act Like it!","BaseMod","Library of Ruina","Library of Ruina Extra","Minty Spire (QoL Compilation)","Permanent Neow","Quick Restart","StSLib"],"gold_per_floor":[113,129,129,129,140,172,172,172,195,275,275,128,162,177,177,307,307,321,321,335,386,406,437,437,473,500,538,538,153,196,196,196,317,317,341,366,429,452,200,231,231,264,291,329,329,349,390,20,20,20],"floor_reached":51,"language":"ZHS","playtime":2937,"items_purged":["LightAttack","LightDefense","LightAttack"],"score":1406,"play_id":"bdc9b57b-5797-411f-8d00-2b4310537094","local_time":"20210227172808","is_ascension_mode":true,"campfire_choices":[{"data":"BlindFaith","floor":8.0,"key":"SMITH"},{"data":"InhaleSmoke","floor":15.0,"key":"SMITH"},{"floor":32.0,"key":"RECALL"},{"data":"DistortedBlade","floor":41.0,"key":"SMITH"},{"data":"UnforgettableMelody","floor":49.0,"key":"SMITH"}],"circlet_count":0,"master_deck":["Dodge","LightDefense","LightDefense","LightDefense","ChargeAndCover","FocusedStrikes","BlindFaith+1","SinglePointStab","Commandeering","FleshFillet+1","InhaleSmoke+1","DefenseOrder","SinglePointStab","Tttonst+1","CurseOfTheBell","Faith+1","ViolentFlame+1","Lock+1","InnerArdor+1","FrontalAssault+1","SenseQuarry+1","SinglePointStab","Bvapour+1","DefenseOrder+1","GuidanceOfTheGears+1","DistortedBlade+1","DefenseOrder+1","DefenseOrder+1","UnforgettableMelody+1","SinglePointStab","TraceOfFumes","SmokingPipe+1"],"relics":["PageOfLibrarian","Blood Vial","Golden Idol","Akabeko","Tiny Chest","PageOfSingingMachine","Pen Nib","Calling Bell","Toxic Egg 2","PageOfTodaysShyLook","PageOfMountain","Centennial Puzzle","Kunai","Oddly Smooth Stone","Potion Belt","PageOfRedShoes","Pear","Blue Candle","Philosopher\u0027s Stone","Unceasing Top","Art of War","PageOfWrath","PageOfTheQueenOfHatred","PageOfTheKnightOfDespair","PageOfGreed","Shuriken","PageOfNihil"],"acts_visited":["Exordium","TheCity","TheBeyond"],"potions_floor_usage":[],"damage_taken":[{"damage":0.0,"enemies":"Jaw Worm","floor":1.0,"turns":4.0},{"damage":1.0,"enemies":"Cultist","floor":2.0,"turns":3.0},{"damage":0.0,"enemies":"2 Louse","floor":5.0,"turns":2.0},{"damage":43.0,"enemies":"3 Sentries","floor":6.0,"turns":20.0},{"damage":0.0,"enemies":"Gremlin Nob","floor":10.0,"turns":4.0},{"damage":6.0,"enemies":"Lagavulin","floor":13.0,"turns":4.0},{"damage":0.0,"enemies":"2 Fungi Beasts","floor":14.0,"turns":2.0},{"damage":0.0,"enemies":"Hexaghost","floor":16.0,"turns":3.0},{"damage":0.0,"enemies":"Shell Parasite","floor":18.0,"turns":3.0},{"damage":0.0,"enemies":"2 Thieves","floor":20.0,"turns":4.0},{"damage":0.0,"enemies":"Snecko","floor":22.0,"turns":3.0},{"damage":7.0,"enemies":"Book of Stabbing","floor":23.0,"turns":3.0},{"damage":0.0,"enemies":"Slavers","floor":25.0,"turns":5.0},{"damage":0.0,"enemies":"Book of Stabbing","floor":27.0,"turns":4.0},{"damage":4.0,"enemies":"Slavers","floor":30.0,"turns":5.0},{"damage":7.0,"enemies":"Automaton","floor":33.0,"turns":5.0},{"damage":0.0,"enemies":"3 Darklings","floor":35.0,"turns":4.0},{"damage":0.0,"enemies":"Orb Walker","floor":36.0,"turns":3.0},{"damage":4.0,"enemies":"Mind Bloom Boss Battle","floor":37.0,"turns":5.0},{"damage":28.0,"enemies":"Transient","floor":38.0,"turns":4.0},{"damage":0.0,"enemies":"Nemesis","floor":40.0,"turns":6.0},{"damage":1.0,"enemies":"Giant Head","floor":42.0,"turns":3.0},{"damage":36.0,"enemies":"Reptomancer","floor":44.0,"turns":4.0},{"damage":0.0,"enemies":"4 Shapes","floor":46.0,"turns":2.0},{"damage":0.0,"enemies":"Nemesis","floor":47.0,"turns":3.0},{"damage":1.0,"enemies":"Donu and Deca","floor":50.0,"turns":10.0},{"damage":25.0,"enemies":"Donu and Deca","floor":51.0,"turns":4.0}],"seed_played":"5935780060608706325","potions_obtained":[{"floor":5.0,"key":"Strength Potion"},{"floor":6.0,"key":"FearPotion"},{"floor":14.0,"key":"Energy Potion"},{"floor":23.0,"key":"EntropicBrew"},{"floor":28.0,"key":"Fruit Juice"},{"floor":28.0,"key":"Strength Potion"},{"floor":28.0,"key":"DistilledChaos"},{"floor":35.0,"key":"LiquidMemories"},{"floor":51,"key":"Block Potion"}],"is_trial":false,"path_per_floor":["M","M","?","$","M","E","?","R","T","?","?","$","E","M","R","B",null,"M","?","M","T","M","E","?","E","T","E","?","$","E","T","R","B",null,"M","M","?","M","$","E","R","E","T","E","?","M","E","$","R","B",null],"character_chosen":"Librarian","items_purchased":["PageOfSingingMachine","PageOfRedShoes","DistortedBlade","Shuriken"],"campfire_rested":0,"item_purchase_floors":[12,29,39,48],"current_hp_per_floor":[60,59,59,59,59,16,16,16,16,18,18,18,14,16,16,18,80,80,80,80,80,80,73,73,75,75,75,80,80,89,89,89,83,90,90,90,86,82,82,84,84,85,85,79,90,90,90,90,90,90],"gold":34,"neow_bonus":"TRANSFORM_CARD","is_daily":false,"chose_seed":false,"campfire_upgraded":4,"win_rate":0.0,"timestamp":1614418088,"path_taken":["M","M","?","?","M","E","?","R","T","?","?","$","E","M","R","BOSS","M","?","?","?","?","E","?","E","T","E","?","$","E","?","R","BOSS","M","M","?","M","$","E","R","E","T","E","?","M","E","$","R","BOSS"],"items_purchased_type":["Relic","Relic","Card","Relic"],"build_version":"2020-12-22","purchased_purges":3,"victory":true,"max_hp_per_floor":[63,63,63,63,63,63,58,58,58,77,77,77,80,80,80,80,80,80,80,80,80,80,75,75,75,75,75,80,80,90,90,90,90,90,90,90,90,90,90,90,90,90,90,90,90,90,90,90,90,90],"card_choices":[{"not_picked":["GuidanceOfTheGears","SnakesPrey","QuickAttack"],"picked":"BlindFaith","floor":1.0},{"not_picked":["Faith","CutIn","FleetEdge","GuidanceOfTheGears"],"picked":"SKIP","floor":2.0},{"not_picked":["LossOfSenses","Parry2","ViolentFlame"],"picked":"Commandeering","floor":5.0},{"not_picked":["GuidanceOfTheGears","ViolentFlame","FierceCharge"],"picked":"FleshFillet","floor":6.0},{"not_picked":["ReadyUp","AbsorbImpact","ShrineToMusic"],"picked":"InhaleSmoke","floor":10.0},{"not_picked":["SunsetBlade","FleetEdge","SnakesPrey"],"picked":"DefenseOrder","floor":13.0},{"not_picked":["BlindFaith","ScratchThat","Unlock1"],"picked":"SinglePointStab","floor":14.0},{"not_picked":["BlazingStrike","SenseQuarry"],"picked":"Tttonst","floor":16.0},{"not_picked":["SnakesPrey","ViolentFlame","UndertakePrescript+1"],"picked":"Faith+1","floor":18.0},{"not_picked":["RushDown","LoosenUp+1","SunsetBlade"],"picked":"ViolentFlame+1","floor":20.0},{"not_picked":["Parry2","WillOfThePrescript+1","BlindFaith+1"],"picked":"Lock+1","floor":22.0},{"not_picked":["ForTheFamily+1","Unlock1","SearingSword"],"picked":"InnerArdor+1","floor":23.0},{"not_picked":["InnerArdor+1","Unlock1+1","SinglePointStab"],"picked":"FrontalAssault+1","floor":25.0},{"not_picked":["LoosenUp+1","Unlock1","SunsetBlade"],"picked":"SenseQuarry+1","floor":27.0},{"not_picked":["YoureTooSlow+1","SilentMist","SunsetBlade","MultiHit+1"],"picked":"SKIP","floor":30.0},{"not_picked":["NightInTheBackstreets","Parry2","FleetEdge"],"picked":"SinglePointStab","floor":35.0},{"not_picked":["Faith+1","BlindFaith+1","WillOfThePrescript+1"],"picked":"Bvapour+1","floor":36.0},{"not_picked":["Eradication","SnakesPrey+1","Multislash+1"],"picked":"DefenseOrder+1","floor":37.0},{"not_picked":["OminousPower+1","HiddenBlade","TheWillOfTheCity+1"],"picked":"GuidanceOfTheGears+1","floor":38.0},{"not_picked":["Execute_lor+1","Unlock1+1","IllEndYou+1"],"picked":"DefenseOrder+1","floor":40.0},{"not_picked":["NightInTheBackstreets+1","ToWhereThePrescriptPoints+1","Eliminate"],"picked":"DefenseOrder+1","floor":42.0},{"not_picked":["CutIn","Execute_lor+1","SearingSword"],"picked":"UnforgettableMelody","floor":44.0},{"not_picked":["StrongStrike+1","ShockingBlow","SunsetBlade"],"picked":"SinglePointStab","floor":46.0},{"not_picked":["SearingSword","Faith+1","Execute_lor+1"],"picked":"TraceOfFumes","floor":47.0},{"not_picked":["ProselytesBlade","SearingSword","Unlock1"],"picked":"SmokingPipe+1","floor":51}],"player_experience":295056,"relics_obtained":[{"floor":6.0,"key":"Blood Vial"},{"floor":9.0,"key":"Akabeko"},{"floor":10.0,"key":"Tiny Chest"},{"floor":13.0,"key":"Pen Nib"},{"floor":17.0,"key":"Toxic Egg 2"},{"floor":17.0,"key":"PageOfTodaysShyLook"},{"floor":17.0,"key":"PageOfMountain"},{"floor":23.0,"key":"Centennial Puzzle"},{"floor":25.0,"key":"Kunai"},{"floor":26.0,"key":"Oddly Smooth Stone"},{"floor":27.0,"key":"Potion Belt"},{"floor":30.0,"key":"Pear"},{"floor":31.0,"key":"Blue Candle"},{"floor":37.0,"key":"Unceasing Top"},{"floor":40.0,"key":"Art of War"},{"floor":42.0,"key":"PageOfWrath"},{"floor":43.0,"key":"PageOfTheQueenOfHatred"},{"floor":44.0,"key":"PageOfTheKnightOfDespair"},{"floor":47.0,"key":"PageOfGreed"},{"floor":51,"key":"PageOfNihil"}],"event_choices":[{"damage_healed":0.0,"max_hp_gain":0.0,"max_hp_loss":0.0,"gold_gain":0.0,"cards_transformed":["LightAttack"],"event_name":"Transmorgrifier","player_choice":"Transformed","floor":3.0,"gold_loss":0.0,"damage_taken":0.0,"cards_obtained":["SinglePointStab"]},{"damage_healed":0.0,"max_hp_gain":0.0,"max_hp_loss":5.0,"gold_gain":0.0,"event_name":"Golden Idol","player_choice":"Lose Max HP","floor":7.0,"gold_loss":0.0,"damage_taken":0.0,"relics_obtained":["Golden Idol"]},{"damage_healed":0.0,"max_hp_gain":0.0,"max_hp_loss":0.0,"gold_gain":0.0,"event_name":"Dead Adventurer","player_choice":"Searched \u00271\u0027 times","floor":10.0,"gold_loss":0.0,"damage_taken":0.0},{"damage_healed":0.0,"max_hp_gain":0.0,"max_hp_loss":0.0,"gold_gain":0.0,"event_name":"Living Wall","player_choice":"Grow","floor":11.0,"gold_loss":0.0,"damage_taken":0.0,"cards_upgraded":["FleshFillet"]},{"damage_healed":0.0,"max_hp_gain":0.0,"max_hp_loss":0.0,"gold_gain":0.0,"event_name":"Upgrade Shrine","player_choice":"Upgraded","floor":19.0,"gold_loss":0.0,"damage_taken":0.0,"cards_upgraded":["Tttonst"]},{"damage_healed":0.0,"max_hp_gain":0.0,"max_hp_loss":0.0,"gold_gain":0.0,"event_name":"Vampires","player_choice":"Ignored","floor":24.0,"gold_loss":0.0,"damage_taken":0.0},{"damage_healed":0.0,"max_hp_gain":0.0,"max_hp_loss":0.0,"gold_gain":0.0,"event_name":"Lab","player_choice":"Got Potions","floor":28.0,"gold_loss":0.0,"damage_taken":0.0},{"damage_healed":0.0,"max_hp_gain":0.0,"max_hp_loss":0.0,"gold_gain":0.0,"event_name":"MindBloom","player_choice":"Fight","floor":37.0,"gold_loss":0.0,"damage_taken":0.0},{"damage_healed":11.0,"max_hp_gain":0.0,"max_hp_loss":0.0,"gold_gain":0.0,"event_name":"Wheel of Change","player_choice":"Full Heal","floor":45.0,"gold_loss":0.0,"damage_taken":0.0}],"is_beta":false,"boss_relics":[{"not_picked":["Pandora\u0027s Box","Empty Cage"],"picked":"Calling Bell"},{"not_picked":["PageOfBlackSwan","Runic Pyramid"],"picked":"Philosopher\u0027s Stone"}],"items_purged_floors":[29,39,48],"is_endless":false,"potions_floor_spawned":[5,6,14,16,23,25,33,35,36,42,44,47,51],"ascension_level":3}}