{"host":"oegvlt3p9vn9jszz","time":1614439984,"event":{"mods":["Act Like it!","Arknights","Ascension Reborn","Aspiration","Bartender","BaseMod","Downfall","Hero for Fun","Highlight Path","HornydragonMod","Minty Spire (QoL Compilation)","Pale of the Ancients","Relic Stats","Replay The Spire","Ruina","Shop Mod","StSLib","The Alterego","The Bladedancer","The Bug Knight","The Jungle","The Marked","The Saiyan","The Senshi","The Servant 0.9.4","The Valiant","The Wild Card","TheHero","TheSwordswoman","UnlockEverythingMod","Waifu the Spire"],"gold_per_floor":[112,112,38,48,58,85,85,102,125,125,52,87,106,106,106,203,203,218,321,17,17,35,35,68,88,88,88,88,102,115,128,128,128,128],"floor_reached":33,"language":"ENG","playtime":3750,"items_purged":[],"score":302,"play_id":"435422eb-db29-478d-8bd7-3fed2fe168fd","local_time":"20210227103304","is_ascension_mode":true,"campfire_choices":[{"data":"blazmod:Kyokasuigetsu","floor":7,"key":"SMITH"},{"data":"blazmod:StanceChange","floor":10,"key":"SMITH"},{"data":"blazmod:ClearTheMind","floor":15,"key":"SMITH"},{"data":"blazmod:PhysicalEndurance","floor":23,"key":"SMITH"},{"floor":28,"key":"RECALL"}],"circlet_count":0,"master_deck":["blazmod:Strike","blazmod:Strike","blazmod:Strike","blazmod:Strike","blazmod:Defend","blazmod:Defend","blazmod:Defend","blazmod:Defend","blazmod:ButterflyEffect","blazmod:Kyokasuigetsu+1","blazmod:FlawlessDraw","blazmod:TenThousand","blazmod:BladeOfEnlightenment","blazmod:KatanaStrike+1","blazmod:PhysicalEndurance+1","blazmod:StanceChange+1","blazmod:ClearTheMind+1","blazmod:HoumatsuMugenKochouji","blazmod:QuickBlade","AbeCurse","Shame","Shame","blazmod:Crosscut+1","blazmod:Crosscut+1","blazmod:PhysicalEndurance","blazmod:Trasient+1","blazmod:FleetOfFoot+1","blazmod:BoulderFlash+1","blazmod:ClearTheMind+1","blazmod:SidewaySolace+1","blazmod:TrueSelf+1","blazmod:MentalFocus+1","blazmod:LoveAndHonor"],"relics":["blazmod:Venustas","NeowsBlessing","GremlinMask","Ginger","aspiration:Lifesprig","Happy Flower","Replay:Ancient Bell","Bronze Scales","Molten Egg 2","Turnip","Dream Catcher","Toxic Egg 2","Anchor"],"acts_visited":["Exordium","TheCity"],"potions_floor_usage":[16,18,22,24,33,33],"damage_taken":[{"damage":0,"enemies":"Small Slimes","floor":1,"turns":1},{"damage":0,"enemies":"Jaw Worm","floor":4,"turns":1},{"damage":0,"enemies":"Cultist","floor":5,"turns":1},{"damage":7,"enemies":"Replay:BlueRogue","floor":6,"turns":7},{"damage":0,"enemies":"3 Louse","floor":8,"turns":3},{"damage":3,"enemies":"HollowMod:MossKnight","floor":12,"turns":5},{"damage":0,"enemies":"Blue Slaver","floor":13,"turns":3},{"damage":0,"enemies":"Blue Slaver","floor":14,"turns":3},{"damage":17,"enemies":"The Guardian","floor":16,"turns":8},{"damage":5,"enemies":"Spheric Guardian","floor":18,"turns":4},{"damage":0,"enemies":"Shell Parasite","floor":22,"turns":4},{"damage":0,"enemies":"HollowMod:Nosk","floor":24,"turns":6},{"damage":0,"enemies":"Centurion and Healer","floor":25,"turns":4},{"damage":0,"enemies":"Snake Plant","floor":29,"turns":4},{"damage":12,"enemies":"3 Cultists","floor":30,"turns":4},{"damage":0,"enemies":"Centurion and Healer","floor":31,"turns":3},{"damage":65,"enemies":"Champ","floor":33,"turns":11}],"seed_played":"7512765725561227241","potions_obtained":[{"floor":4,"key":"sneckomod:MuddlingPotion"},{"floor":6,"key":"AttackPotion"},{"floor":16,"key":"Block Potion"},{"floor":22,"key":"Adrenaline Potion"},{"floor":25,"key":"GamblersBrew"}],"is_trial":false,"path_per_floor":["M","?","$","M","M","E","R","M","T","R","$","E","M","?","R","B",null,"M","?","$","?","M","R","E","M","T","?","R","M","M","M","R","B"],"character_chosen":"THE_SWORDSWOMAN","items_purchased":["blazmod:TenThousand","blazmod:ClearTheMind","Toxic Egg 2","Fire Potion"],"campfire_rested":0,"item_purchase_floors":[3,11,20,20],"current_hp_per_floor":[40,40,40,40,40,33,33,33,33,33,33,30,30,30,30,13,40,35,19,19,50,50,50,50,50,50,50,50,50,38,38,50,0,0],"gold":128,"neow_bonus":"THREE_ENEMY_KILL","is_daily":false,"chose_seed":false,"campfire_upgraded":4,"win_rate":0.0,"timestamp":1614439984,"path_taken":["M","?","?","?","M","E","R","M","T","R","$","E","M","?","R","BOSS","M","?","$","?","M","R","E","?","T","?","R","M","?","M","R","BOSS"],"items_purchased_type":["Card","Card","Relic","Potion"],"build_version":"2020-12-22","purchased_purges":0,"victory":false,"max_hp_per_floor":[40,40,40,40,40,40,40,40,40,40,40,40,40,40,40,40,40,40,40,40,50,50,50,50,50,50,50,50,50,50,50,50,50,50],"relic_stats":{"Dream Catcher":1,"Happy Flower":[18],"counters":[17,72],"Bronze Scales":[94],"Turnip":[21],"Ginger":[66],"obtain_stats":[{"aspiration:Lifesprig":9,"NeowsBlessing":0,"Happy Flower":12,"GremlinMask":2,"Replay:Ancient Bell":17,"Ginger":6,"blazmod:Venustas":0,"Dream Catcher":19,"Anchor":24,"Bronze Scales":17,"Molten Egg 2":17,"Turnip":17,"Toxic Egg 2":20},{"aspiration:Lifesprig":5,"NeowsBlessing":0,"Happy Flower":6,"GremlinMask":1,"Replay:Ancient Bell":9,"Ginger":4,"blazmod:Venustas":0,"Dream Catcher":10,"Anchor":12,"Bronze Scales":9,"Molten Egg 2":9,"Turnip":9,"Toxic Egg 2":10},{"aspiration:Lifesprig":13,"NeowsBlessing":0,"Happy Flower":18,"GremlinMask":1,"Replay:Ancient Bell":32,"Ginger":10,"blazmod:Venustas":0,"Dream Catcher":36,"Anchor":46,"Bronze Scales":32,"Molten Egg 2":32,"Turnip":32,"Toxic Egg 2":36}]},"card_choices":[{"not_picked":["blazmod:PhysicalEndurance","blazmod:BladeOfEnlightenment"],"picked":"blazmod:FlawlessDraw","floor":1},{"not_picked":["blazmod:KatanaStrike","blazmod:WildButterfly"],"picked":"blazmod:BladeOfEnlightenment","floor":4},{"not_picked":["blazmod:StanceChange","blazmod:BoulderFlash"],"picked":"blazmod:KatanaStrike","floor":5},{"not_picked":["blazmod:SecondSight","blazmod:Trasient"],"picked":"blazmod:PhysicalEndurance","floor":6},{"not_picked":["blazmod:DevilDivine","blazmod:QuickBlade"],"picked":"blazmod:StanceChange","floor":8},{"not_picked":["blazmod:SidewaySolace","blazmod:FortifiedVigor"],"picked":"blazmod:HoumatsuMugenKochouji","floor":12},{"not_picked":["blazmod:FlawlessDraw","blazmod:FortifiedVigor"],"picked":"blazmod:QuickBlade","floor":13},{"not_picked":["blazmod:GlasswingWaltz","blazmod:Setsuna"],"picked":"blazmod:HoumatsuMugenKochouji","floor":16},{"not_picked":["downfall:Malfunctioning","Hallucinations"],"picked":"AbeCurse","floor":17},{"not_picked":["Mistake","Delirium"],"picked":"Shame","floor":17},{"not_picked":["Voices","downfall:Bewildered"],"picked":"Shame","floor":17},{"not_picked":["blazmod:ButterFlutter+1","blazmod:MentalFocus+1"],"picked":"blazmod:Crosscut+1","floor":18},{"not_picked":["blazmod:UnderPurifyingWaters+1","blazmod:FlashRock"],"picked":"blazmod:Crosscut+1","floor":19},{"not_picked":["blazmod:MindAtPeace","blazmod:FocusThroughFalls+1"],"picked":"blazmod:PhysicalEndurance","floor":19},{"not_picked":["blazmod:ButterFlutter+1","blazmod:Valiance+1"],"picked":"blazmod:Trasient+1","floor":22},{"not_picked":["blazmod:KatanaStrike+1","blazmod:Valiance+1"],"picked":"blazmod:FleetOfFoot+1","floor":24},{"not_picked":["blazmod:HarmonyComplete+1","blazmod:PhysicalEndurance+1"],"picked":"blazmod:BoulderFlash+1","floor":25},{"not_picked":["blazmod:FortifiedVigor+1","blazmod:Valiance+1"],"picked":"blazmod:SidewaySolace+1","floor":29},{"not_picked":["blazmod:BladeOfEnlightenment+1","blazmod:KatanaStrike+1"],"picked":"blazmod:TrueSelf+1","floor":30},{"not_picked":["blazmod:BoulderFlash+1","blazmod:Trasient+1"],"picked":"blazmod:MentalFocus+1","floor":31},{"not_picked":["blazmod:BoulderFlash+1","blazmod:FancifulFlutter"],"picked":"blazmod:LoveAndHonor","floor":32}],"player_experience":130518,"relics_obtained":[{"floor":6,"key":"Ginger"},{"floor":9,"key":"aspiration:Lifesprig"},{"floor":12,"key":"Happy Flower"},{"floor":19,"key":"Dream Catcher"},{"floor":24,"key":"Anchor"}],"event_choices":[{"damage_healed":0,"gold_gain":0,"player_choice":"Trade","damage_taken":0,"relics_obtained":["GremlinMask"],"max_hp_gain":0,"max_hp_loss":0,"event_name":"FaceTrader","floor":2,"gold_loss":0},{"cards_removed":["blazmod:HoumatsuMugenKochouji"],"damage_healed":21,"gold_gain":0,"player_choice":"Offered Rare","damage_taken":0,"max_hp_gain":10,"max_hp_loss":0,"event_name":"Bonfire Elementals","floor":21,"gold_loss":0},{"damage_healed":0,"gold_gain":0,"player_choice":"Copied","damage_taken":0,"max_hp_gain":0,"max_hp_loss":0,"event_name":"Duplicator","floor":27,"gold_loss":0,"cards_obtained":["blazmod:ClearTheMind"]}],"is_beta":false,"boss_relics":[{"not_picked":["Busted Crown","ChewingGum"],"picked":"Replay:Ancient Bell"},{"not_picked":["Orichalcum","Grinning Jar"],"picked":"Bronze Scales"},{"not_picked":["blazmod:BladeOfPurification","Frozen Egg 2"],"picked":"Molten Egg 2"},{"not_picked":["Ice Cream","Archangels Feather"],"picked":"Turnip"}],"items_purged_floors":[],"is_endless":false,"potions_floor_spawned":[4,6,16,22,25,29,31],"killed_by":"Champ","ascension_level":0}}