{"host":"38abhf7uonnoqlzr","time":1614387889,"event":{"mods":["Act Like it!","Arknights","Aspiration","Aya Shameimaru","BaseMod","Better Note","Better Third Choice","Block Reminder","CapriCore","Colored Map","Conspire","Displayed Cursed Tome","Dota2Spire","Energized Spire","Extra Virgin Snecko Oil","Friendly Minions","Hallownest","Hubris","Minty Spire (QoL Compilation)","Pale of the Ancients","Rare Cards Sparkle","Relic Stats","Reliquary","Replay The Spire","Spicy Shops","Spire Arcade","StSLib","Waifu the Spire"],"gold_per_floor":[114,132,132,146,164,194,194,47,116,41,115,115,36,70,70,168,168,187,205,254,273,338,365,365,394,394,394,413,413,413,97,97,202,302,312,325,343,343,353,394,465,465,465,94,103,146,172,192,192,192,217,241,525,53,53,79,79,79,79,79],"floor_reached":61,"language":"ENG","playtime":5700,"items_purged":["Pain","Regret"],"score":1631,"play_id":"d80038ad-509d-4b27-aaff-b64e5d080719","local_time":"20210227020449","is_ascension_mode":false,"campfire_choices":[{"data":"shameimaru:DashingDomination","floor":7.0,"key":"SMITH"},{"floor":12.0,"key":"REST"},{"floor":15.0,"key":"DIG"},{"data":"shameimaru:EvasiveForm","floor":24.0,"key":"SMITH"},{"data":"shameimaru:PhotographicDisposal","floor":27.0,"key":"SMITH"},{"floor":32.0,"key":"DIG"},{"floor":42.0,"key":"REST"},{"data":"shameimaru:WindSickleVeiling","floor":49,"key":"SMITH"},{"data":"shameimaru:DashingDomination","floor":55,"key":"SMITH"},{"data":"shameimaru:DashingDomination","floor":57,"key":"SMITH"}],"circlet_count":0,"master_deck":["shameimaru:Strike","shameimaru:Strike","shameimaru:Defend","shameimaru:Defend","shameimaru:PlayfulTaunt","shameimaru:SnapshotStrike","shameimaru:HighlightReel","shameimaru:LibraryResearch","ReplayTheSpireMod:From All Sides","shameimaru:FranticSearch","shameimaru:DashingDomination+1","shameimaru:InstantShotJournalist","shameimaru:FlutteringFeyFan","shameimaru:EvasiveForm+1","shameimaru:AdverseWind","shameimaru:RapidEnhancement","shameimaru:CandidShot","shameimaru:MassDeletion","shameimaru:GuidingBreeze+1","shameimaru:AirSlash+1","shameimaru:PhotographicDisposal+1","shameimaru:AirSlash","Clumsy","Specialist","shameimaru:QuickReporting","shameimaru:WindSickleVeiling+1","shameimaru:InstantShotJournalist+1","shameimaru:DashingDomination+1","shameimaru:DashingDomination+1","Corpse Explosion","Phantasmal Killer","Underhanded Strike","shameimaru:Foresight","shameimaru:QuickReporting+1","shameimaru:LibraryResearch+1","Hallownest:curseDreamersLament","shameimaru:AdverseWind","shameimaru:GustFan+1","shameimaru:FlutteringFeyFan+1","shameimaru:GaleBullet","shameimaru:SpiralingTempest","shameimaru:Foresight+1"],"relics":["shameimaru:blackbirdfeather","hubris:Zylophone","Dota2Spire:DrumOfEndurance","Bottled Tornado","ClockworkSouvenir","hubris:Potato","aspiration:FrozenJewel","reliquary:RedPaperclip","Dota2Spire:MonkeyKingBar","Replay:Ringing Soul","Dota2Spire:Vanguard","Strawberry","hubris:Icosahedron","Shuriken","ReplayTheSpireMod:TigerMarble","Shuriken","Replay:Wanted Poster","CeramicFish","hubris:BundleOfHerbs","reliquary:Sod","Chemical X","hubris:CrystalStatue","Hallownest:BeastSealRelic","hubris:SphereOfDissonance","paleoftheancients:Timepiece","paleoftheancients:KeyRelic","Gremlin Horn","CultistMask","paleoftheancients:SoulOfTheWatcher","Mummified Hand","Ornamental Fan","hubris:64BitClover"],"acts_visited":["Exordium","Hallownest:Greenpath","Hallownest:CityofTears","Hallownest:KingdomsEdge"],"potions_floor_usage":[50,52,60,60],"damage_taken":[{"damage":0.0,"enemies":"Hallownest:monsterHuskWarrior","floor":1.0,"turns":4.0},{"damage":8.0,"enemies":"2_ Uuma","floor":2.0,"turns":7.0},{"damage":1.0,"enemies":"Hallownest:2_Baldur","floor":4.0,"turns":5.0},{"damage":25.0,"enemies":"Hallownest:Guard_and_Warrior","floor":5.0,"turns":5.0},{"damage":0.0,"enemies":"Hallownest:eliteCrystalGuardian","floor":6.0,"turns":4.0},{"damage":13.0,"enemies":"Hallownest:eliteVengeflyKing","floor":14.0,"turns":4.0},{"damage":13.0,"enemies":"Hallownest:BossHornet","floor":16.0,"turns":4.0},{"damage":16.0,"enemies":"Hallownest:2_Mistakes","floor":18.0,"turns":4.0},{"damage":4.0,"enemies":"Hallownest:Guard_and_Sentry","floor":19.0,"turns":5.0},{"damage":0.0,"enemies":"conspire:MimicChest","floor":20.0,"turns":5.0},{"damage":0.0,"enemies":"Hallownest:monsterShrumalOgre","floor":21.0,"turns":3.0},{"damage":5.0,"enemies":"Hallownest:Glutton_and_Coward","floor":22.0,"turns":2.0},{"damage":2.0,"enemies":"Hallownest:eliteWatcherKnight","floor":23.0,"turns":8.0},{"damage":9.0,"enemies":"Hallownest:eliteSoulWarrior","floor":25.0,"turns":3.0},{"damage":4.0,"enemies":"Hallownest:2_Flukemon","floor":28.0,"turns":4.0},{"damage":14.0,"enemies":"Hallownest:BossGrimm","floor":33.0,"turns":4.0},{"damage":4.0,"enemies":"Hallownest:Shield_Heavy","floor":35.0,"turns":3.0},{"damage":9.0,"enemies":"Hallownest:3_Siblings","floor":36.0,"turns":5.0},{"damage":4.0,"enemies":"Hallownest:Shield_Sturdy","floor":37.0,"turns":2.0},{"damage":3.0,"enemies":"Hallownest:Slobbering_and_Violent","floor":39.0,"turns":3.0},{"damage":0.0,"enemies":"Hallownest:eliteHiveKnight","floor":40.0,"turns":2.0},{"damage":43.0,"enemies":"Hallownest:2_Primals","floor":41.0,"turns":2.0},{"damage":0.0,"enemies":"Hallownest:eliteCollector","floor":46.0,"turns":2.0},{"damage":13,"enemies":"Hallownest:2_Wing_and_1_Kings","floor":47,"turns":3},{"damage":0,"enemies":"Hallownest:monsterPrimalAspid","floor":48,"turns":2},{"damage":14,"enemies":"Hallownest:Radiance","floor":50,"turns":3},{"damage":0,"enemies":"Hallownest:Radiance","floor":51,"turns":2},{"damage":0,"enemies":"Hallownest:Radiance","floor":52,"turns":3},{"damage":0,"enemies":"Hallownest:Radiance","floor":56,"turns":2},{"damage":0,"enemies":"paleoftheancients:N","floor":60,"turns":4}],"seed_played":"-3140579157287840496","potions_obtained":[{"floor":2.0,"key":"Energy Potion"},{"floor":5.0,"key":"PowerPotion"},{"floor":6.0,"key":"Venom Potion"},{"floor":18.0,"key":"Weak Potion"},{"floor":21.0,"key":"EssenceOfSteel"},{"floor":22.0,"key":"Elixir"},{"floor":33.0,"key":"EssenceOfSteel"},{"floor":35.0,"key":"SkillPotion"},{"floor":40.0,"key":"Explosive Potion"},{"floor":46.0,"key":"SpeedPotion"},{"floor":48,"key":"Doom Potion"}],"is_trial":false,"path_per_floor":["M","M","?","M","M","E","R","$","T","$","T","R","$","E","R_BF","B",null,"M","M","?","M","M","E","R","E","T","R","M","?","?","$","R_BF","B",null,"M","M","M","?","M","E","?","R","T","$","?","E","M","M","R","B","M","M","?","$","R","M","R","T","?","B",null],"character_chosen":"AYA","items_purchased":["Dota2Spire:DrumOfEndurance","ClockworkSouvenir","hubris:Potato","ReplayTheSpireMod:TigerMarble","Specialist","shameimaru:QuickReporting","Chemical X","hubris:CrystalStatue","Mummified Hand","Ornamental Fan"],"campfire_rested":2,"item_purchase_floors":[8,10,13,31,31,31,44,44,54,54],"current_hp_per_floor":[88,80,80,79,54,54,54,54,54,54,54,80,80,67,67,54,88,72,68,68,68,63,64,64,58,65,65,64,64,67,70,70,59,113,112,106,105,108,108,112,72,112,112,115,118,121,111,114,114,150,153,156,159,159,159,162,162,162,162,162],"gold":79,"neow_bonus":"TEN_PERCENT_HP_BONUS","is_daily":false,"chose_seed":false,"campfire_upgraded":6,"win_rate":0.0,"timestamp":1614387889,"path_taken":["M","M","?","?","M","E","R","?","T","$","?","R","$","E","R_BF","BOSS","M","M","?","?","M","E","R","E","T","R","M","?","?","?","R_BF","BOSS","M","M","?","?","?","E","?","R","T","$","?","E","M","?","R","BOSS","M","M","?","$","R","M","R","T","?","BOSS"],"items_purchased_type":["Relic","Relic","Relic","Relic","Card","Card","Relic","Relic","Relic","Relic"],"build_version":"2020-12-22","purchased_purges":2,"victory":true,"max_hp_per_floor":[88,88,88,88,88,88,88,88,88,88,88,88,88,88,88,88,88,88,88,88,88,88,91,91,94,101,101,104,104,107,110,110,113,113,116,119,122,125,128,132,135,135,135,138,141,144,147,150,150,150,153,156,159,159,159,162,162,162,162,162],"relic_stats":{"Gremlin Horn":[12,20],"counters":[30,109],"Shuriken":[62],"Mummified Hand":[14],"Ornamental Fan":[20],"CeramicFish":99,"Chemical X":[14],"obtain_stats":[{"shameimaru:blackbirdfeather":0,"hubris:CrystalStatue":44,"Gremlin Horn":50,"Dota2Spire:OrchidMalevolence":11,"CeramicFish":40,"Dota2Spire:DrumOfEndurance":8,"Dota2Spire:Vanguard":25,"Bottled Tornado":9,"reliquary:QuartzCube":14,"ClockworkSouvenir":10,"Replay:Wanted Poster":34,"Replay:Ringing Soul":23,"hubris:Icosahedron":29,"Mummified Hand":54,"Strawberry":26,"Chemical X":44,"paleoftheancients:SoulOfTheWatcher":52,"Hallownest:BeastSealRelic":45,"paleoftheancients:KeyRelic":50,"hubris:64BitClover":58,"hubris:SphereOfDissonance":46,"aspiration:FrozenJewel":15,"hubris:Zylophone":6,"reliquary:Sod":43,"paleoftheancients:Timepiece":50,"reliquary:RedPaperclip":17,"Shuriken":30,"Ornamental Fan":54,"reliquary:SculptingSteel":32,"hubris:BundleOfHerbs":41,"CultistMask":50,"ReplayTheSpireMod:TigerMarble":31,"Dota2Spire:MonkeyKingBar":20,"hubris:Potato":13},{"shameimaru:blackbirdfeather":0,"hubris:CrystalStatue":22,"Gremlin Horn":26,"Dota2Spire:OrchidMalevolence":5,"CeramicFish":21,"Dota2Spire:DrumOfEndurance":5,"Dota2Spire:Vanguard":14,"Bottled Tornado":5,"reliquary:QuartzCube":6,"ClockworkSouvenir":5,"Replay:Wanted Poster":16,"Replay:Ringing Soul":13,"hubris:Icosahedron":15,"Mummified Hand":28,"Strawberry":14,"Chemical X":22,"paleoftheancients:SoulOfTheWatcher":28,"Hallownest:BeastSealRelic":22,"paleoftheancients:KeyRelic":26,"hubris:64BitClover":29,"hubris:SphereOfDissonance":23,"aspiration:FrozenJewel":6,"hubris:Zylophone":5,"reliquary:Sod":22,"paleoftheancients:Timepiece":26,"reliquary:RedPaperclip":7,"Shuriken":15,"Ornamental Fan":28,"reliquary:SculptingSteel":15,"hubris:BundleOfHerbs":22,"CultistMask":26,"ReplayTheSpireMod:TigerMarble":15,"Dota2Spire:MonkeyKingBar":10,"hubris:Potato":5},{"shameimaru:blackbirdfeather":0,"hubris:CrystalStatue":88,"Gremlin Horn":98,"Dota2Spire:OrchidMalevolence":25,"CeramicFish":86,"Dota2Spire:DrumOfEndurance":25,"Dota2Spire:Vanguard":63,"Bottled Tornado":25,"reliquary:QuartzCube":29,"ClockworkSouvenir":25,"Replay:Wanted Poster":71,"Replay:Ringing Soul":60,"hubris:Icosahedron":67,"Mummified Hand":103,"Strawberry":63,"Chemical X":88,"paleoftheancients:SoulOfTheWatcher":103,"Hallownest:BeastSealRelic":88,"paleoftheancients:KeyRelic":98,"hubris:64BitClover":105,"hubris:SphereOfDissonance":90,"aspiration:FrozenJewel":29,"hubris:Zylophone":25,"reliquary:Sod":88,"paleoftheancients:Timepiece":98,"reliquary:RedPaperclip":33,"Shuriken":67,"Ornamental Fan":103,"reliquary:SculptingSteel":67,"hubris:BundleOfHerbs":88,"CultistMask":98,"ReplayTheSpireMod:TigerMarble":67,"Dota2Spire:MonkeyKingBar":47,"hubris:Potato":25}]},"card_choices":[{"not_picked":["shameimaru:Photocopier","shameimaru:CandidShot"],"picked":"shameimaru:HighlightReel","floor":1.0},{"not_picked":["shameimaru:DashingDomination","shameimaru:FreezeFrame"],"picked":"shameimaru:LibraryResearch","floor":2.0},{"not_picked":["shameimaru:CoerciveReport","shameimaru:CandidShot"],"picked":"shameimaru:FranticSearch","floor":4.0},{"not_picked":["shameimaru:HighlightReel","shameimaru:GustFan"],"picked":"shameimaru:DashingDomination","floor":5.0},{"not_picked":["shameimaru:BreezeOfReminiscence","shameimaru:PressRelease"],"picked":"shameimaru:InstantShotJournalist","floor":6.0},{"not_picked":["shameimaru:WidespreadPropaganda","shameimaru:HitAndRun"],"picked":"shameimaru:FlutteringFeyFan","floor":14.0},{"not_picked":["shameimaru:Duality","shameimaru:AutumnalFallWind"],"picked":"shameimaru:EvasiveForm","floor":16.0},{"not_picked":["shameimaru:GustFan","shameimaru:Persuade"],"picked":"shameimaru:AdverseWind","floor":18.0},{"not_picked":["shameimaru:Imitation","shameimaru:ReporterInstinct"],"picked":"shameimaru:RapidEnhancement","floor":19.0},{"not_picked":["shameimaru:AirSlash","shameimaru:Imitation"],"picked":"shameimaru:CandidShot","floor":20.0},{"not_picked":["shameimaru:DashingGrace+1","shameimaru:GuidingBreeze"],"picked":"shameimaru:MassDeletion","floor":21.0},{"not_picked":["shameimaru:AirCutter","shameimaru:Photoshoot"],"picked":"shameimaru:GuidingBreeze+1","floor":22.0},{"not_picked":["shameimaru:GustFan","shameimaru:CoerciveReport"],"picked":"shameimaru:AirSlash+1","floor":23.0},{"not_picked":["shameimaru:Photoshoot","shameimaru:DashingDomination"],"picked":"shameimaru:PhotographicDisposal","floor":25.0},{"not_picked":["shameimaru:DashingGrace","shameimaru:GustFan"],"picked":"shameimaru:AirSlash","floor":28.0},{"not_picked":["shameimaru:RapidEnhancement","shameimaru:OverclockedCamera"],"picked":"shameimaru:WindSickleVeiling","floor":33.0},{"not_picked":["shameimaru:MassDeletion","shameimaru:PeerlessWind"],"picked":"shameimaru:InstantShotJournalist+1","floor":35.0},{"not_picked":["shameimaru:HitAndRun","shameimaru:AdverseWind"],"picked":"shameimaru:DashingDomination","floor":36.0},{"not_picked":["shameimaru:WhispersOfTheWind+1","shameimaru:ShootTheBullet"],"picked":"shameimaru:DashingDomination","floor":37.0},{"not_picked":["shameimaru:Photoshoot","shameimaru:Persuade"],"picked":"shameimaru:Foresight","floor":39.0},{"not_picked":["shameimaru:InvertedColours+1","shameimaru:WidespreadPropaganda+1"],"picked":"shameimaru:QuickReporting+1","floor":40.0},{"not_picked":["shameimaru:Foresight","shameimaru:BlindingSpeed+1"],"picked":"shameimaru:LibraryResearch+1","floor":41.0},{"not_picked":["shameimaru:SuddenOutburst+1","shameimaru:BreezeOfReminiscence"],"picked":"shameimaru:AdverseWind","floor":46.0},{"not_picked":["shameimaru:PressRelease+1","shameimaru:SuddenOutburst"],"picked":"shameimaru:GustFan+1","floor":47},{"not_picked":["shameimaru:WidespreadPropaganda","shameimaru:Photocopier"],"picked":"shameimaru:FlutteringFeyFan+1","floor":48},{"not_picked":["shameimaru:WhispersOfTheWind","shameimaru:GustFan"],"picked":"shameimaru:GaleBullet","floor":51},{"not_picked":["shameimaru:IntertwinedWinds","shameimaru:EvasiveManeuver+1"],"picked":"shameimaru:SpiralingTempest","floor":52},{"not_picked":["shameimaru:CandidShot","shameimaru:GuidingBreeze"],"picked":"shameimaru:Foresight+1","floor":56}],"player_experience":206265,"relics_obtained":[{"floor":6.0,"key":"hubris:Zylophone"},{"floor":9.0,"key":"Bottled Tornado"},{"floor":11.0,"key":"Dota2Spire:OrchidMalevolence"},{"floor":14.0,"key":"reliquary:QuartzCube"},{"floor":15.0,"key":"aspiration:FrozenJewel"},{"floor":20.0,"key":"Dota2Spire:MonkeyKingBar"},{"floor":23.0,"key":"Replay:Ringing Soul"},{"floor":25.0,"key":"Dota2Spire:Vanguard"},{"floor":26.0,"key":"Strawberry"},{"floor":32.0,"key":"reliquary:SculptingSteel"},{"floor":40.0,"key":"CeramicFish"},{"floor":41.0,"key":"hubris:BundleOfHerbs"},{"floor":43.0,"key":"reliquary:Sod"},{"floor":46.0,"key":"hubris:SphereOfDissonance"},{"floor":52,"key":"paleoftheancients:SoulOfTheWatcher"},{"floor":58,"key":"hubris:64BitClover"}],"event_choices":[{"damage_healed":0,"gold_gain":275,"player_choice":"Desecrate","damage_taken":0,"max_hp_gain":0,"max_hp_loss":0,"event_name":"Golden Shrine","floor":53,"gold_loss":0,"cards_obtained":["Regret"]}],"is_beta":false,"boss_relics":[{"not_picked":["Ectoplasm","Pandora\u0027s Box"],"picked":"reliquary:RedPaperclip"},{"not_picked":["shameimaru:blackbirdwings","reliquary:RedCape"],"picked":"Replay:Wanted Poster"}],"items_purged_floors":[44,54],"is_endless":false,"potions_floor_spawned":[2,5,6,18,21,22,33,35,40,46,48],"ascension_level":0}}