{"host":"liu","time":1614409966,"event":{"mods":["100% Spire Juice","ATMod(°¢èªMod)","Act Like it!","Arknights","BaseMod","KinomotoSakuraMod(Ä¾Ö®±¾Ó£)","Lobotomy","Marisa£¨ìFÓê¡¡Ä§ÀíÉ³£©","Minty Spire (QoL Compilation)","Reimu£¨²©ÀöÁéÃÎ£©","Remilia£¨ÀÙÃ×ÀòÑÇ£©","StSLib","TestMod","The Construct","The Senshi","Youmu£¨»êÆÇÑýÃÎ£©","¡¾ÒÅÎï¿¨ÅÆ¡¿REMEMod"],"gold_per_floor":[114,49,61,73,85,118,136,161,161,172,200,218,231,266,266,387,387,397,407,94,74,113,207,265,665,692,692,87,187,222,72,72,318,318,408,408,442,138,229,286,286,390,413,112,112,145,200,290,290,314,314,314,148,222,246],"floor_reached":56,"language":"ZHS","playtime":2069,"items_purged":["Strike_G","Defend_G","Strike_G","Strike_G","Strike_G"],"score":2803,"play_id":"6d52ede8-ff59-493d-96e8-ec961c710595","local_time":"20210227151246","is_ascension_mode":true,"campfire_choices":[{"data":"testmod-Superconductor","floor":15.0,"key":"SMITH"},{"data":"AT_EssenceShift","floor":27.0,"key":"SMITH"},{"data":"Neutralize","floor":32.0,"key":"SMITH"},{"data":"AT_ThistleTea","floor":41.0,"key":"SMITH"},{"floor":45,"key":"RECALL"},{"data":"Endless Agony","floor":49,"key":"SMITH"},{"data":"Harmony","floor":52,"key":"SMITH"}],"circlet_count":0,"master_deck":["AscendersBane","Strike_G","Defend_G+1","Defend_G+1","Defend_G+1","Defend_G","Survivor","Neutralize+1","Harmony+1","AT_ThistleTea+1","testmod-Superconductor+1","Endless Agony+1","AT_WindFlip+1","AT_KingSlayer+1","AT_EssenceShift+1","Tools of the Trade+1"],"relics":["Ring of the Snake","AT_ATBox","testmod-TestBox","testmod-AscensionHeart","Vajra","Orichalcum","Ninja Scroll","Bag of Preparation","Mummified Hand","HoveringKite","AT_MibuBalloonWealth","AT_ImmortalShieldbow","Bag of Marbles","construct:RocketBooster","REME_HandOfSuture","theSenshi:SailorFukuRelic","testmod-Charity","AT_TrinityForce","RuthlessExorcism:ReiMu","AT_SpeedBoots","MealTicket","AT_ForceNature","AT_ChloranthyRing","Bronze Scales","testmod-Hope"],"acts_visited":["Exordium","TheCity","TheBeyond","TheEnding"],"potions_floor_usage":[55],"damage_taken":[{"damage":4.0,"enemies":"ats:Genji","floor":1.0,"turns":4.0},{"damage":0.0,"enemies":"Cultist","floor":3.0,"turns":3.0},{"damage":0.0,"enemies":"Jaw Worm","floor":4.0,"turns":2.0},{"damage":0.0,"enemies":"3 Louse","floor":5.0,"turns":2.0},{"damage":5.0,"enemies":"Gremlin Nob","floor":6.0,"turns":3.0},{"damage":6.0,"enemies":"Exordium Wildlife","floor":7.0,"turns":3.0},{"damage":0.0,"enemies":"3 Sentries","floor":8.0,"turns":4.0},{"damage":0.0,"enemies":"Blue Slaver","floor":10.0,"turns":2.0},{"damage":14.0,"enemies":"Lagavulin","floor":11.0,"turns":4.0},{"damage":0.0,"enemies":"3 Louse","floor":12.0,"turns":1.0},{"damage":0.0,"enemies":"Exordium Thugs","floor":13.0,"turns":2.0},{"damage":4.0,"enemies":"3 Sentries","floor":14.0,"turns":5.0},{"damage":19.0,"enemies":"The Guardian","floor":16.0,"turns":10.0},{"damage":6.0,"enemies":"Shell Parasite","floor":18.0,"turns":4.0},{"damage":0.0,"enemies":"Spheric Guardian","floor":19.0,"turns":3.0},{"damage":0.0,"enemies":"Snecko","floor":22.0,"turns":3.0},{"damage":0.0,"enemies":"3 Cultists","floor":23.0,"turns":4.0},{"damage":0.0,"enemies":"Book of Stabbing","floor":24.0,"turns":4.0},{"damage":19.0,"enemies":"Gremlin Leader","floor":29.0,"turns":4.0},{"damage":0.0,"enemies":"Snake Plant","floor":30.0,"turns":2.0},{"damage":59.0,"enemies":"Collector","floor":33.0,"turns":8.0},{"damage":6.0,"enemies":"3 Shapes","floor":35.0,"turns":3.0},{"damage":0.0,"enemies":"Orb Walker","floor":37.0,"turns":1.0},{"damage":10.0,"enemies":"Sphere and 2 Shapes","floor":39.0,"turns":4.0},{"damage":0.0,"enemies":"Giant Head","floor":40.0,"turns":2.0},{"damage":0.0,"enemies":"Reptomancer","floor":42.0,"turns":1.0},{"damage":0,"enemies":"Maw","floor":46,"turns":1},{"damage":0,"enemies":"Giant Head","floor":47,"turns":1},{"damage":0,"enemies":"Jaw Worm Horde","floor":48,"turns":2},{"damage":0,"enemies":"Time Eater","floor":50,"turns":1},{"damage":15,"enemies":"Shield and Spear","floor":54,"turns":5},{"damage":44,"enemies":"The Heart","floor":55,"turns":5}],"seed_played":"1110816885516213497","potions_obtained":[{"floor":4.0,"key":"Strength Potion"},{"floor":5.0,"key":"CunningPotion"},{"floor":8.0,"key":"Swift Potion"},{"floor":10.0,"key":"SkillPotion"},{"floor":12.0,"key":"DuplicationPotion"},{"floor":13.0,"key":"PowerPotion"},{"floor":24.0,"key":"SkillPotion"},{"floor":33.0,"key":"Block Potion"}],"is_trial":false,"path_per_floor":["M","$","M","M","M","E","M","E","T","M","E","M","M","E","R","B",null,"M","M","$","?","M","M","E","?","T","R","$","E","M","$","R","B",null,"M","?","M","$","M","E","R","E","T","$","R","M","E","M","R","B",null,"R","$","E","B",null],"character_chosen":"THE_SILENT","items_purchased":["AT_MibuBalloonWealth","REME_GreenPollution","construct:RocketBooster","REME_HandOfSuture","testmod-Charity","RuthlessExorcism:ReiMu","AT_SpeedBoots","AT_ChloranthyRing"],"campfire_rested":0,"item_purchase_floors":[20,20,28,28,31,38,38,44],"current_hp_per_floor":[56,56,57,58,59,61,55,57,57,58,46,47,48,46,46,33,60,55,56,56,56,57,58,63,63,63,63,63,46,47,47,47,72,80,79,79,82,84,79,83,83,89,90,105,105,107,110,114,114,120,120,120,121,110,76],"gold":246,"neow_bonus":"RANDOM_COLORLESS_2","is_daily":false,"chose_seed":false,"campfire_upgraded":6,"win_rate":0.0,"timestamp":1614409966,"path_taken":["M","$","M","M","M","E","M","E","T","M","E","M","M","E","R","BOSS","M","M","$","?","M","?","E","?","T","R","?","E","M","$","R","BOSS","M","?","M","$","M","E","R","E","T","$","R","M","E","M","R","BOSS","R","$","E","BOSS"],"items_purchased_type":["Relic","Card","Relic","Relic","Relic","Relic","Relic","Relic"],"build_version":"2020-12-18","purchased_purges":5,"victory":true,"max_hp_per_floor":[60,60,60,60,60,61,61,62,62,62,63,63,63,64,64,69,69,69,69,69,69,69,69,70,70,70,70,70,71,71,71,71,82,82,86,86,88,90,94,97,97,102,103,105,105,107,110,114,114,120,120,120,121,125,131],"card_choices":[{"not_picked":["The Bomb","testmod-Reverberation"],"picked":"testmod-Superconductor","floor":0.0},{"not_picked":["Escape Plan","Blur","Predator"],"picked":"SKIP","floor":1.0},{"not_picked":["Backstab","Acrobatics"],"picked":"Endless Agony","floor":3.0},{"not_picked":["Flying Knee","Deflect"],"picked":"AT_WindFlip","floor":4.0},{"not_picked":["Crippling Poison","Skewer","Escape Plan"],"picked":"SKIP","floor":5.0},{"not_picked":["Burst","Wraith Form v2","Corpse Explosion"],"picked":"SKIP","floor":6.0},{"not_picked":["Deadly Poison","Crippling Poison","AT_WindFlip"],"picked":"SKIP","floor":7.0},{"not_picked":["Grand Finale","After Image"],"picked":"AT_KingSlayer","floor":8.0},{"not_picked":["REME_GreenPollution","Choke","After Image"],"picked":"SKIP","floor":10.0},{"not_picked":["Venomology","Glass Knife"],"picked":"AT_EssenceShift","floor":11.0},{"not_picked":["Endless Agony","Dagger Throw","Quick Slash"],"picked":"SKIP","floor":12.0},{"not_picked":["Tactician","Dagger Spray","Backflip"],"picked":"SKIP","floor":13.0},{"not_picked":["REME_GrazeFinale","Bullet Time"],"picked":"Tools of the Trade","floor":14.0},{"not_picked":["Caltrops","Quick Slash","AT_FocusSwordFire"],"picked":"SKIP","floor":18.0},{"not_picked":["Deadly Poison","Acrobatics","Flechettes"],"picked":"SKIP","floor":19.0},{"not_picked":["Escape Plan+1","Prepared","Flying Knee"],"picked":"SKIP","floor":22.0},{"not_picked":["AT_WindRun","Dagger Throw","Predator"],"picked":"SKIP","floor":23.0},{"not_picked":["REME_LeechingPoison","Burst","REME_LeechingPoison"],"picked":"SKIP","floor":24.0},{"not_picked":["AT_EssenceShift","After Image","Bullet Time"],"picked":"SKIP","floor":29.0},{"not_picked":["Skewer","Caltrops","Catalyst"],"picked":"SKIP","floor":30.0},{"not_picked":["AT_WomanClash","Expertise","Poisoned Stab"],"picked":"SKIP","floor":35.0},{"not_picked":["Heel Hook","Cloak And Dagger","Terror"],"picked":"SKIP","floor":37.0},{"not_picked":["Eviscerate","Infinite Blades","PiercingWail"],"picked":"SKIP","floor":39.0},{"not_picked":["REME_ShadowForm","Malaise","Corpse Explosion"],"picked":"SKIP","floor":40.0},{"not_picked":["Phantasmal Killer","AT_EssenceShift","REME_GrazeFinale"],"picked":"SKIP","floor":42.0},{"not_picked":["Prepared","Distraction","Bane+1"],"picked":"SKIP","floor":46},{"not_picked":["Doppelganger","A Thousand Cuts","REME_ShadowForm"],"picked":"SKIP","floor":47},{"not_picked":["Quick Slash","Infinite Blades","Backflip"],"picked":"SKIP","floor":48},{"not_picked":["Storm of Steel","Bullet Time","AT_KingSlayer"],"picked":"SKIP","floor":54}],"player_experience":420625,"relics_obtained":[{"floor":6.0,"key":"Vajra"},{"floor":8.0,"key":"Orichalcum"},{"floor":9.0,"key":"Ninja Scroll"},{"floor":11.0,"key":"Bag of Preparation"},{"floor":14.0,"key":"Mummified Hand"},{"floor":24.0,"key":"AT_ImmortalShieldbow"},{"floor":26.0,"key":"Bag of Marbles"},{"floor":29.0,"key":"theSenshi:SailorFukuRelic"},{"floor":40.0,"key":"MealTicket"},{"floor":42.0,"key":"AT_ForceNature"},{"floor":47,"key":"Bronze Scales"},{"floor":54,"key":"testmod-Hope"}],"event_choices":[{"damage_healed":0.0,"max_hp_gain":0.0,"max_hp_loss":0.0,"gold_gain":0.0,"event_name":"The Woman in Blue","player_choice":"Bought 1 Potion","floor":21.0,"gold_loss":0.0,"damage_taken":0.0},{"damage_healed":0.0,"max_hp_gain":0.0,"max_hp_loss":0.0,"gold_gain":400.0,"event_name":"¶÷ÂåË¹µÄÅÌ×Ó","player_choice":"Sell","floor":25.0,"relics_lost":["REME_ComplimentaryCards"],"gold_loss":0.0,"damage_taken":0.0},{"cards_removed":["REME_GreenPollution"],"damage_healed":0.0,"max_hp_gain":0.0,"max_hp_loss":0.0,"gold_gain":0.0,"event_name":"Falling","player_choice":"Removed Power","floor":36.0,"gold_loss":0.0,"damage_taken":0.0}],"is_beta":true,"boss_relics":[{"not_picked":["Tiny House","testmod-KeyOfTheVoid"],"picked":"HoveringKite"},{"not_picked":["testmod-IncinerationGenerator","Coffee Dripper"],"picked":"AT_TrinityForce"}],"items_purged_floors":[2,20,28,44,53],"is_endless":false,"potions_floor_spawned":[4,5,8,10,12,13,14,19,24,29,33,39,48,54],"ascension_level":18}}