{"host":"zmr8u29ebzxwermy","time":1614397098,"event":{"mods":["BaseMod","BetterRewards","Colored Map","DeckTracker","Minty Spire (QoL Compilation)","Quick Restart","Replay The Spire","Shop Mod","StSLib","SuperFastMode","everything is the same but u backflip on backflip"],"gold_per_floor":[106,117,131,143,158,158,190,190,237,248,263,263,294,312,312,384,384,399,399,399,2,15,15,50,65,92,117,117,117,137,52,52,126,126,138,151,0,0,0,0,32,32,32,63,63,76,76,86,86,86,86,86,86,86,119,119,119],"floor_reached":56,"language":"KOR","playtime":2036,"items_purged":["Hallucinations","Decay"],"score":2714,"play_id":"4f699c21-95c9-467e-882a-21ab00136a46","local_time":"20210227123818","is_ascension_mode":true,"campfire_choices":[{"data":"Genetic Algorithm","floor":6.0,"key":"SMITH"},{"data":"Zap","floor":8.0,"key":"SMITH"},{"floor":12.0,"key":"REST"},{"data":"Meteor Strike","floor":15.0,"key":"SMITH"},{"floor":23.0,"key":"REST"},{"floor":29.0,"key":"REST"},{"floor":32.0,"key":"REST"},{"data":"Meteor Strike","floor":40.0,"key":"SMITH"},{"data":"Coolheaded","floor":42.0,"key":"SMITH"},{"floor":49.0,"key":"RECALL"},{"data":"Defend_B","floor":53.0,"key":"SMITH"}],"circlet_count":0,"master_deck":["AscendersBane","Strike_B","Defend_B+1","Zap+1","FTL+1","Meteor Strike+1","Coolheaded+1","Genetic Algorithm+1","Injury","Electrodynamics+1","Seek+1","Meteor Strike+1","Seek+1"],"relics":["Cracked Core","Garlic","Potion Belt","White Beast Statue","Kintsugi","Necronomicon","Replay:Baseball","Runic Capacitor","Ancient Tea Set","Pet Ghost","Kunai","Replay:Bottled Snecko","Toxic Egg 2","Sozu","ReplayFunnel","MerchantsRug","Bottled Lightning","MealTicket","Art of War"],"acts_visited":["Exordium","TheCity","TheBeyond","TheEnding"],"potions_floor_usage":[],"damage_taken":[{"damage":2.0,"enemies":"Jaw Worm","floor":1.0,"turns":3.0},{"damage":0.0,"enemies":"2 Louse","floor":2.0,"turns":1.0},{"damage":1.0,"enemies":"Small Slimes","floor":3.0,"turns":2.0},{"damage":0.0,"enemies":"3 Louse","floor":4.0,"turns":2.0},{"damage":8.0,"enemies":"Blue Slaver","floor":5.0,"turns":2.0},{"damage":6.0,"enemies":"Gremlin Nob","floor":7.0,"turns":3.0},{"damage":0.0,"enemies":"2 Fungi Beasts","floor":10.0,"turns":2.0},{"damage":0.0,"enemies":"3 Louse","floor":11.0,"turns":3.0},{"damage":0.0,"enemies":"3 Sentries","floor":13.0,"turns":6.0},{"damage":2.0,"enemies":"Red Slaver","floor":14.0,"turns":3.0},{"damage":78.0,"enemies":"Fading Forest","floor":16.0,"turns":13.0},{"damage":0.0,"enemies":"Spheric Guardian","floor":18.0,"turns":3.0},{"damage":15.0,"enemies":"2 Thieves","floor":22.0,"turns":4.0},{"damage":29.0,"enemies":"Gremlin Leader","floor":24.0,"turns":6.0},{"damage":0.0,"enemies":"Shelled Parasite and Fungi","floor":25.0,"turns":5.0},{"damage":2.0,"enemies":"Slavers","floor":27.0,"turns":6.0},{"damage":3.0,"enemies":"Snake Plant","floor":30.0,"turns":3.0},{"damage":10.0,"enemies":"Champ","floor":33.0,"turns":11.0},{"damage":0.0,"enemies":"Orb Walker","floor":35.0,"turns":2.0},{"damage":0.0,"enemies":"3 Darklings","floor":36.0,"turns":6.0},{"damage":0.0,"enemies":"R_Hoarder","floor":41.0,"turns":8.0},{"damage":0.0,"enemies":"Giant Head","floor":44.0,"turns":5.0},{"damage":0.0,"enemies":"Transient","floor":46.0,"turns":6.0},{"damage":0.0,"enemies":"Writhing Mass","floor":48.0,"turns":2.0},{"damage":0.0,"enemies":"Awakened One","floor":50.0,"turns":9.0},{"damage":0.0,"enemies":"Time Eater","floor":51.0,"turns":6.0},{"damage":1,"enemies":"Shield and Spear","floor":55,"turns":5},{"damage":72,"enemies":"The Heart","floor":56,"turns":8}],"seed_played":"6878305867626346062","potions_obtained":[{"floor":4.0,"key":"Energy Potion"},{"floor":10.0,"key":"Adrenaline Potion"},{"floor":14.0,"key":"LiquidBronze"},{"floor":16.0,"key":"SpeedPotion"},{"floor":18.0,"key":"LiquidBronze"},{"floor":22.0,"key":"Explosive Potion"},{"floor":24.0,"key":"SkillPotion"},{"floor":25.0,"key":"Fire Potion"},{"floor":27.0,"key":"Energy Potion"}],"is_trial":false,"path_per_floor":["M","M","M","M","M","R","E","R","T","M","M","R","E","M","R","B",null,"M","?","?","$","M","R","E","M","T","E","?","R","M","?","R","B",null,"M","M","$","?","?","R","E","R","T","E","$","M","$","M","R","B","B",null,"R","$","E","B"],"character_chosen":"DEFECT","items_purchased":["Garlic","FTL+1","Meteor Strike","Replay:Bottled Snecko","Replay:Baseball","Runic Capacitor","MerchantsRug","Meteor Strike"],"campfire_rested":4,"item_purchase_floors":[0,0,0,0,21,21,37,37],"current_hp_per_floor":[62,62,61,61,53,53,47,47,47,47,47,68,68,66,66,20,58,58,58,37,37,22,43,14,14,14,12,12,33,30,30,51,41,64,64,64,64,64,64,64,64,64,64,64,71,71,71,71,71,71,71,71,71,71,70,0,0],"gold":119,"neow_bonus":"","is_daily":false,"chose_seed":false,"campfire_upgraded":6,"win_rate":0.0,"timestamp":1614397098,"path_taken":["M","M","M","M","M","R","E","R","T","M","M","R","E","M","R","BOSS","M","?","?","$","?","R","E","M","T","E","?","R","M","?","R","BOSS","M","M","$","?","?","R","E","R","T","E","$","M","$","?","R","BOSS","BOSS","R","$","E","BOSS"],"items_purchased_type":["Relic","Card","Card","Relic","Relic","Relic","Relic","Card"],"build_version":"2020-12-22","purchased_purges":2,"victory":false,"max_hp_per_floor":[71,71,71,71,71,71,71,71,71,71,71,71,71,71,71,71,71,71,71,71,71,71,71,71,71,71,71,71,71,71,71,71,71,71,71,71,71,71,71,71,71,71,71,71,71,71,71,71,71,71,71,71,71,71,71,71,71],"card_choices":[{"not_picked":["Gash","Sweeping Beam"],"picked":"Ball Lightning","floor":1.0},{"not_picked":["Conserve Battery","Panic Button"],"picked":"Coolheaded","floor":4.0},{"not_picked":["Machine Learning","Leap"],"picked":"Genetic Algorithm","floor":5.0},{"not_picked":["Consume","ReplaySolidLightProjector","Crystallizer"],"picked":"SKIP","floor":24.0},{"not_picked":["Biased Cognition","Compile Driver"],"picked":"Electrodynamics","floor":27.0},{"not_picked":["ReplayTheSpireMod:Omega Cannon","Machine Learning"],"picked":"Seek+1","floor":33.0},{"not_picked":["Capacitor","Stack+1","Hello World"],"picked":"SKIP","floor":41.0},{"not_picked":["Hologram+1","Fusion+1"],"picked":"Seek+1","floor":44.0}],"player_experience":416013,"relics_obtained":[{"floor":7.0,"key":"ReplayFunnel"},{"floor":9.0,"key":"Potion Belt"},{"floor":13.0,"key":"White Beast Statue"},{"floor":20.0,"key":"Necronomicon"},{"floor":24.0,"key":"Ancient Tea Set"},{"floor":26.0,"key":"Pet Ghost"},{"floor":27.0,"key":"Kunai"},{"floor":41.0,"key":"Bottled Lightning"},{"floor":44.0,"key":"MealTicket"},{"floor":55,"key":"Art of War"}],"event_choices":[{"damage_healed":0.0,"max_hp_gain":0.0,"max_hp_loss":0.0,"gold_gain":0.0,"event_name":"Forgotten Altar","player_choice":"Smashed Altar","floor":19.0,"gold_loss":0.0,"damage_taken":0.0,"cards_obtained":["Decay"]},{"damage_healed":0.0,"max_hp_gain":0.0,"max_hp_loss":0.0,"gold_gain":0.0,"event_name":"Cursed Tome","player_choice":"Obtained Book","floor":20.0,"gold_loss":0.0,"damage_taken":21.0},{"damage_healed":0.0,"max_hp_gain":0.0,"max_hp_loss":0.0,"gold_gain":0.0,"event_name":"The Mausoleum","player_choice":"Ignored","floor":28.0,"gold_loss":0.0,"damage_taken":0.0},{"damage_healed":0.0,"max_hp_gain":0.0,"max_hp_loss":0.0,"gold_gain":0.0,"event_name":"Addict","player_choice":"Obtained Relic","floor":31.0,"gold_loss":85.0,"damage_taken":0.0,"relics_obtained":["Toxic Egg 2"]},{"cards_removed":["Defend_B"],"damage_healed":0.0,"max_hp_gain":0.0,"max_hp_loss":0.0,"gold_gain":0.0,"event_name":"Falling","player_choice":"Removed Skill","floor":38.0,"gold_loss":0.0,"damage_taken":0.0},{"damage_healed":0.0,"max_hp_gain":0.0,"max_hp_loss":0.0,"gold_gain":0.0,"event_name":"Upgrade Shrine","player_choice":"Upgraded","floor":39.0,"gold_loss":0.0,"damage_taken":0.0,"cards_upgraded":["Electrodynamics"]}],"is_beta":false,"boss_relics":[{"not_picked":["Snecko Eye","Abe\u0027s Treasure"],"picked":"Kintsugi"},{"not_picked":["Coffee Dripper","Black Star"],"picked":"Sozu"}],"items_purged_floors":[21,37],"is_endless":false,"potions_floor_spawned":[4,10,14,16,18,22,24,25,27,30,33,35,36,41,44,46,48,55],"killed_by":"The Heart","ascension_level":20}}