{"host":"9gxprskaw0c5jpbt","time":1614458587,"event":{"mods":["AchievementEnabler","BaseMod","Colored Map","Highlight Path","KOR Keyword Fix","Keyboard Shortcuts","Minty Spire (QoL Compilation)","Rare Cards Sparkle","StSLib","SuperFastMode","everything is the same but u backflip on backflip"],"gold_per_floor":[117,87,58,58,72,72,102,102,102,102,102,102],"floor_reached":11,"language":"KOR","playtime":276,"items_purged":[],"score":138,"play_id":"04e4a610-7efe-4ffa-bf01-757a1086ebbe","local_time":"20210228054307","is_ascension_mode":true,"campfire_choices":[{"data":"Pommel Strike","floor":6,"key":"SMITH"},{"floor":8,"key":"REST"},{"data":"Bash","floor":10,"key":"SMITH"}],"circlet_count":0,"master_deck":["AscendersBane","Strike_R","Strike_R","Strike_R","Defend_R","Defend_R","Defend_R","Bash+1","Pommel Strike+1","Flex","Burning Pact","Spot Weakness"],"relics":["Burning Blood","MealTicket","Shuriken"],"acts_visited":["Exordium"],"potions_floor_usage":[7,7],"damage_taken":[{"damage":18.0,"enemies":"Small Slimes","floor":1.0,"turns":4.0},{"damage":1.0,"enemies":"Cultist","floor":5.0,"turns":3.0},{"damage":25,"enemies":"Lagavulin","floor":7,"turns":6},{"damage":11,"enemies":"Gremlin Nob","floor":11,"turns":3}],"seed_played":"-7072511746845277593","potions_obtained":[{"floor":2.0,"key":"LiquidMemories"},{"floor":2.0,"key":"Energy Potion"},{"floor":5,"key":"Weak Potion"}],"is_trial":false,"path_per_floor":["M","?","$","?","M","R","E","R","T","R","E"],"character_chosen":"IRONCLAD","items_purchased":["Flex"],"campfire_rested":1,"item_purchase_floors":[3],"current_hp_per_floor":[38,38,38,31,36,36,17,39,39,39,28,28],"gold":102,"neow_bonus":"REMOVE_TWO","is_daily":false,"chose_seed":false,"campfire_upgraded":2,"win_rate":0.0,"timestamp":1614458587,"path_taken":["M","?","?","?","M","R","E","R","T","R","E"],"items_purchased_type":["Card"],"build_version":"2020-12-22","purchased_purges":0,"victory":false,"max_hp_per_floor":[75,75,75,75,75,75,75,75,75,75,75,75],"card_choices":[{"not_picked":["Havoc","True Grit"],"picked":"Pommel Strike","floor":1.0},{"not_picked":["Sword Boomerang","Inflame"],"picked":"Burning Pact","floor":5},{"not_picked":["Feed","Havoc"],"picked":"Spot Weakness","floor":7}],"player_experience":1008207,"relics_obtained":[{"floor":7,"key":"MealTicket"},{"floor":9,"key":"Shuriken"}],"event_choices":[{"damage_healed":0.0,"max_hp_gain":0.0,"max_hp_loss":0.0,"gold_gain":0.0,"event_name":"The Woman in Blue","player_choice":"Bought 2 Potions","floor":2.0,"gold_loss":0.0,"damage_taken":0.0},{"cards_removed":["Strike_R"],"damage_healed":0.0,"max_hp_gain":0.0,"max_hp_loss":0.0,"gold_gain":0.0,"event_name":"Golden Wing","player_choice":"Card Removal","floor":4.0,"gold_loss":0.0,"damage_taken":7.0}],"is_beta":false,"boss_relics":[],"items_purged_floors":[],"is_endless":false,"potions_floor_spawned":[5],"killed_by":"Gremlin Nob","ascension_level":20}}