{"host":"tg75n96cfgtlqktk","time":1614461660,"event":{"mods":["BaseMod","Colored Map","Minty Spire (QoL Compilation)","StSLib"],"gold_per_floor":[110,110,110,127,127,127,160,179,179,193,193,193,213,238,238,338,338,351,122,122,37,55,55,81,81,81,107,107,107,107],"floor_reached":29,"language":"ENG","playtime":3406,"items_purged":["Defend_G"],"score":382,"play_id":"56bf14f0-d8a7-438a-b3d2-29f22c616019","local_time":"20210227143420","is_ascension_mode":true,"campfire_choices":[{"data":"Burst","floor":6,"key":"SMITH"},{"data":"Underhanded Strike","floor":11,"key":"SMITH"},{"data":"Bullet Time","floor":15,"key":"SMITH"},{"data":"Strike_G","floor":23,"key":"PURGE"},{"data":"Strike_G","floor":25,"key":"PURGE"}],"circlet_count":0,"master_deck":["Strike_G","Defend_G","Survivor","Neutralize","Blur","Burst+1","Deflect","Blur","Acrobatics","Underhanded Strike+1","Bullet Time+1","Noxious Fumes","Night Terror","PiercingWail+1","Wraith Form v2+1","Outmaneuver+1","Acrobatics","Eviscerate","Footwork","Caltrops","Calculated Gamble+1","Underhanded Strike","Predator+1"],"relics":["Ring of the Snake","NeowsBlessing","Peace Pipe","Mummified Hand","Happy Flower","Astrolabe","Tiny Chest","Strawberry","HornCleat","Letter Opener","Paper Crane"],"acts_visited":["Exordium","TheCity"],"potions_floor_usage":[13,14,16,16,22,22,27],"damage_taken":[{"damage":0,"enemies":"Jaw Worm","floor":1,"turns":1},{"damage":0,"enemies":"Small Slimes","floor":4,"turns":1},{"damage":0,"enemies":"Gremlin Nob","floor":7,"turns":1},{"damage":0,"enemies":"2 Louse","floor":8,"turns":7},{"damage":5,"enemies":"Blue Slaver","floor":10,"turns":8},{"damage":1,"enemies":"2 Fungi Beasts","floor":13,"turns":4},{"damage":2,"enemies":"3 Sentries","floor":14,"turns":14},{"damage":7,"enemies":"The Guardian","floor":16,"turns":14},{"damage":0,"enemies":"Shell Parasite","floor":18,"turns":8},{"damage":2,"enemies":"2 Thieves","floor":22,"turns":4},{"damage":20,"enemies":"Book of Stabbing","floor":24,"turns":5},{"damage":39,"enemies":"Gremlin Leader","floor":27,"turns":7},{"damage":13,"enemies":"Snake Plant","floor":29,"turns":3}],"seed_played":"-9162244649634962720","potions_obtained":[{"floor":1,"key":"LiquidBronze"},{"floor":7,"key":"Fire Potion"},{"floor":10,"key":"Fire Potion"},{"floor":13,"key":"EntropicBrew"},{"floor":18,"key":"GamblersBrew"}],"is_trial":false,"path_per_floor":["M","?","?","M","?","R","E","M","T","M","R","?","M","E","R","B",null,"M","$","?","?","M","R","E","R","T","E","T","M"],"character_chosen":"THE_SILENT","items_purchased":["Eviscerate","Footwork"],"campfire_rested":0,"item_purchase_floors":[19,19],"current_hp_per_floor":[63,63,56,56,61,61,61,61,61,56,56,49,48,46,46,39,66,66,66,66,66,64,64,51,51,51,12,12,0,0],"gold":107,"neow_bonus":"THREE_ENEMY_KILL","is_daily":false,"chose_seed":false,"campfire_upgraded":3,"win_rate":0.0,"timestamp":1614461660,"path_taken":["M","?","?","M","?","R","E","M","T","?","R","?","M","E","R","BOSS","M","$","?","?","M","R","E","R","T","E","?","M"],"items_purchased_type":["Card","Card"],"build_version":"2020-12-22","purchased_purges":1,"victory":false,"max_hp_per_floor":[70,70,70,70,75,75,75,75,75,75,75,75,75,75,75,75,75,75,75,75,75,75,75,82,82,82,82,82,82,82],"card_choices":[{"not_picked":["Dodge and Roll","Escape Plan"],"picked":"Blur","floor":1},{"not_picked":["Infinite Blades","Bane"],"picked":"Deflect","floor":4},{"not_picked":["Concentrate","Prepared"],"picked":"Blur","floor":7},{"not_picked":["Outmaneuver","Dodge and Roll"],"picked":"Acrobatics","floor":8},{"not_picked":["Prepared","Backflip"],"picked":"Underhanded Strike","floor":10},{"not_picked":["Finisher","Cloak And Dagger"],"picked":"Bullet Time","floor":13},{"not_picked":["Blur","Blade Dance"],"picked":"Noxious Fumes","floor":14},{"not_picked":["Glass Knife","Doppelganger"],"picked":"Night Terror","floor":16},{"not_picked":["Poisoned Stab","Sucker Punch+1"],"picked":"Acrobatics","floor":18},{"not_picked":["Sucker Punch","Backflip"],"picked":"Calculated Gamble+1","floor":22},{"not_picked":["Sucker Punch","Caltrops"],"picked":"Underhanded Strike","floor":24},{"not_picked":["Sucker Punch","PiercingWail"],"picked":"Predator+1","floor":27}],"player_experience":2843313,"relics_obtained":[{"floor":7,"key":"Peace Pipe"},{"floor":14,"key":"Happy Flower"},{"floor":24,"key":"Strawberry"},{"floor":26,"key":"HornCleat"},{"floor":27,"key":"Letter Opener"},{"floor":28,"key":"Paper Crane"}],"event_choices":[{"damage_healed":0,"gold_gain":0,"cards_transformed":["Strike_G"],"player_choice":"Change","damage_taken":0,"max_hp_gain":0,"max_hp_loss":0,"event_name":"Living Wall","floor":2,"gold_loss":0,"cards_obtained":["Burst"]},{"cards_removed":["Strike_G"],"damage_healed":0,"gold_gain":0,"player_choice":"Card Removal","damage_taken":7,"max_hp_gain":0,"max_hp_loss":0,"event_name":"Golden Wing","floor":3,"gold_loss":0},{"damage_healed":0,"gold_gain":0,"player_choice":"Donut","damage_taken":0,"max_hp_gain":5,"max_hp_loss":0,"event_name":"Big Fish","floor":5,"gold_loss":0},{"damage_healed":0,"gold_gain":0,"player_choice":"Success","damage_taken":7,"relics_obtained":["Mummified Hand"],"max_hp_gain":0,"max_hp_loss":0,"event_name":"Scrap Ooze","floor":12,"gold_loss":0},{"damage_healed":0,"gold_gain":0,"player_choice":"Read","damage_taken":0,"max_hp_gain":0,"max_hp_loss":0,"event_name":"The Library","floor":20,"gold_loss":0,"cards_obtained":["Caltrops"]},{"damage_healed":0,"gold_gain":0,"player_choice":"Obtained Relic","damage_taken":0,"relics_obtained":["Tiny Chest"],"max_hp_gain":0,"max_hp_loss":0,"event_name":"Addict","floor":21,"gold_loss":85}],"is_beta":false,"boss_relics":[{"not_picked":["Busted Crown","Coffee Dripper"],"picked":"Astrolabe"}],"items_purged_floors":[19],"is_endless":false,"potions_floor_spawned":[1,7,10,13,18],"killed_by":"Snake Plant","ascension_level":6}}