{"host":"owox7x4ngjt9htcc","time":1614429764,"event":{"mods":["BaseMod","Colored Map","DeckTracker","Keyboard Shortcuts","Minty Spire (QoL Compilation)","SuperFastMode"],"gold_per_floor":[144,189,189,33,78,168,168,168,193,283,301,355,69,78,78,396,396,450,495,549,464,518,518,223,223,232,322,421,511,22,76,76,394,394,448,502,35,69,123,222,276,0,9,63,117,216,225,279,279,288],"floor_reached":51,"language":"KOR","playtime":1071,"items_purged":["Strike_B"],"score":1105,"play_id":"535b7cc7-585e-4938-9698-8a1c67cc0014","local_time":"20210227214244","daily_mods":["Cursed Run","Diverse","Midas"],"is_ascension_mode":false,"campfire_choices":[{"floor":8,"key":"REST"},{"floor":15,"key":"REST"},{"floor":23,"key":"REST"},{"floor":25,"key":"REST"},{"floor":32,"key":"REST"},{"data":"1","floor":49,"key":"LIFT"}],"circlet_count":0,"master_deck":["Defend_B","Defend_B","Defend_B","Defend_B","Zap","Dualcast","Infernal Blade","PathToVictory+1","Conclude","Deflect","Wallop","Writhe","Battle Trance","Dark Shackles","Blood for Blood","Sweeping Beam","Injury","Injury","Bullet Time","Aggregate","Bite","Bite","Bite","Bite","Bite","DeceiveReality","Wallop","Flying Knee","Regret","Ball Lightning","Twin Strike","Normality","Feed","Cleave+1","Stack+1","Apotheosis","Parasite","Dash+1","Perseverance+1","Dash+1","Writhe","Darkness+1","PathToVictory+1","Dodge and Roll+1","Dodge and Roll+1","Feel No Pain","Injury"],"relics":["Cursed Key","Darkstone Periapt","Du-Vu Doll","Matryoshka","CeramicFish","Ancient Tea Set","Pantograph","Tiny Chest","StrikeDummy","Velvet Choker","Sundial","HornCleat","Cables","Lizard Tail","Potion Belt","Anchor","Toy Ornithopter","Sling","Black Star","Ice Cream","Centennial Puzzle","TungstenRod","Gambling Chip","Red Mask","Symbiotic Virus","Girya","Bottled Lightning"],"acts_visited":["Exordium","TheCity","TheBeyond"],"potions_floor_usage":[10,50,50,50,50,50],"damage_taken":[{"damage":0,"enemies":"Small Slimes","floor":1,"turns":4},{"damage":1,"enemies":"Cultist","floor":2,"turns":3},{"damage":0,"enemies":"2 Louse","floor":5,"turns":1},{"damage":17,"enemies":"3 Sentries","floor":6,"turns":7},{"damage":16,"enemies":"Gremlin Nob","floor":10,"turns":4},{"damage":0,"enemies":"Large Slime","floor":12,"turns":4},{"damage":55,"enemies":"The Guardian","floor":16,"turns":9},{"damage":4,"enemies":"Spheric Guardian","floor":18,"turns":4},{"damage":25,"enemies":"Shell Parasite","floor":20,"turns":4},{"damage":10,"enemies":"Centurion and Healer","floor":22,"turns":6},{"damage":32,"enemies":"Book of Stabbing","floor":27,"turns":6},{"damage":22,"enemies":"Gremlin Leader","floor":29,"turns":6},{"damage":3,"enemies":"3 Cultists","floor":31,"turns":3},{"damage":79,"enemies":"Collector","floor":33,"turns":10},{"damage":23,"enemies":"3 Darklings","floor":35,"turns":6},{"damage":0,"enemies":"3 Shapes","floor":36,"turns":4},{"damage":1,"enemies":"3 Darklings","floor":39,"turns":4},{"damage":10,"enemies":"Reptomancer","floor":40,"turns":5},{"damage":15,"enemies":"Sphere and 2 Shapes","floor":41,"turns":5},{"damage":21,"enemies":"Transient","floor":44,"turns":5},{"damage":6,"enemies":"Spire Growth","floor":45,"turns":4},{"damage":9,"enemies":"Nemesis","floor":46,"turns":5},{"damage":1,"enemies":"Sphere and 2 Shapes","floor":48,"turns":4},{"damage":0,"enemies":"Awakened One","floor":50,"turns":10}],"seed_played":"-2463471341485849212","potions_obtained":[{"floor":1,"key":"BlessingOfTheForge"},{"floor":6,"key":"Swift Potion"},{"floor":10,"key":"Dexterity Potion"},{"floor":20,"key":"Ancient Potion"},{"floor":27,"key":"CultistPotion"},{"floor":29,"key":"SpeedPotion"},{"floor":33,"key":"Dexterity Potion"},{"floor":39,"key":"EssenceOfDarkness"},{"floor":41,"key":"Energy Potion"},{"floor":46,"key":"EssenceOfSteel"}],"is_trial":false,"path_per_floor":["M","M","?","$","M","E","?","R","T","E","?","M","$","T","R","B",null,"M","?","M","?","M","R","$","R","T","E","?","E","$","M","R","B",null,"M","M","$","T","M","E","M","?","T","M","M","E","?","M","R","B",null],"character_chosen":"DEFECT","items_purchased":["Conclude","Pantograph","Sweeping Beam","HornCleat","Flying Knee","Anchor","Toy Ornithopter","Sling","Ball Lightning","Apotheosis","Ice Cream"],"campfire_rested":5,"item_purchase_floors":[4,13,13,24,24,30,30,30,30,37,37],"current_hp_per_floor":[75,74,74,74,74,57,42,64,70,56,56,58,58,64,87,38,93,89,89,70,70,74,93,93,93,99,75,75,65,65,68,97,33,105,84,88,88,94,106,102,93,93,99,88,94,91,91,99,99,131],"gold":288,"neow_bonus":"","is_daily":true,"chose_seed":false,"campfire_upgraded":0,"win_rate":0.0,"timestamp":1614429764,"path_taken":["M","M","?","$","M","E","?","R","T","E","?","?","$","?","R","BOSS","M","?","M","?","M","R","$","R","T","E","?","E","$","M","R","BOSS","M","M","$","?","M","E","M","?","T","M","M","E","?","?","R","BOSS"],"items_purchased_type":["Card","Relic","Card","Relic","Card","Relic","Relic","Relic","Card","Card","Relic"],"build_version":"2020-12-22","purchased_purges":1,"victory":true,"max_hp_per_floor":[75,75,75,75,75,75,75,75,81,81,81,81,81,87,87,93,93,93,93,93,93,93,93,93,93,99,99,99,99,99,99,99,105,105,105,105,105,111,115,115,115,115,121,121,121,121,121,121,121,131],"card_choices":[{"not_picked":["Slice","Catalyst"],"picked":"Infernal Blade","floor":1},{"not_picked":["Glacier","Poisoned Stab"],"picked":"PathToVictory","floor":2},{"not_picked":["Meditate","Dual Wield"],"picked":"Deflect","floor":5},{"not_picked":["CutThroughFate","Conclude"],"picked":"Wallop","floor":6},{"not_picked":["Storm","Hemokinesis","Force Field"],"picked":"SKIP","floor":10},{"not_picked":["Venomology","Havoc"],"picked":"Blood for Blood","floor":12},{"not_picked":["Juggernaut","Fission"],"picked":"Bullet Time","floor":16},{"not_picked":["Study","CarveReality"],"picked":"Aggregate","floor":18},{"not_picked":["Melter","DeceiveReality","Headbutt"],"picked":"SKIP","floor":20},{"not_picked":["Melter","Headbutt"],"picked":"DeceiveReality","floor":20},{"not_picked":["BowlingBash","Bloodletting"],"picked":"Wallop","floor":22},{"not_picked":["Steam Power+1","Flying Knee","Heavy Blade"],"picked":"SKIP","floor":27},{"not_picked":["Double Energy+1","Perfected Strike","Slice+1"],"picked":"SKIP","floor":29},{"not_picked":["Distraction","FlurryOfBlows"],"picked":"Twin Strike","floor":31},{"not_picked":["Biased Cognition","Bullet Time"],"picked":"Feed","floor":33},{"not_picked":["Flying Knee","Whirlwind+1"],"picked":"Cleave+1","floor":35},{"not_picked":["Cold Snap+1","Fasting2+1"],"picked":"Stack+1","floor":36},{"not_picked":["Cloak And Dagger+1","Rip and Tear"],"picked":"Dash+1","floor":39},{"not_picked":["Headbutt","Wraith Form v2"],"picked":"Perseverance+1","floor":40},{"not_picked":["ThirdEye","Twin Strike"],"picked":"Dash+1","floor":41},{"not_picked":["Dash+1","Darkness+1","Fire Breathing+1"],"picked":"SKIP","floor":44},{"not_picked":["Dash+1","Fire Breathing+1"],"picked":"Darkness+1","floor":44},{"not_picked":["Reprogram+1","EmptyBody+1"],"picked":"PathToVictory+1","floor":45},{"not_picked":["Wild Strike+1","Meditate"],"picked":"Dodge and Roll+1","floor":46},{"not_picked":["ClearTheMind","Gash"],"picked":"Feel No Pain","floor":48}],"player_experience":951370,"relics_obtained":[{"floor":6,"key":"Matryoshka"},{"floor":9,"key":"Blood Vial"},{"floor":9,"key":"CeramicFish"},{"floor":10,"key":"Ancient Tea Set"},{"floor":14,"key":"Tiny Chest"},{"floor":14,"key":"StrikeDummy"},{"floor":26,"key":"Cables"},{"floor":27,"key":"Lizard Tail"},{"floor":29,"key":"Potion Belt"},{"floor":38,"key":"Centennial Puzzle"},{"floor":40,"key":"TungstenRod"},{"floor":40,"key":"Gambling Chip"},{"floor":43,"key":"Symbiotic Virus"},{"floor":46,"key":"Girya"},{"floor":46,"key":"Bottled Lightning"}],"event_choices":[{"damage_healed":0,"gold_gain":0,"player_choice":"Grow","damage_taken":0,"max_hp_gain":0,"max_hp_loss":0,"event_name":"Living Wall","floor":3,"gold_loss":0,"cards_upgraded":["PathToVictory"]},{"damage_healed":0,"gold_gain":0,"player_choice":"Entered Light","damage_taken":15,"max_hp_gain":0,"max_hp_loss":0,"event_name":"Shining Light","floor":7,"gold_loss":0,"cards_upgraded":["Strike_B","Strike_B"]},{"damage_healed":0,"gold_gain":0,"player_choice":"2 cards matched","damage_taken":0,"max_hp_gain":0,"max_hp_loss":0,"event_name":"Match and Keep!","floor":11,"gold_loss":0,"cards_obtained":["Battle Trance","Dark Shackles"]},{"damage_healed":0,"gold_gain":0,"player_choice":"Became a vampire (Vial)","damage_taken":0,"max_hp_gain":0,"max_hp_loss":0,"event_name":"Vampires","floor":19,"relics_lost":["Blood Vial"],"gold_loss":0,"cards_obtained":["Bite","Bite","Bite","Bite","Bite"]},{"damage_healed":0,"gold_gain":0,"player_choice":"Obtained Relic","damage_taken":0,"relics_obtained":["Sundial"],"max_hp_gain":0,"max_hp_loss":0,"event_name":"Addict","floor":21,"gold_loss":85},{"damage_healed":0,"gold_gain":99,"player_choice":"Stole From Cult","damage_taken":0,"max_hp_gain":0,"max_hp_loss":0,"event_name":"Nest","floor":28,"gold_loss":0},{"damage_healed":0,"gold_gain":0,"player_choice":"Paid","damage_taken":0,"relics_obtained":["Red Mask"],"max_hp_gain":0,"max_hp_loss":0,"event_name":"Tomb of Lord Red Mask","floor":42,"gold_loss":276},{"damage_healed":0,"gold_gain":0,"player_choice":"Copied","damage_taken":0,"max_hp_gain":0,"max_hp_loss":0,"event_name":"Duplicator","floor":47,"gold_loss":0,"cards_obtained":["Dodge and Roll"]}],"is_beta":false,"boss_relics":[{"not_picked":["Coffee Dripper","Runic Dome"],"picked":"Velvet Choker"},{"not_picked":["Runic Pyramid","Busted Crown"],"picked":"Black Star"}],"items_purged_floors":[4],"is_endless":false,"potions_floor_spawned":[1,6,10,20,27,29,33,39,41,44,46,48],"ascension_level":0}}