{"host":"8is2j71l4wmybkoi","time":1614438367,"event":{"mods":["AchievementEnabler","BaseMod","Colored Map","DeckTracker","Minty Spire (QoL Compilation)","Rare Cards Sparkle","Relic Stats","StSLib","SuperFastMode"],"gold_per_floor":[365,365,365,125,145,145,156,171,171,2,2,30,53,3,3,81,81,101,127,127,107,107,107,136,154,154,0,16,27,27,38,38,111,111,127,127,146,160,177,177,202,202,202,236,261,261,261,278,278,278,278],"floor_reached":50,"language":"KOR","playtime":1872,"items_purged":["Strike_G","Strike_G","Defend_G"],"score":907,"play_id":"b4d9ba94-7fa5-435d-bfc7-5af4e96a2a16","local_time":"20210228000607","is_ascension_mode":true,"campfire_choices":[{"data":"Neutralize","floor":6.0,"key":"SMITH"},{"data":"Tactician","floor":11.0,"key":"SMITH"},{"data":"Blade Dance","floor":15.0,"key":"SMITH"},{"data":"Calculated Gamble","floor":23.0,"key":"SMITH"},{"floor":32,"key":"REST"},{"data":"Prepared","floor":40,"key":"SMITH"},{"floor":42,"key":"REST"},{"floor":46,"key":"RECALL"},{"data":"Acrobatics","floor":49,"key":"SMITH"}],"circlet_count":0,"master_deck":["AscendersBane","Strike_G+1","Defend_G","Survivor","Neutralize+1","Noxious Fumes+1","Blade Dance+1","Eviscerate","Finisher","Accuracy","Tactician+1","Unload+1","Die Die Die","Calculated Gamble+1","Backflip","Crippling Poison+1","Acrobatics+1","Tactician+1","Acrobatics","Acrobatics+1","Prepared+1","Underhanded Strike+1","Unload+1","Flechettes+1","Terror+1","Blur","Dodge and Roll+1"],"relics":["Ring of the Snake","Membership Card","Centennial Puzzle","Torii","Mercury Hourglass","Juzu Bracelet","WristBlade","Red Mask","Oddly Smooth Stone","Whetstone","HornCleat","DollysMirror","Astrolabe","Boot","MealTicket","TungstenRod"],"acts_visited":["Exordium","TheCity","TheBeyond"],"potions_floor_usage":[25,29,35,50,50],"damage_taken":[{"damage":0.0,"enemies":"Small Slimes","floor":1.0,"turns":6.0},{"damage":0.0,"enemies":"Cultist","floor":5.0,"turns":4.0},{"damage":4.0,"enemies":"Jaw Worm","floor":7.0,"turns":3.0},{"damage":4.0,"enemies":"Looter","floor":8.0,"turns":4.0},{"damage":11.0,"enemies":"3 Sentries","floor":12.0,"turns":6.0},{"damage":12.0,"enemies":"The Guardian","floor":16.0,"turns":12.0},{"damage":1.0,"enemies":"3 Byrds","floor":18.0,"turns":3.0},{"damage":7.0,"enemies":"Masked Bandits","floor":19.0,"turns":2.0},{"damage":30.0,"enemies":"Gremlin Leader","floor":24.0,"turns":5.0},{"damage":0,"enemies":"2 Thieves","floor":25,"turns":1},{"damage":1,"enemies":"Shelled Parasite and Fungi","floor":28,"turns":2},{"damage":1,"enemies":"Snake Plant","floor":29,"turns":3},{"damage":1,"enemies":"Chosen and Byrds","floor":31,"turns":2},{"damage":1,"enemies":"Collector","floor":33,"turns":5},{"damage":0,"enemies":"Orb Walker","floor":35,"turns":1},{"damage":6,"enemies":"3 Shapes","floor":37,"turns":2},{"damage":0,"enemies":"Maw","floor":38,"turns":4},{"damage":1,"enemies":"Sphere and 2 Shapes","floor":39,"turns":4},{"damage":30,"enemies":"Reptomancer","floor":41,"turns":4},{"damage":1,"enemies":"Giant Head","floor":44,"turns":5},{"damage":1,"enemies":"Mind Bloom Boss Battle","floor":45,"turns":4},{"damage":0,"enemies":"Spire Growth","floor":48,"turns":2},{"damage":37,"enemies":"Donu and Deca","floor":50,"turns":6}],"seed_played":"-1869827421160989248","potions_obtained":[{"floor":1.0,"key":"DistilledChaos"},{"floor":16.0,"key":"Regen Potion"},{"floor":19.0,"key":"Explosive Potion"},{"floor":21.0,"key":"Explosive Potion"},{"floor":24.0,"key":"SkillPotion"},{"floor":28,"key":"SpeedPotion"},{"floor":29,"key":"LiquidMemories"},{"floor":35,"key":"AttackPotion"},{"floor":39,"key":"Dexterity Potion"},{"floor":41,"key":"DistilledChaos"}],"is_trial":false,"path_per_floor":["M","?","?","$","M","R","M","M","T","$","R","E","T","$","R","B",null,"M","?","?","?","?","R","E","M","T","$","M","M","?","M","R","B",null,"M","?","M","M","M","R","E","R","T","E","?","R","?","M","R","B"],"character_chosen":"THE_SILENT","items_purchased":["Membership Card","Blade Dance","Eviscerate","Tactician","Torii","DollysMirror","Acrobatics"],"campfire_rested":2,"item_purchase_floors":[4,4,4,10,10,27,27],"current_hp_per_floor":[59,59,59,59,59,59,55,51,51,51,51,40,40,40,40,28,52,51,49,49,49,49,49,19,19,19,19,18,17,17,16,34,33,53,53,53,47,47,46,46,16,34,34,33,32,32,32,32,32,0,0],"gold":278,"neow_bonus":"TWO_FIFTY_GOLD","is_daily":false,"chose_seed":false,"campfire_upgraded":6,"win_rate":0.0,"timestamp":1614438367,"path_taken":["M","?","?","$","M","R","?","M","T","$","R","E","?","?","R","BOSS","M","?","?","?","?","R","E","M","T","?","M","M","?","M","R","BOSS","M","?","M","M","M","R","E","R","T","E","?","R","?","M","R","BOSS"],"items_purchased_type":["Relic","Card","Card","Card","Relic","Relic","Card"],"build_version":"2020-12-22","purchased_purges":3,"victory":false,"max_hp_per_floor":[60,60,60,60,60,60,60,60,60,60,60,60,60,60,60,60,60,60,60,60,60,60,60,60,60,60,60,60,60,60,60,60,60,60,60,60,60,60,60,60,60,60,60,60,60,60,60,60,60,60,60],"relic_stats":{"Centennial Puzzle":[45],"Torii":36,"counters":[23,90],"Astrolabe":["Underhanded Strike","Unload","Flechettes"],"MealTicket":0,"Juzu Bracelet":2,"Whetstone":["Strike_G","Unload"],"Boot":[0],"obtain_stats":[{"Torii":10,"Astrolabe":34,"Oddly Smooth Stone":22,"Juzu Bracelet":13,"Whetstone":24,"Boot":41,"Mercury Hourglass":12,"Centennial Puzzle":9,"HornCleat":26,"WristBlade":17,"DollysMirror":27,"MealTicket":44,"Red Mask":19,"Membership Card":4,"TungstenRod":45,"Ring of the Snake":0},{"Torii":4,"Astrolabe":14,"Oddly Smooth Stone":8,"Juzu Bracelet":5,"Whetstone":9,"Boot":19,"Mercury Hourglass":5,"Centennial Puzzle":4,"HornCleat":10,"WristBlade":6,"DollysMirror":10,"MealTicket":20,"Red Mask":8,"Membership Card":1,"TungstenRod":21,"Ring of the Snake":0},{"Torii":17,"Astrolabe":58,"Oddly Smooth Stone":40,"Juzu Bracelet":23,"Whetstone":45,"Boot":73,"Mercury Hourglass":23,"Centennial Puzzle":17,"HornCleat":46,"WristBlade":35,"DollysMirror":46,"MealTicket":78,"Red Mask":40,"Membership Card":6,"TungstenRod":82,"Ring of the Snake":0}],"TungstenRod":4,"Ring of the Snake":[46],"Mercury Hourglass":[279]},"card_choices":[{"not_picked":["Riddle With Holes","Quick Slash"],"picked":"Noxious Fumes","floor":1.0},{"not_picked":["Skewer","Slice"],"picked":"Bane","floor":5.0},{"not_picked":["Dodge and Roll","Footwork"],"picked":"Finisher","floor":7.0},{"not_picked":["Quick Slash","Choke"],"picked":"Accuracy","floor":8.0},{"not_picked":["Masterful Stab","Blade Dance"],"picked":"Unload","floor":12.0},{"not_picked":["A Thousand Cuts","Tools of the Trade"],"picked":"Die Die Die","floor":16.0},{"not_picked":["PiercingWail","Accuracy"],"picked":"Calculated Gamble","floor":18.0},{"not_picked":["Bane","Deflect"],"picked":"Backflip","floor":19.0},{"not_picked":["Poisoned Stab+1","Setup+1"],"picked":"Crippling Poison+1","floor":24.0},{"not_picked":["Setup","Quick Slash+1"],"picked":"Acrobatics","floor":25},{"not_picked":["Caltrops","Deflect","Bane"],"picked":"SKIP","floor":28},{"not_picked":["Choke","Endless Agony"],"picked":"Acrobatics+1","floor":29},{"not_picked":["Poisoned Stab","Backflip","Deadly Poison"],"picked":"SKIP","floor":31},{"not_picked":["Catalyst","Sucker Punch","Dodge and Roll"],"picked":"SKIP","floor":35},{"not_picked":["Dagger Spray","Eviscerate","Outmaneuver"],"picked":"SKIP","floor":37},{"not_picked":["Sucker Punch","Slice","Dagger Throw"],"picked":"SKIP","floor":38},{"not_picked":["Dagger Spray","Sucker Punch+1","Dodge and Roll"],"picked":"SKIP","floor":39},{"not_picked":["Endless Agony","Eviscerate+1"],"picked":"Terror+1","floor":41},{"not_picked":["Setup+1","Poisoned Stab","Quick Slash"],"picked":"SKIP","floor":44},{"not_picked":["Quick Slash","Predator"],"picked":"Blur","floor":45},{"not_picked":["Flying Knee","Backflip"],"picked":"Dodge and Roll+1","floor":48}],"player_experience":1365072,"relics_obtained":[{"floor":9.0,"key":"Centennial Puzzle"},{"floor":12.0,"key":"Mercury Hourglass"},{"floor":13.0,"key":"Juzu Bracelet"},{"floor":19.0,"key":"Red Mask"},{"floor":24.0,"key":"Whetstone"},{"floor":26,"key":"HornCleat"},{"floor":41,"key":"Boot"},{"floor":44,"key":"MealTicket"},{"floor":45,"key":"TungstenRod"}],"event_choices":[{"damage_healed":0.0,"max_hp_gain":0.0,"max_hp_loss":0.0,"gold_gain":0.0,"cards_transformed":["Strike_G"],"event_name":"Living Wall","player_choice":"Change","floor":2.0,"gold_loss":0.0,"damage_taken":0.0,"cards_obtained":["Heel Hook"]},{"damage_healed":0.0,"max_hp_gain":0.0,"max_hp_loss":0.0,"gold_gain":0.0,"event_name":"Upgrade Shrine","player_choice":"Upgraded","floor":3.0,"gold_loss":0.0,"damage_taken":0.0,"cards_upgraded":["Noxious Fumes"]},{"damage_healed":0.0,"max_hp_gain":0.0,"max_hp_loss":0.0,"gold_gain":0.0,"event_name":"Masked Bandits","player_choice":"Fought Bandits","floor":19.0,"gold_loss":0.0,"damage_taken":0.0},{"cards_removed":["Defend_G"],"damage_healed":0.0,"max_hp_gain":0.0,"max_hp_loss":0.0,"gold_gain":0.0,"event_name":"Back to Basics","player_choice":"Elegance","floor":20.0,"gold_loss":0.0,"damage_taken":0.0},{"damage_healed":0.0,"max_hp_gain":0.0,"max_hp_loss":0.0,"gold_gain":0.0,"event_name":"The Woman in Blue","player_choice":"Bought 1 Potion","floor":21.0,"gold_loss":0.0,"damage_taken":0.0},{"cards_removed":["Heel Hook"],"damage_healed":0.0,"max_hp_gain":0.0,"max_hp_loss":0.0,"gold_gain":0.0,"event_name":"WeMeetAgain","player_choice":"Gave Card","floor":22.0,"gold_loss":0.0,"damage_taken":0.0,"relics_obtained":["Oddly Smooth Stone"]},{"damage_healed":0,"gold_gain":0,"player_choice":"1 cards matched","damage_taken":0,"max_hp_gain":0,"max_hp_loss":0,"event_name":"Match and Keep!","floor":30,"gold_loss":0,"cards_obtained":["Prepared"]},{"damage_healed":0,"gold_gain":0,"player_choice":"Ignored","damage_taken":0,"max_hp_gain":0,"max_hp_loss":0,"event_name":"Mysterious Sphere","floor":36,"gold_loss":0},{"damage_healed":0,"gold_gain":0,"player_choice":"Fight","damage_taken":0,"max_hp_gain":0,"max_hp_loss":0,"event_name":"MindBloom","floor":45,"gold_loss":0},{"cards_removed":["Bane"],"damage_healed":0,"gold_gain":0,"player_choice":"Removed Attack","damage_taken":0,"max_hp_gain":0,"max_hp_loss":0,"event_name":"Falling","floor":47,"gold_loss":0}],"is_beta":false,"boss_relics":[{"not_picked":["SlaversCollar","Black Star"],"picked":"WristBlade"},{"not_picked":["Pandora\u0027s Box","Calling Bell"],"picked":"Astrolabe"}],"items_purged_floors":[4,14,27],"is_endless":false,"potions_floor_spawned":[1,16,19,24,28,29,35,39,41,45],"killed_by":"Donu and Deca","ascension_level":15}}