{"host":"or8fr2mp0k3eluj8","time":1614438456,"event":{"mods":["AchievementEnabler","BaseMod","Colored Map","DeckTracker","Keyboard Shortcuts","Minty Spire (QoL Compilation)","StSLib","SuperFastMode","everything is the same but u backflip on backflip"],"gold_per_floor":[113,113,113,127,127,171,171,211,280,294,294,312,385,403,403,527,827,843,843,858,460,503,546,546,577,628,659,659,659,659,659,659,785,785,798,423,439,348,367,408,408,449,503,503,566,600,614,614,614,614],"floor_reached":51,"language":"KOR","playtime":1247,"items_purged":[],"score":1203,"play_id":"3f17790b-9abb-480f-9eb3-e3fa9c569038","local_time":"20210228000736","is_ascension_mode":true,"campfire_choices":[{"data":"Perfected Strike","floor":7,"key":"SMITH"},{"data":"Perfected Strike","floor":11,"key":"SMITH"},{"data":"Twin Strike","floor":15,"key":"SMITH"},{"data":"Offering","floor":24,"key":"SMITH"},{"floor":29,"key":"REST"},{"data":"Berserk","floor":32,"key":"SMITH"},{"floor":41,"key":"DIG"},{"floor":44,"key":"DIG"},{"floor":49,"key":"DIG"}],"circlet_count":0,"master_deck":["Strike_R","Strike_R","Strike_R","Strike_R","Strike_R","Defend_R","Defend_R","Defend_R","Defend_R","Bash","Clash","Perfected Strike+1","Perfected Strike+1","Twin Strike+1","Cleave","Shrug It Off","Offering+1","CurseOfTheBell","Burning Pact","Pommel Strike","Pommel Strike+1","Berserk+1","Warcry+1","Reaper","Twin Strike+1","Pommel Strike","Shockwave+1","Shrug It Off+1","Twin Strike","Pommel Strike+1","Perfected Strike+1","Shockwave+1","Uppercut+1","Master of Strategy+1"],"relics":["Burning Blood","NeowsBlessing","Golden Idol","StrikeDummy","Orichalcum","Thread and Needle","Eternal Feather","Bag of Preparation","Calling Bell","Juzu Bracelet","Kunai","Old Coin","Membership Card","Omamori","Regal Pillow","Red Mask","Centennial Puzzle","Ornamental Fan","Red Skull","Pantograph","Snecko Eye","HandDrill","Toxic Egg 2","Art of War","Shovel","Blood Vial","Lantern","Oddly Smooth Stone","Happy Flower","Prayer Wheel","Shuriken","Toy Ornithopter"],"acts_visited":["Exordium","TheCity","TheBeyond"],"potions_floor_usage":[21,21,33,33,40,40,50,50],"damage_taken":[{"damage":0,"enemies":"Small Slimes","floor":1,"turns":1},{"damage":0,"enemies":"Jaw Worm","floor":4,"turns":1},{"damage":0,"enemies":"Gremlin Nob","floor":6,"turns":1},{"damage":14,"enemies":"Lagavulin","floor":8,"turns":4},{"damage":0,"enemies":"Cultist","floor":10,"turns":2},{"damage":3,"enemies":"Large Slime","floor":12,"turns":2},{"damage":10,"enemies":"Lagavulin Event","floor":13,"turns":3},{"damage":0,"enemies":"Exordium Thugs","floor":14,"turns":3},{"damage":0,"enemies":"Slime Boss","floor":16,"turns":5},{"damage":8,"enemies":"Shell Parasite","floor":18,"turns":3},{"damage":12,"enemies":"3 Byrds","floor":20,"turns":5},{"damage":6,"enemies":"Masked Bandits","floor":22,"turns":2},{"damage":50,"enemies":"Book of Stabbing","floor":23,"turns":5},{"damage":20,"enemies":"Slavers","floor":25,"turns":3},{"damage":25,"enemies":"Gremlin Leader","floor":27,"turns":5},{"damage":111,"enemies":"Collector","floor":33,"turns":9},{"damage":38,"enemies":"3 Darklings","floor":35,"turns":6},{"damage":9,"enemies":"3 Shapes","floor":37,"turns":3},{"damage":31,"enemies":"Spire Growth","floor":39,"turns":3},{"damage":23,"enemies":"Giant Head","floor":40,"turns":6},{"damage":52,"enemies":"Reptomancer","floor":42,"turns":9},{"damage":4,"enemies":"2 Orb Walkers","floor":45,"turns":2},{"damage":22,"enemies":"Nemesis","floor":46,"turns":3},{"damage":4,"enemies":"4 Shapes","floor":47,"turns":2},{"damage":48,"enemies":"Time Eater","floor":50,"turns":8}],"seed_played":"-911473016067164666","potions_obtained":[{"floor":6,"key":"CultistPotion"},{"floor":8,"key":"BloodPotion"},{"floor":10,"key":"Strength Potion"},{"floor":12,"key":"Regen Potion"},{"floor":22,"key":"Regen Potion"},{"floor":33,"key":"Fire Potion"},{"floor":39,"key":"Regen Potion"},{"floor":46,"key":"SpeedPotion"},{"floor":47,"key":"SpeedPotion"}],"is_trial":false,"path_per_floor":["M","?","T","M","$","E","R","E","T","M","R","M","?","M","R","B",null,"M","?","M","$","?","E","R","E","T","E","?","R","?","?","R","B",null,"M","$","M","?","M","E","R","E","T","R","?","E","M","?","R","B",null],"character_chosen":"IRONCLAD","items_purchased":["Membership Card","Omamori","Regal Pillow","Fruit Juice","Fruit Juice","HandDrill","Toxic Egg 2","Art of War","Pommel Strike","Shockwave+1","FairyPotion"],"campfire_rested":1,"item_purchase_floors":[21,21,21,21,21,36,36,36,36,36,36],"current_hp_per_floor":[80,60,60,66,66,72,72,64,64,70,76,79,75,80,80,80,80,78,78,72,82,82,38,50,36,36,17,17,71,53,53,65,19,76,52,52,57,57,32,62,77,40,40,58,62,48,52,52,70,73],"gold":614,"neow_bonus":"THREE_ENEMY_KILL","is_daily":false,"chose_seed":false,"campfire_upgraded":5,"win_rate":0.0,"timestamp":1614438456,"path_taken":["M","?","?","M","?","E","R","E","T","M","R","?","?","M","R","BOSS","M","?","M","$","?","E","R","E","T","E","?","R","?","?","R","BOSS","M","$","M","?","M","E","R","E","T","R","?","E","M","?","R","BOSS"],"items_purchased_type":["Relic","Relic","Relic","Potion","Potion","Relic","Relic","Relic","Card","Card","Potion"],"build_version":"2020-12-22","purchased_purges":0,"victory":true,"max_hp_per_floor":[80,80,80,80,80,80,80,80,80,80,80,80,80,80,80,80,80,80,80,80,90,90,90,90,90,90,90,90,90,95,95,95,95,95,95,95,95,95,95,95,95,95,95,95,95,95,95,95,95,95],"card_choices":[{"not_picked":["Armaments","Anger"],"picked":"Clash","floor":1},{"not_picked":["Anger","Second Wind"],"picked":"Perfected Strike","floor":4},{"not_picked":["Burning Pact","Clothesline","Thunderclap"],"picked":"SKIP","floor":6},{"not_picked":["Dropkick","Impervious"],"picked":"Perfected Strike","floor":8},{"not_picked":["Anger","Hemokinesis","Armaments"],"picked":"SKIP","floor":10},{"not_picked":["Havoc","Seeing Red"],"picked":"Twin Strike","floor":12},{"not_picked":["Headbutt","Warcry"],"picked":"Cleave","floor":13},{"not_picked":["Infernal Blade","Dual Wield"],"picked":"Shrug It Off","floor":14},{"not_picked":["Corruption","Fiend Fire"],"picked":"Offering","floor":16},{"not_picked":["Warcry","Hemokinesis+1","True Grit+1"],"picked":"SKIP","floor":18},{"not_picked":["Cleave","Bloodletting+1"],"picked":"Pommel Strike","floor":20},{"not_picked":["Havoc","Thunderclap"],"picked":"Pommel Strike+1","floor":23},{"not_picked":["Clash","Rage+1"],"picked":"Berserk","floor":25},{"not_picked":["Anger+1","Dropkick+1"],"picked":"Warcry+1","floor":27},{"not_picked":["Immolate","Barricade"],"picked":"Reaper","floor":33},{"not_picked":["Cleave+1","Uppercut+1"],"picked":"Twin Strike+1","floor":35},{"not_picked":["True Grit+1","Fire Breathing+1","Spot Weakness+1"],"picked":"SKIP","floor":37},{"not_picked":["Thunderclap+1","Reaper"],"picked":"Shrug It Off+1","floor":39},{"not_picked":["Iron Wave","Wild Strike+1"],"picked":"Twin Strike","floor":40},{"not_picked":["Power Through+1","Wild Strike+1"],"picked":"Pommel Strike+1","floor":42},{"not_picked":["Burning Pact+1","Flame Barrier+1"],"picked":"Perfected Strike+1","floor":45},{"not_picked":["Clothesline+1","Fire Breathing+1"],"picked":"Shockwave+1","floor":46},{"not_picked":["Disarm+1","Sword Boomerang"],"picked":"Uppercut+1","floor":47},{"not_picked":["Dual Wield+1","Entrench+1","Dark Embrace+1"],"picked":"SKIP","floor":47},{"not_picked":["Impatience+1","Secret Technique+1"],"picked":"Master of Strategy+1","floor":48}],"player_experience":498346,"relics_obtained":[{"floor":3,"key":"StrikeDummy"},{"floor":6,"key":"Orichalcum"},{"floor":8,"key":"Thread and Needle"},{"floor":9,"key":"Eternal Feather"},{"floor":13,"key":"Bag of Preparation"},{"floor":17,"key":"Juzu Bracelet"},{"floor":17,"key":"Kunai"},{"floor":17,"key":"Old Coin"},{"floor":22,"key":"Red Mask"},{"floor":23,"key":"Centennial Puzzle"},{"floor":25,"key":"Ornamental Fan"},{"floor":26,"key":"Red Skull"},{"floor":27,"key":"Pantograph"},{"floor":40,"key":"Blood Vial"},{"floor":41,"key":"Lantern"},{"floor":42,"key":"Oddly Smooth Stone"},{"floor":44,"key":"Happy Flower"},{"floor":45,"key":"Prayer Wheel"},{"floor":46,"key":"Shuriken"},{"floor":49,"key":"Toy Ornithopter"}],"event_choices":[{"damage_healed":0,"gold_gain":0,"player_choice":"Take Damage","damage_taken":20,"relics_obtained":["Golden Idol"],"max_hp_gain":0,"max_hp_loss":0,"event_name":"Golden Idol","floor":2,"gold_loss":0},{"damage_healed":0,"gold_gain":30,"player_choice":"Searched \u00273\u0027 times","damage_taken":0,"max_hp_gain":0,"max_hp_loss":0,"event_name":"Dead Adventurer","floor":13,"gold_loss":0},{"damage_healed":0,"gold_gain":0,"player_choice":"1 cards matched","damage_taken":0,"max_hp_gain":0,"max_hp_loss":0,"event_name":"Match and Keep!","floor":19,"gold_loss":0,"cards_obtained":["Burning Pact"]},{"damage_healed":0,"gold_gain":0,"player_choice":"Fought Bandits","damage_taken":0,"max_hp_gain":0,"max_hp_loss":0,"event_name":"Masked Bandits","floor":22,"gold_loss":0},{"damage_healed":0,"gold_gain":0,"player_choice":"Ignored","damage_taken":0,"max_hp_gain":0,"max_hp_loss":0,"event_name":"NoteForYourself","floor":28,"gold_loss":0},{"damage_healed":0,"gold_gain":0,"player_choice":"Shed Blood","damage_taken":23,"max_hp_gain":5,"max_hp_loss":0,"event_name":"Forgotten Altar","floor":30,"gold_loss":0},{"damage_healed":0,"gold_gain":0,"player_choice":"Ignored","damage_taken":0,"max_hp_gain":0,"max_hp_loss":0,"event_name":"Cursed Tome","floor":31,"gold_loss":0},{"damage_healed":0,"gold_gain":0,"player_choice":"Paid Gold","damage_taken":0,"relics_obtained":["Shovel"],"max_hp_gain":0,"max_hp_loss":0,"event_name":"WeMeetAgain","floor":38,"gold_loss":91},{"damage_healed":0,"gold_gain":0,"player_choice":"Fight","damage_taken":0,"max_hp_gain":0,"max_hp_loss":0,"event_name":"Mysterious Sphere","floor":45,"gold_loss":0},{"damage_healed":0,"gold_gain":0,"player_choice":"Memory 1","damage_taken":0,"max_hp_gain":0,"max_hp_loss":0,"event_name":"SensoryStone","floor":48,"gold_loss":0}],"is_beta":false,"boss_relics":[{"not_picked":["Runic Cube","Pandora\u0027s Box"],"picked":"Calling Bell"},{"not_picked":["Tiny House","Empty Cage"],"picked":"Snecko Eye"}],"items_purged_floors":[],"is_endless":false,"potions_floor_spawned":[6,8,10,12,16,22,23,27,33,37,39,46,47],"ascension_level":5}}