{"host":"8pvw2tcf9wctlvur","time":1614404654,"event":{"mods":["BaseMod","Better Third Choice","Colored Powertips","Curses Come First","Minty Spire (QoL Compilation)","Rare Cards Sparkle","Relic Stats","StSLib","SuperFastMode"],"gold_per_floor":[119,119,145,165,183,183,209,221,221,221,221,221],"floor_reached":11,"language":"ENG","playtime":339,"items_purged":[],"score":80,"play_id":"16518f92-db23-44c4-a46d-956c28e550ab","local_time":"20210226224414","is_ascension_mode":true,"campfire_choices":[{"data":"Noxious Fumes","floor":6,"key":"SMITH"},{"floor":10,"key":"REST"}],"circlet_count":0,"master_deck":["Strike_G","Strike_G","Strike_G","Strike_G","Defend_G","Defend_G","Defend_G","Defend_G","Defend_G","Survivor","Neutralize","Accuracy","Acrobatics","Noxious Fumes+1","Bouncing Flask","Escape Plan","Dagger Throw"],"relics":["Ring of the Snake","NeowsBlessing","Tiny Chest","Blue Candle"],"acts_visited":["Exordium"],"potions_floor_usage":[7,11],"damage_taken":[{"damage":0,"enemies":"Small Slimes","floor":1,"turns":1},{"damage":0,"enemies":"Jaw Worm","floor":4,"turns":1},{"damage":0,"enemies":"Cultist","floor":5,"turns":1},{"damage":19,"enemies":"3 Sentries","floor":7,"turns":8},{"damage":31,"enemies":"Large Slime","floor":8,"turns":6},{"damage":42,"enemies":"Lagavulin","floor":11,"turns":5}],"seed_played":"-7583987754510546668","potions_obtained":[{"floor":4,"key":"Weak Potion"},{"floor":7,"key":"LiquidBronze"}],"is_trial":false,"path_per_floor":["M","?","T","M","M","R","E","M","T","R","E"],"character_chosen":"THE_SILENT","items_purchased":[],"campfire_rested":1,"item_purchase_floors":[],"current_hp_per_floor":[70,70,70,70,70,70,51,20,20,41,0,0],"gold":221,"neow_bonus":"THREE_ENEMY_KILL","is_daily":false,"chose_seed":false,"campfire_upgraded":1,"win_rate":0.0,"timestamp":1614404654,"path_taken":["M","?","?","M","M","R","E","?","T","R","E"],"items_purchased_type":[],"build_version":"2020-12-22","purchased_purges":0,"victory":false,"max_hp_per_floor":[70,70,70,70,70,70,70,70,70,70,70,70],"relic_stats":{"counters":[6,22],"Blue Candle":[0],"Tiny Chest":0,"obtain_stats":[{"NeowsBlessing":0,"Blue Candle":7,"Tiny Chest":3,"Ring of the Snake":0},{"NeowsBlessing":0,"Blue Candle":4,"Tiny Chest":1,"Ring of the Snake":0},{"NeowsBlessing":0,"Blue Candle":11,"Tiny Chest":1,"Ring of the Snake":0}],"Ring of the Snake":[12]},"card_choices":[{"not_picked":["PiercingWail","Distraction"],"picked":"Accuracy","floor":1},{"not_picked":["Slice","Outmaneuver"],"picked":"Noxious Fumes","floor":4},{"not_picked":["Calculated Gamble","Backflip"],"picked":"Bouncing Flask","floor":5},{"not_picked":["Backflip","Concentrate"],"picked":"Escape Plan","floor":7},{"not_picked":["Slice","Wraith Form v2"],"picked":"Dagger Throw","floor":8}],"player_experience":307402,"relics_obtained":[{"floor":3,"key":"Tiny Chest"},{"floor":7,"key":"Blue Candle"}],"event_choices":[{"damage_healed":0,"gold_gain":0,"cards_transformed":["Strike_G"],"player_choice":"Change","damage_taken":0,"max_hp_gain":0,"max_hp_loss":0,"event_name":"Living Wall","floor":2,"gold_loss":0,"cards_obtained":["Acrobatics"]}],"is_beta":false,"boss_relics":[],"items_purged_floors":[],"is_endless":false,"potions_floor_spawned":[4,7],"killed_by":"Lagavulin","ascension_level":2}}