{"host":"vdpaduzlq0qlaikq","time":1614400162,"event":{"mods":["AchievementEnabler","BaseMod","Better Third Choice","BetterRewards","Colored Map","Downfall","Gold Saver","Hermit","Jorbs\u0027s Wanderer Trilogy","Minty Spire (QoL Compilation)","Relic Filter","Spicy Shops","StSLib","The Necromancer"],"gold_per_floor":[1417,1431,1431,1501,1555,1555,1573,1573,1573,395,60,60,60,90,90,167,167,183,100,114,134,146,171,171,186,186,186,213,223,251,270,270,341,341,360,380,394,394,334,334,359,376,376,376,390,124,156,174,174,174,174,174,48,79,79],"floor_reached":56,"language":"ENG","playtime":3175,"items_purged":[],"score":2991,"play_id":"0abe5c8e-f735-42c1-975e-6ecf01cb5623","local_time":"20210227012922","is_ascension_mode":true,"campfire_choices":[{"data":"Accuracy","floor":6.0,"key":"SMITH"},{"data":"1","floor":8.0,"key":"LIFT"},{"data":"A Thousand Cuts","floor":12.0,"key":"SMITH"},{"data":"2","floor":15.0,"key":"LIFT"},{"data":"3","floor":24,"key":"LIFT"},{"floor":32,"key":"RECALL"},{"data":"Adrenaline","floor":40,"key":"SMITH"},{"data":"Infinite Blades","floor":44,"key":"SMITH"},{"data":"Accuracy","floor":49,"key":"SMITH"},{"data":"Terror","floor":52,"key":"SMITH"}],"circlet_count":0,"master_deck":["AscendersBane","Strike_G","Strike_G","Strike_G","Strike_G+1","Strike_G+1","Defend_G","Defend_G","Defend_G","Defend_G","Survivor","Neutralize","Accuracy+1","Footwork","Blade Dance","Cloak And Dagger","A Thousand Cuts+1","Malaise","Blade Dance+1","Terror+1","Cloak And Dagger+1","PiercingWail+1","Infinite Blades+1","Dagger Spray","Adrenaline+1","stsjorbsmod:Amnesia","stsjorbsmod:Withering","Outmaneuver+1","Blade Dance+1","Infinite Blades+1","Accuracy+1","Adrenaline"],"relics":["Ring of the Snake","Shuriken","Girya","TwistedFunnel","Incense Burner","Lantern","Nunchaku","Tiny Chest","Blue Candle","White Beast Statue","Guardian:PocketSentry","Potion Belt","Oddly Smooth Stone","HandDrill","Bronze Scales","Du-Vu Doll","Pen Nib","Sling","Eternal Feather","Black Star","Regal Pillow","Sundial","Lizard Tail","The Courier","Kunai","Boot","Centennial Puzzle","Pear","Happy Flower","Astrolabe","Bag of Marbles","InkBottle","Toy Ornithopter","Mercury Hourglass","Guardian:GemstoneGun","Bag of Preparation","Whetstone","Anchor","The Specimen","Snake Skull"],"acts_visited":["Exordium","TheCity","TheBeyond","TheEnding"],"potions_floor_usage":[23,48,55,55,55,55],"damage_taken":[{"damage":9.0,"enemies":"Cultist","floor":1.0,"turns":5.0},{"damage":0.0,"enemies":"Jaw Worm","floor":2.0,"turns":3.0},{"damage":0.0,"enemies":"2 Louse","floor":7.0,"turns":2.0},{"damage":1.0,"enemies":"Gremlin Nob","floor":14.0,"turns":2.0},{"damage":2.0,"enemies":"Slime Boss","floor":16.0,"turns":5.0},{"damage":0,"enemies":"2 Thieves","floor":18,"turns":2},{"damage":0,"enemies":"Spheric Guardian","floor":20,"turns":1},{"damage":0,"enemies":"Snake Plant","floor":21,"turns":1},{"damage":0,"enemies":"Chosen and Byrds","floor":22,"turns":3},{"damage":21,"enemies":"Gremlin Leader","floor":23,"turns":4},{"damage":1,"enemies":"Snecko","floor":25,"turns":4},{"damage":0,"enemies":"Book of Stabbing","floor":28,"turns":1},{"damage":6,"enemies":"Centurion and Healer","floor":29,"turns":3},{"damage":0,"enemies":"Slavers","floor":30,"turns":2},{"damage":4,"enemies":"Cultist and Chosen","floor":31,"turns":4},{"damage":25,"enemies":"Automaton","floor":33,"turns":5},{"damage":0,"enemies":"3 Shapes","floor":35,"turns":2},{"damage":2,"enemies":"Orb Walker","floor":36,"turns":2},{"damage":0,"enemies":"Spire Growth","floor":37,"turns":2},{"damage":1,"enemies":"Giant Head","floor":41,"turns":2},{"damage":1,"enemies":"Jaw Worm Horde","floor":42,"turns":1},{"damage":22,"enemies":"4 Shapes","floor":45,"turns":2},{"damage":0,"enemies":"Nemesis","floor":47,"turns":1},{"damage":1,"enemies":"Transient","floor":48,"turns":5},{"damage":32,"enemies":"Time Eater","floor":50,"turns":5},{"damage":1,"enemies":"Shield and Spear","floor":54,"turns":3},{"damage":92,"enemies":"The Heart","floor":55,"turns":5}],"seed_played":"-7774643957550532366","potions_obtained":[{"floor":1.0,"key":"champ:CounterPotion"},{"floor":2.0,"key":"sneckomod:MuddlingPotion"},{"floor":14.0,"key":"Weak Potion"},{"floor":16.0,"key":"ColorlessPotion"},{"floor":22,"key":"PowerPotion"},{"floor":23,"key":"champ:CounterPotion"},{"floor":25,"key":"AttackPotion"},{"floor":35,"key":"Strength Potion"},{"floor":48,"key":"Fruit Juice"},{"floor":54,"key":"SkillPotion"}],"is_trial":false,"path_per_floor":["M","M","?","T","T","R","M","R","T","$","$","R","?","E","R","B",null,"M","$","M","M","M","E","R","M","T","T","E","M","E","M","R","B",null,"M","M","M","T","$","R","E","M","T","R","M","$","E","M","R","B",null,"R","$","E","B",null],"character_chosen":"THE_SILENT","items_purchased":["Accuracy","Shuriken","Girya","TwistedFunnel","Footwork","Incense Burner","Lantern","Nunchaku","Tiny Chest","Potion Belt","Oddly Smooth Stone","Cloak And Dagger","HandDrill","Bronze Scales","A Thousand Cuts","Du-Vu Doll","Pen Nib","Sling","Regal Pillow","Accuracy","Guardian:GemstoneGun","Anchor"],"campfire_rested":0,"item_purchase_floors":[0,0,0,0,0,0,0,0,0,10,10,10,10,10,10,10,11,11,19,39,46,53],"current_hp_per_floor":[50,50,45,45,45,45,45,45,45,45,45,45,61,60,66,64,66,66,66,66,66,66,45,57,56,56,56,56,50,60,56,71,46,66,66,64,64,64,64,73,72,71,71,73,51,51,51,60,78,46,70,78,78,77,5],"gold":79,"neow_bonus":"","is_daily":false,"chose_seed":false,"campfire_upgraded":6,"win_rate":0.0,"timestamp":1614400162,"path_taken":["M","?","?","?","?","R","?","R","T","?","$","R","?","E","R","BOSS","M","$","M","M","M","E","R","M","T","?","E","M","E","M","R","BOSS","M","M","M","?","$","R","E","M","T","R","M","$","E","M","R","BOSS","R","$","E","BOSS"],"items_purchased_type":["Card","Relic","Relic","Relic","Card","Relic","Relic","Relic","Relic","Relic","Relic","Card","Relic","Relic","Card","Relic","Relic","Relic","Relic","Card","Relic","Relic"],"build_version":"2020-12-22","purchased_purges":0,"victory":true,"max_hp_per_floor":[66,66,66,66,66,66,66,66,66,66,66,66,66,66,66,66,66,66,66,66,66,66,66,66,66,66,66,66,66,76,76,76,76,73,73,73,73,73,73,73,73,73,73,73,73,73,73,78,78,78,78,78,78,78,78],"card_choices":[{"not_picked":["Tactician","Catalyst"],"picked":"Blade Dance","floor":1.0},{"not_picked":["Blur","Flechettes","Finisher"],"picked":"SKIP","floor":2.0},{"not_picked":["Dodge and Roll","All Out Attack","Reflex"],"picked":"SKIP","floor":7.0},{"not_picked":["Predator","Acrobatics","Caltrops"],"picked":"SKIP","floor":14.0},{"not_picked":["Doppelganger","Glass Knife"],"picked":"Malaise","floor":16.0},{"not_picked":["Sucker Punch","Deflect"],"picked":"Blade Dance+1","floor":18},{"not_picked":["PiercingWail","Skewer+1"],"picked":"Terror","floor":20},{"not_picked":["Backflip","Acrobatics","Predator"],"picked":"SKIP","floor":21},{"not_picked":["PiercingWail","All Out Attack","Poisoned Stab"],"picked":"SKIP","floor":22},{"not_picked":["Sucker Punch","After Image"],"picked":"Cloak And Dagger+1","floor":23},{"not_picked":["Prepared","Cloak And Dagger"],"picked":"PiercingWail+1","floor":25},{"not_picked":["Distraction","Deadly Poison"],"picked":"Infinite Blades","floor":28},{"not_picked":["Concentrate+1","Quick Slash","Dodge and Roll+1"],"picked":"SKIP","floor":29},{"not_picked":["Catalyst","Outmaneuver","Bane"],"picked":"SKIP","floor":30},{"not_picked":["Endless Agony+1","Underhanded Strike"],"picked":"Dagger Spray","floor":31},{"not_picked":["A Thousand Cuts","Doppelganger"],"picked":"Adrenaline","floor":33},{"not_picked":["Outmaneuver","Deadly Poison+1","Sucker Punch"],"picked":"SKIP","floor":35},{"not_picked":["Finisher+1","Heel Hook"],"picked":"Blade Dance+1","floor":36},{"not_picked":["Dodge and Roll","Eviscerate"],"picked":"Infinite Blades+1","floor":37},{"not_picked":["Crippling Poison","All Out Attack","Slice+1"],"picked":"SKIP","floor":41},{"not_picked":["Acrobatics","Endless Agony","Sucker Punch"],"picked":"SKIP","floor":42},{"not_picked":["Poisoned Stab","Dodge and Roll"],"picked":"Adrenaline","floor":45},{"not_picked":["Heel Hook","Poisoned Stab+1","Finisher+1"],"picked":"SKIP","floor":47},{"not_picked":["Acrobatics+1","Backflip","Deadly Poison"],"picked":"SKIP","floor":48},{"not_picked":["Prepared","Noxious Fumes","Acrobatics"],"picked":"SKIP","floor":54}],"player_experience":783641,"relics_obtained":[{"floor":4.0,"key":"White Beast Statue"},{"floor":5.0,"key":"Guardian:PocketSentry"},{"floor":14.0,"key":"Eternal Feather"},{"floor":23,"key":"Sundial"},{"floor":23,"key":"Lizard Tail"},{"floor":26,"key":"The Courier"},{"floor":27,"key":"Kunai"},{"floor":28,"key":"Boot"},{"floor":28,"key":"Centennial Puzzle"},{"floor":30,"key":"Pear"},{"floor":30,"key":"Happy Flower"},{"floor":38,"key":"Bag of Marbles"},{"floor":41,"key":"InkBottle"},{"floor":41,"key":"Toy Ornithopter"},{"floor":43,"key":"Mercury Hourglass"},{"floor":47,"key":"Bag of Preparation"},{"floor":47,"key":"Whetstone"},{"floor":54,"key":"The Specimen"},{"floor":54,"key":"Snake Skull"}],"event_choices":[{"damage_healed":16.0,"max_hp_gain":0.0,"max_hp_loss":0.0,"gold_gain":0.0,"event_name":"Mushrooms","player_choice":"Healed and dodged fight","floor":13.0,"gold_loss":0.0,"damage_taken":0.0,"cards_obtained":["Parasite"]}],"is_beta":false,"boss_relics":[{"not_picked":["Ring of the Serpent","Cursed Key"],"picked":"Black Star"},{"not_picked":["Busted Crown","Velvet Choker"],"picked":"Astrolabe"}],"items_purged_floors":[],"is_endless":false,"potions_floor_spawned":[1,2,7,14,16,18,20,21,22,23,25,28,29,30,31,33,35,36,37,41,42,45,47,48,54],"ascension_level":19}}