{"host":"fbdlh90rovbiajun","time":1614445817,"event":{"mods":["AchievementEnabler","BaseMod","Colored Map","Keyboard Shortcuts","Minty Spire (QoL Compilation)","SuperFastMode"],"gold_per_floor":[109,109,109,126,126,154,154,172,172,195,195,195,208,208,208,312,312,329,329,380,393,241,241,272,272,354,374,374,374,127,153,153,258,258,269,283,329,329,410,439,439,465,489,489,523,523,541,558,558,558],"floor_reached":51,"language":"KOR","playtime":1702,"items_purged":["Defend_B","Strike_B+1"],"score":1005,"play_id":"7032a781-312b-4efc-95b5-e6ed7aa77ff8","local_time":"20210228021017","is_ascension_mode":true,"campfire_choices":[{"data":"Consume","floor":7.0,"key":"SMITH"},{"data":"Zap","floor":11.0,"key":"SMITH"},{"data":"Cold Snap","floor":15.0,"key":"SMITH"},{"data":"Capacitor","floor":23.0,"key":"SMITH"},{"data":"Ball Lightning","floor":25.0,"key":"SMITH"},{"data":"Coolheaded","floor":29.0,"key":"SMITH"},{"data":"Leap","floor":32.0,"key":"SMITH"},{"data":"Defragment","floor":41.0,"key":"SMITH"},{"data":"Electrodynamics","floor":44.0,"key":"SMITH"},{"data":"Dualcast","floor":49,"key":"SMITH"}],"circlet_count":0,"master_deck":["Zap+1","Dualcast+1","Consume+1","Leap+1","Cold Snap+1","Fission+1","Genetic Algorithm+1","Ball Lightning+1","Capacitor+1","Coolheaded+1","Thunder Strike+1","Electrodynamics+1","Defragment+1","Self Repair+1","Skim+1","Writhe"],"relics":["Cracked Core","NeowsBlessing","Sundial","Bag of Marbles","Eternal Feather","Odd Mushroom","Astrolabe","PreservedInsect","Bronze Scales","Bottled Lightning","Nunchaku","Pear","Empty Cage","Calipers","Mummified Hand","Blood Vial","Incense Burner","Whetstone","Strawberry"],"acts_visited":["Exordium","TheCity","TheBeyond"],"potions_floor_usage":[47,47,50,50,50],"damage_taken":[{"damage":0.0,"enemies":"Jaw Worm","floor":1.0,"turns":1.0},{"damage":0.0,"enemies":"Small Slimes","floor":4.0,"turns":1.0},{"damage":0.0,"enemies":"Gremlin Nob","floor":6.0,"turns":1.0},{"damage":0.0,"enemies":"2 Louse","floor":8.0,"turns":1.0},{"damage":36.0,"enemies":"The Mushroom Lair","floor":10.0,"turns":4.0},{"damage":0.0,"enemies":"Gremlin Gang","floor":13.0,"turns":6.0},{"damage":8.0,"enemies":"Slime Boss","floor":16.0,"turns":12.0},{"damage":14.0,"enemies":"3 Byrds","floor":18.0,"turns":6.0},{"damage":11.0,"enemies":"Spheric Guardian","floor":21.0,"turns":4.0},{"damage":37.0,"enemies":"Slavers","floor":24.0,"turns":5.0},{"damage":1.0,"enemies":"3 Cultists","floor":27.0,"turns":4.0},{"damage":5.0,"enemies":"Book of Stabbing","floor":31.0,"turns":4.0},{"damage":6.0,"enemies":"Champ","floor":33.0,"turns":10.0},{"damage":15.0,"enemies":"Orb Walker","floor":35.0,"turns":3.0},{"damage":8.0,"enemies":"3 Darklings","floor":36.0,"turns":2.0},{"damage":20.0,"enemies":"2 Orb Walkers","floor":37.0,"turns":3.0},{"damage":0.0,"enemies":"Reptomancer","floor":40.0,"turns":4.0},{"damage":1.0,"enemies":"Nemesis","floor":42.0,"turns":5.0},{"damage":17.0,"enemies":"Giant Head","floor":45.0,"turns":6.0},{"damage":0,"enemies":"Transient","floor":47,"turns":5},{"damage":8,"enemies":"Writhing Mass","floor":48,"turns":3},{"damage":12,"enemies":"Awakened One","floor":50,"turns":7}],"seed_played":"469334806666304937","potions_obtained":[{"floor":1.0,"key":"DistilledChaos"},{"floor":4.0,"key":"Ancient Potion"},{"floor":6.0,"key":"EntropicBrew"},{"floor":21.0,"key":"LiquidMemories"},{"floor":27.0,"key":"DuplicationPotion"},{"floor":33.0,"key":"DistilledChaos"},{"floor":47,"key":"LiquidMemories"},{"floor":48,"key":"FearPotion"}],"is_trial":false,"path_per_floor":["M","?","?","M","?","E","R","M","T","?","R","?","M","?","R","B",null,"M","?","T","M","$","R","E","R","T","M","?","R","$","E","R","B",null,"M","M","?","?","T","E","R","E","T","R","E","?","M","M","R","B",null],"character_chosen":"DEFECT","items_purchased":["Capacitor","Nunchaku"],"campfire_rested":0,"item_purchase_floors":[22,30],"current_hp_per_floor":[75,63,48,48,48,48,48,48,48,12,18,11,11,36,42,34,75,61,61,61,50,50,56,19,25,25,24,24,30,30,35,41,35,85,70,62,42,42,42,42,48,49,49,55,57,80,92,92,92,90],"gold":558,"neow_bonus":"THREE_ENEMY_KILL","is_daily":false,"chose_seed":false,"campfire_upgraded":10,"win_rate":0.0,"timestamp":1614445817,"path_taken":["M","?","?","M","?","E","R","?","T","?","R","?","?","?","R","BOSS","M","?","?","M","$","R","E","R","T","M","?","R","$","E","R","BOSS","M","?","?","?","?","E","R","E","T","R","E","?","M","M","R","BOSS"],"items_purchased_type":["Card","Relic"],"build_version":"2020-12-22","purchased_purges":2,"victory":true,"max_hp_per_floor":[75,75,75,75,75,75,75,75,75,75,75,75,75,75,75,75,75,75,75,75,75,75,75,75,75,75,75,75,75,75,85,85,85,85,85,85,85,85,85,85,85,85,85,85,92,92,92,92,92,92],"card_choices":[{"not_picked":["Steam Power","Reprogram","Beam Cell"],"picked":"SKIP","floor":1.0},{"not_picked":["Sweeping Beam","Streamline"],"picked":"Consume","floor":4.0},{"not_picked":["Redo","Streamline"],"picked":"Leap","floor":6.0},{"not_picked":["Turbo","All For One"],"picked":"Compile Driver","floor":8.0},{"not_picked":["Genetic Algorithm","Reinforced Body"],"picked":"Cold Snap","floor":10.0},{"not_picked":["Sweeping Beam","Redo","Beam Cell"],"picked":"SKIP","floor":13.0},{"not_picked":["Heatsinks","Reinforced Body","Streamline"],"picked":"SKIP","floor":18.0},{"not_picked":["Chaos","Barrage"],"picked":"Ball Lightning","floor":21.0},{"not_picked":["Go for the Eyes","Steam+1","Hello World+1"],"picked":"SKIP","floor":24.0},{"not_picked":["Stack","Static Discharge"],"picked":"Coolheaded","floor":27.0},{"not_picked":["Go for the Eyes","Fusion"],"picked":"Thunder Strike","floor":31.0},{"not_picked":["Multi-Cast","Core Surge"],"picked":"Electrodynamics","floor":33.0},{"not_picked":["Chaos+1","Ball Lightning","Go for the Eyes+1"],"picked":"SKIP","floor":35.0},{"not_picked":["Barrage+1","Tempest","Blizzard+1"],"picked":"SKIP","floor":36.0},{"not_picked":["Rebound","Ball Lightning"],"picked":"Defragment","floor":37.0},{"not_picked":["Echo Form","Barrage","Stack+1"],"picked":"SKIP","floor":40.0},{"not_picked":["Leap","Amplify"],"picked":"Self Repair+1","floor":42.0},{"not_picked":["Force Field","Tempest+1"],"picked":"Skim+1","floor":45.0},{"not_picked":["Stack","Gash","Redo"],"picked":"SKIP","floor":47},{"not_picked":["Aggregate","Sweeping Beam","FTL+1"],"picked":"SKIP","floor":48}],"player_experience":146517,"relics_obtained":[{"floor":6.0,"key":"Bag of Marbles"},{"floor":9.0,"key":"Eternal Feather"},{"floor":10.0,"key":"Odd Mushroom"},{"floor":20.0,"key":"PreservedInsect"},{"floor":24.0,"key":"Bronze Scales"},{"floor":26.0,"key":"Bottled Lightning"},{"floor":31.0,"key":"Pear"},{"floor":37.0,"key":"Calipers"},{"floor":39.0,"key":"Mummified Hand"},{"floor":40.0,"key":"Blood Vial"},{"floor":42.0,"key":"Incense Burner"},{"floor":43.0,"key":"Whetstone"},{"floor":45.0,"key":"Strawberry"}],"event_choices":[{"damage_healed":0.0,"max_hp_gain":0.0,"max_hp_loss":0.0,"gold_gain":0.0,"event_name":"Scrap Ooze","player_choice":"Success","floor":2.0,"gold_loss":0.0,"damage_taken":12.0,"relics_obtained":["Sundial"]},{"damage_healed":0.0,"max_hp_gain":0.0,"max_hp_loss":0.0,"gold_gain":0.0,"event_name":"Shining Light","player_choice":"Entered Light","floor":3.0,"gold_loss":0.0,"damage_taken":15.0,"cards_upgraded":["Strike_B","Defend_B"]},{"cards_removed":["Strike_B"],"damage_healed":0.0,"max_hp_gain":0.0,"max_hp_loss":0.0,"gold_gain":0.0,"event_name":"Purifier","player_choice":"Purged","floor":5.0,"gold_loss":0.0,"damage_taken":0.0},{"damage_healed":0.0,"max_hp_gain":0.0,"max_hp_loss":0.0,"gold_gain":0.0,"event_name":"Mushrooms","player_choice":"Fought Mushrooms","floor":10.0,"gold_loss":0.0,"damage_taken":0.0},{"cards_removed":["Strike_B"],"damage_healed":0.0,"max_hp_gain":0.0,"max_hp_loss":0.0,"gold_gain":0.0,"event_name":"Golden Wing","player_choice":"Card Removal","floor":12.0,"gold_loss":0.0,"damage_taken":7.0},{"damage_healed":25.0,"max_hp_gain":0.0,"max_hp_loss":0.0,"gold_gain":0.0,"event_name":"Big Fish","player_choice":"Banana","floor":14.0,"gold_loss":0.0,"damage_taken":0.0},{"damage_healed":0.0,"max_hp_gain":0.0,"max_hp_loss":0.0,"gold_gain":0.0,"event_name":"Ghosts","player_choice":"Ignored","floor":19.0,"gold_loss":0.0,"damage_taken":0.0},{"damage_healed":0.0,"max_hp_gain":0.0,"max_hp_loss":0.0,"gold_gain":0.0,"event_name":"The Woman in Blue","player_choice":"Bought 0 Potions","floor":28.0,"gold_loss":0.0,"damage_taken":0.0},{"damage_healed":0.0,"max_hp_gain":0.0,"max_hp_loss":0.0,"gold_gain":0.0,"event_name":"Mysterious Sphere","player_choice":"Fight","floor":37.0,"gold_loss":0.0,"damage_taken":0.0},{"cards_removed":["Compile Driver"],"damage_healed":0.0,"max_hp_gain":0.0,"max_hp_loss":0.0,"gold_gain":0.0,"event_name":"Falling","player_choice":"Removed Attack","floor":38.0,"gold_loss":0.0,"damage_taken":0.0},{"damage_healed":23.0,"max_hp_gain":0.0,"max_hp_loss":0.0,"gold_gain":0.0,"event_name":"Winding Halls","player_choice":"Writhe","floor":46.0,"gold_loss":0.0,"damage_taken":0.0,"cards_obtained":["Writhe"]}],"is_beta":false,"boss_relics":[{"not_picked":["Nuclear Battery","FrozenCore"],"picked":"Astrolabe"},{"not_picked":["SacredBark","Philosopher\u0027s Stone"],"picked":"Empty Cage"}],"items_purged_floors":[22,30],"is_endless":false,"potions_floor_spawned":[1,4,6,10,21,27,33,40,45,47,48],"ascension_level":1}}