{"host":"5181u4c3s15ljdxv","time":1614409099,"event":{"mods":["2.2 Compatiblity","AchievementEnabler","Act Like it!","Arknights","Aspiration","BaseMod","Beaked The Cultist","Best Route Mod","Better Altar","Better Match","Better Note","Better Sensory Stone","Better Skull","Better Third Choice","Better Vampires","BetterRewards","Block Reminder","Challenge The Spire","ChefMod","Clockwork Mod","Colored Map","Colored Powertips","Conspire","Curses Come First","Dark Map","Defuse TimeMaze Blight","Downfall","Energized Spire","Exacting","FoggyMod","GifTheSpireLib","GungeonMod","Halation","Hallownest","Hermit","Highlight Path","Hubris","Infinite Spire","JesterMod","Lobotomy","LobotomyExtend","Minty Spire (QoL Compilation)","Potionbrewer","Quick Restart","Relic Sorter","Relic Stats","Reliquary","Replay The Spire","Robot Space Explorer","Shop Mod","Spire Arcade","StSLib","Stuff the Spire","The Accelerator","The Bladedancer","The Blue Laboratory","The Bug Knight","The Construct","The Cursed","The Dragon Tamer","The Forsaken","The Judge","The Juggle","The Marked","The Mystic","The Problem Sleuth","The Sage","The Showman","The Trickster","TheBandit","TheSurvivalist","Thieving Mod","Transform Curses","Uncapped"],"gold_per_floor":[114,114,24,38,38,68,33,66,66,66,66,26,58,58,58,160,160,173,173,173,101,101,151,151,151,174,174,73,73,102,102,102,200,200,219,219,219,219,246,271,271,317,317,317,113,413,446,49,49,9,9],"floor_reached":50,"language":"ENG","playtime":8999,"items_purged":["Languid"],"score":719,"play_id":"47b4e50b-68bf-41c6-a30d-0da0d07dc647","local_time":"20210227015819","is_ascension_mode":false,"campfire_choices":[{"floor":10.0,"key":"REST"},{"data":"potionbrewer:RefinedProcess","floor":24.0,"key":"SMITH"},{"data":"Pot Of Greed","floor":27.0,"key":"SMITH"},{"floor":32.0,"key":"REST"},{"floor":41.0,"key":"REST"},{"floor":44.0,"key":"REST"},{"data":"StuffTheSpire:PestControl","floor":49.0,"key":"SMITH"}],"circlet_count":0,"master_deck":["potionbrewer:PotionbrewerStrike","potionbrewer:PotionbrewerStrike","potionbrewer:PotionbrewerStrike","potionbrewer:PotionbrewerDefend","potionbrewer:PotionbrewerDefend","potionbrewer:PotionbrewerDefend","potionbrewer:PotionbrewerDefend","potionbrewer:Collect","potionbrewer:ChemicalSpill","MHz","potionbrewer:FlashPowder","potionbrewer:PortableLab","potionbrewer:Refill","potionbrewer:RefinedProcess+1","WallGazer","potionbrewer:TestFormula","Dramatic Entrance","potionbrewer:IronFlesh+1","Wellcheers","potionbrewer:TwoForOne","potionbrewer:FortifiedSerum+1","OSAHOGD","Heel Hook","Tools of the Trade","Leg Sweep","beaked:MaddeningMurmurs","Pot Of Greed+1","Pot Of Greed","Pot Of Greed","potionbrewer:Biohazard+1","ShyLook","potionbrewer:TimeBomb","StuffTheSpire:PestControl+1","potionbrewer:BlindingSpray+1","potionbrewer:UnstableFormula","potionbrewer:VolatileSolution+1","Yin","Freischutz","Pot Of Greed","potionbrewer:BlindingMist+1","Bloodbath"],"relics":["potionbrewer:PotionKit","DemoMod:PoisonVial","potionbrewer:ElricsMonocle","Yang_Lob","ReplayTheSpireMod:Ring of Challenge","reliquary:FerryPass","Centennial Puzzle","theForsaken:Gavel","CogitoBucket","LetterFromLob","hubris:TenFootPole","Gaze_r","Heaven_r","reliquary:SharkskinSheath","Replay:Bottled Flurry","Pear","energizedSpire:MagnifyingGlass","Grinning Jar","hubris:Towel","StuffTheSpire:EmeraldSignet","energizedSpire:NeverEndingSparkler","aspiration:FrozenJewel","theForsaken:HumbleEgg","reliquary:Spinner","Chemical X","Toxic Egg 2"],"acts_visited":["Exordium","TheCity","TheBeyond"],"potions_floor_usage":[50,50,50,50],"damage_taken":[{"damage":9.0,"enemies":"conspire:RoseBush","floor":1.0,"turns":3.0},{"damage":9.0,"enemies":"infinitespire:Voidling","floor":4.0,"turns":4.0},{"damage":0.0,"enemies":"infinitespire:Voidling","floor":5.0,"turns":7.0},{"damage":36.0,"enemies":"infinitespire:Voidling","floor":5.0,"turns":6.0},{"damage":19.0,"enemies":"3 Sentries","floor":6.0,"turns":6.0},{"damage":15.0,"enemies":"Replay:BlueRogue","floor":8.0,"turns":7.0},{"damage":11.0,"enemies":"HollowMod:MossKnight","floor":13.0,"turns":10.0},{"damage":10.0,"enemies":"Fading Forest","floor":16.0,"turns":11.0},{"damage":0.0,"enemies":"conspire:FuzzyDice","floor":18.0,"turns":2.0},{"damage":19.0,"enemies":"Nightmare","floor":23.0,"turns":10.0},{"damage":27.0,"enemies":"Gremlin Leader","floor":30.0,"turns":8.0},{"damage":0.0,"enemies":"Automaton","floor":33.0,"turns":5.0},{"damage":4.0,"enemies":"3 Shapes","floor":35.0,"turns":4.0},{"damage":24.0,"enemies":"3 Darklings","floor":39.0,"turns":7.0},{"damage":52.0,"enemies":"Reptomancer","floor":40.0,"turns":11.0},{"damage":17.0,"enemies":"4 Shapes","floor":42.0,"turns":5.0},{"damage":7.0,"enemies":"R_Hoarder","floor":45.0,"turns":2.0},{"damage":0.0,"enemies":"Spire Growth","floor":47.0,"turns":5.0},{"damage":51,"enemies":"hubris:GrandSnecko","floor":50,"turns":10}],"seed_played":"2248315819726220950","potions_obtained":[{"floor":1.0,"key":"blueLaboratory:HorrorPotion"},{"floor":4.0,"key":"blueLaboratory:AbyssPotion"},{"floor":6.0,"key":"blueLaboratory:Moonshine"},{"floor":8.0,"key":"blueLaboratory:FrostheartPotion"},{"floor":16.0,"key":"Weak Potion"},{"floor":18.0,"key":"SneckoOil"},{"floor":23.0,"key":"blueLaboratory:SavagePotion"},{"floor":42.0,"key":"blueLaboratory:Moonshine"},{"floor":45.0,"key":"blueLaboratory:BottledHope"},{"floor":47.0,"key":"blueLaboratory:PyrophylliteBrew"}],"is_trial":false,"path_per_floor":["M","?","$","M","?","E","?","E","T","R","?","$","E","?","R_BF","B",null,"M","?","?","$","?","NM","R","M","T","R","$","?","E","?","R","B",null,"M","?","?","?","M","E","R","M","T","R","E","?","M","$","R_BF","B"],"character_chosen":"POTIONBREWER","items_purchased":["potionbrewer:PortableLab","Adrenaline Potion","potionbrewer:PortableLab","Venom Potion","potionbrewer:TimeBomb","Chemical X","Toxic Egg 2"],"campfire_rested":4,"item_purchase_floors":[3,3,12,21,28,48,48],"current_hp_per_floor":[66,66,66,64,32,14,32,19,19,40,40,40,44,44,68,60,83,83,83,83,83,83,67,67,67,67,67,67,63,36,36,60,60,79,75,75,75,75,60,20,42,25,25,47,40,40,44,44,44,0,0],"gold":9,"neow_bonus":"","is_daily":false,"chose_seed":false,"campfire_upgraded":3,"win_rate":0.0,"timestamp":1614409099,"path_taken":["M","?","$","?","?","E","?","E","T","R","?","$","E","?","R_BF","BOSS","M","?","?","$","?","NM","R","?","T","R","?","?","E","?","R","BOSS","M","?","?","?","?","E","R","?","T","R","E","?","?","?","R_BF","BOSS"],"items_purchased_type":["Card","Potion","Card","Potion","Card","Relic","Relic"],"build_version":"2020-12-22","purchased_purges":1,"victory":false,"max_hp_per_floor":[75,75,75,75,73,73,73,73,73,73,73,73,83,83,83,83,83,83,83,83,83,83,81,81,81,81,81,81,81,81,81,81,79,79,79,75,75,75,75,75,75,75,75,75,75,75,75,75,75,75,75],"relic_stats":{"Centennial Puzzle":[23],"counters":[21,125],"Chemical X":[1],"obtain_stats":[{"DemoMod:PoisonVial":3,"DemoMod:GlassGuonStoneRelic":1,"StuffTheSpire:EmeraldSignet":30,"theForsaken:Gavel":6,"potionbrewer:PotionKit":0,"reliquary:FerryPass":26,"Yang_Lob":39,"theForsaken:HumbleEgg":43,"CogitoBucket":0,"Centennial Puzzle":22,"Replay:Bottled Flurry":9,"Chemical X":48,"Toxic Egg 2":48,"reliquary:SharkskinSheath":8,"Pear":13,"reliquary:Spinner":45,"hubris:Towel":25,"aspiration:FrozenJewel":40,"Gaze_r":5,"Heaven_r":5,"energizedSpire:NeverEndingSparkler":34,"potionbrewer:ElricsMonocle":2,"LetterFromLob":1,"hubris:TenFootPole":3,"energizedSpire:MagnifyingGlass":17,"Grinning Jar":23,"ReplayTheSpireMod:Ring of Challenge":37},{"DemoMod:PoisonVial":1,"DemoMod:GlassGuonStoneRelic":1,"StuffTheSpire:EmeraldSignet":12,"theForsaken:Gavel":5,"potionbrewer:PotionKit":0,"reliquary:FerryPass":11,"Yang_Lob":16,"theForsaken:HumbleEgg":18,"CogitoBucket":0,"Centennial Puzzle":10,"Replay:Bottled Flurry":6,"Chemical X":20,"Toxic Egg 2":20,"reliquary:SharkskinSheath":6,"Pear":7,"reliquary:Spinner":19,"hubris:Towel":11,"aspiration:FrozenJewel":17,"Gaze_r":3,"Heaven_r":4,"energizedSpire:NeverEndingSparkler":13,"potionbrewer:ElricsMonocle":1,"LetterFromLob":1,"hubris:TenFootPole":1,"energizedSpire:MagnifyingGlass":8,"Grinning Jar":11,"ReplayTheSpireMod:Ring of Challenge":14},{"DemoMod:PoisonVial":3,"DemoMod:GlassGuonStoneRelic":3,"StuffTheSpire:EmeraldSignet":75,"theForsaken:Gavel":26,"potionbrewer:PotionKit":0,"reliquary:FerryPass":67,"Yang_Lob":92,"theForsaken:HumbleEgg":108,"CogitoBucket":0,"Centennial Puzzle":57,"Replay:Bottled Flurry":33,"Chemical X":115,"Toxic Egg 2":115,"reliquary:SharkskinSheath":33,"Pear":43,"reliquary:Spinner":110,"hubris:Towel":67,"aspiration:FrozenJewel":103,"Gaze_r":14,"Heaven_r":20,"energizedSpire:NeverEndingSparkler":80,"potionbrewer:ElricsMonocle":3,"LetterFromLob":3,"hubris:TenFootPole":3,"energizedSpire:MagnifyingGlass":54,"Grinning Jar":67,"ReplayTheSpireMod:Ring of Challenge":84}]},"card_choices":[{"not_picked":["FairyFestival","BeautyBeast"],"picked":"MHz","floor":1.0},{"not_picked":["potionbrewer:PrivateReserves","potionbrewer:Smokescreen"],"picked":"potionbrewer:FlashPowder","floor":1.0},{"not_picked":["OldLady","VoidDream"],"picked":"Bloodbath","floor":4.0},{"not_picked":["potionbrewer:FlareUp","potionbrewer:BlindingSpray"],"picked":"potionbrewer:Refill","floor":4.0},{"not_picked":["potionbrewer:LabJournal","potionbrewer:BlindingMist"],"picked":"potionbrewer:RefinedProcess","floor":6.0},{"not_picked":["Freischutz","Mercenary"],"picked":"WallGazer","floor":8.0},{"not_picked":["potionbrewer:QuickStep","potionbrewer:Shovel"],"picked":"potionbrewer:TestFormula","floor":8.0},{"not_picked":["DemoMod:Spice","Magnetism"],"picked":"Dramatic Entrance","floor":11.0},{"not_picked":["potionbrewer:OneTwoPunch","potionbrewer:Smack"],"picked":"potionbrewer:IronFlesh","floor":13.0},{"not_picked":["QueenOfHatred","Scorched"],"picked":"Wellcheers","floor":13.0},{"not_picked":["potionbrewer:RefinedProcess","potionbrewer:SpecialFormula"],"picked":"potionbrewer:TwoForOne","floor":16.0},{"not_picked":["SingingMachine","CherryBlossoms","VoidDream"],"picked":"Singing Bowl","floor":16.0},{"not_picked":["potionbrewer:Contingency+1","potionbrewer:Backhand"],"picked":"potionbrewer:FortifiedSerum+1","floor":18.0},{"not_picked":["CherryBlossoms","GalaxyChild","SnowQueen"],"picked":"Singing Bowl","floor":18.0},{"not_picked":["Alriune","FairyFestival"],"picked":"OSAHOGD","floor":18.0},{"not_picked":["potionbrewer:UnstableFormula","potionbrewer:FlareUp"],"picked":"potionbrewer:Biohazard+1","floor":23.0},{"not_picked":["MeatLantern","BodiesMountain","BlueStar"],"picked":"Singing Bowl","floor":23.0},{"not_picked":["Woodsman","Scorched"],"picked":"ShyLook","floor":23.0},{"not_picked":["Laetitia","OldLady","WhiteNight"],"picked":"Singing Bowl","floor":30.0},{"not_picked":["potionbrewer:FlashPowder","potionbrewer:FortifiedSerum"],"picked":"potionbrewer:BlindingSpray+1","floor":30.0},{"not_picked":["Scarecrow","HappyTeddy","BodiesMountain"],"picked":"Singing Bowl","floor":33.0},{"not_picked":["potionbrewer:TimeBomb","potionbrewer:IronHeart"],"picked":"potionbrewer:UnstableFormula","floor":35.0},{"not_picked":["CrumblingArmor","UniverseFragment","HappyTeddy"],"picked":"Singing Bowl","floor":35.0},{"not_picked":["potionbrewer:Toxicity","potionbrewer:AnotherRound+1"],"picked":"potionbrewer:VolatileSolution+1","floor":39.0},{"not_picked":["BigBadWolf","Rudolta","HeroicMonk"],"picked":"Singing Bowl","floor":39.0},{"not_picked":["BeautyBeast","HeroicMonk"],"picked":"Yin","floor":39.0},{"not_picked":["Mercenary","DespairKnight","HeroicMonk"],"picked":"Singing Bowl","floor":40.0},{"not_picked":["potionbrewer:Toxicity","potionbrewer:Spark","potionbrewer:OneTwoPunch"],"picked":"SKIP","floor":40.0},{"not_picked":["BlackArmy","VoidDream","Scorched"],"picked":"Singing Bowl","floor":42.0},{"not_picked":["Murderer","SingingMachine"],"picked":"Freischutz","floor":42.0},{"not_picked":["potionbrewer:OneTwoPunch+1","potionbrewer:IronFist","potionbrewer:Backhand+1"],"picked":"SKIP","floor":42.0},{"not_picked":["potionbrewer:ExplosiveReaction+1","potionbrewer:Biohazard+1"],"picked":"potionbrewer:BlindingMist+1","floor":45.0},{"not_picked":["QueenBee","BlackArmy","LittleHelper"],"picked":"Singing Bowl","floor":45.0},{"not_picked":["Scarecrow","WhiteNight"],"picked":"Bloodbath","floor":45.0},{"not_picked":["SilentOrchestra","Laetitia","RedShoes"],"picked":"Singing Bowl","floor":47.0},{"not_picked":["potionbrewer:BlindingSpray+1","potionbrewer:FlashPowder+1","potionbrewer:ChemicalRage"],"picked":"SKIP","floor":47.0}],"player_experience":77268,"relics_obtained":[{"floor":1.0,"key":"LetterFromLob"},{"floor":2.0,"key":"potionbrewer:ElricsMonocle"},{"floor":6.0,"key":"theForsaken:Gavel"},{"floor":8.0,"key":"reliquary:SharkskinSheath"},{"floor":9.0,"key":"Replay:Bottled Flurry"},{"floor":13.0,"key":"Pear"},{"floor":23.0,"key":"Grinning Jar"},{"floor":26.0,"key":"reliquary:FerryPass"},{"floor":30.0,"key":"StuffTheSpire:EmeraldSignet"},{"floor":37.0,"key":"ReplayTheSpireMod:Ring of Challenge"},{"floor":40.0,"key":"aspiration:FrozenJewel"},{"floor":43.0,"key":"theForsaken:HumbleEgg"},{"floor":45.0,"key":"reliquary:Spinner"}],"event_choices":[{"damage_healed":0.0,"max_hp_gain":0.0,"max_hp_loss":0.0,"gold_gain":0.0,"event_name":"Lab","player_choice":"Got Potions","floor":2.0,"gold_loss":0.0,"damage_taken":0.0},{"damage_healed":18.0,"max_hp_gain":0.0,"max_hp_loss":0.0,"gold_gain":0.0,"event_name":"The Cleric","player_choice":"Healed","floor":7.0,"gold_loss":35.0,"damage_taken":0.0},{"damage_healed":0.0,"max_hp_gain":0.0,"max_hp_loss":0.0,"gold_gain":1.0,"event_name":"betterStone:BetterStone","player_choice":"1","floor":11.0,"gold_loss":0.0,"damage_taken":0.0},{"damage_healed":0.0,"max_hp_gain":0.0,"max_hp_loss":0.0,"gold_gain":0.0,"event_name":"Golden Wing","player_choice":"Ignored","floor":14.0,"gold_loss":0.0,"damage_taken":0.0},{"cards_removed":["potionbrewer:Collect"],"damage_healed":0.0,"max_hp_gain":0.0,"max_hp_loss":0.0,"gold_gain":0.0,"event_name":"betterNote:BetterNote","player_choice":"Take \u0026 Give","floor":20.0,"gold_loss":0.0,"damage_taken":0.0,"cards_obtained":["beaked:MaddeningMurmurs"]},{"damage_healed":0.0,"max_hp_gain":0.0,"max_hp_loss":0.0,"gold_gain":0.0,"event_name":"Beggar","player_choice":"Ignored","floor":31.0,"gold_loss":0.0,"damage_taken":0.0},{"damage_healed":0.0,"max_hp_gain":0.0,"max_hp_loss":4.0,"gold_gain":0.0,"event_name":"Winding Halls","player_choice":"Max HP","floor":36.0,"gold_loss":0.0,"damage_taken":0.0},{"damage_healed":0.0,"max_hp_gain":0.0,"max_hp_loss":0.0,"gold_gain":0.0,"event_name":"betterThird:BetterPortal","player_choice":"Ignored","floor":38.0,"gold_loss":0.0,"damage_taken":0.0},{"damage_healed":0.0,"max_hp_gain":0.0,"max_hp_loss":0.0,"gold_gain":300.0,"event_name":"Wheel of Change","player_choice":"Gold","floor":46.0,"gold_loss":0.0,"damage_taken":0.0}],"is_beta":false,"boss_relics":[{"not_picked":["StuffTheSpire:RunicConfusion","Velvet Choker"],"picked":"energizedSpire:MagnifyingGlass"},{"not_picked":["hubris:TerracottaHorce","Kintsugi"],"picked":"energizedSpire:NeverEndingSparkler"}],"items_purged_floors":[28],"is_endless":true,"potions_floor_spawned":[1,4,6,8,16,18,23,42,45,47],"killed_by":"hubris:GrandSnecko","ascension_level":0}}