{"host":"dbkc9h3etq50r1dq","time":1614386551,"event":{"mods":["2.2 Compatiblity","AchievementEnabler","Astrologer","BaseMod","Block Reminder","Colored Powertips","Curses Come First","Dark Map","Highlight Path","Keyboard Shortcuts","Minty Spire (QoL Compilation)","Permanent Neow","Potion Indicator Mod","Random Character Button","Rare Cards Sparkle","StSLib","SuperFastMode","Weighted Paths"],"gold_per_floor":[218,237,255,255,268,268,302,302,381,52,67,67,84,111,111,206,206,219,251,218,218,218,218,46,81,136,136,136,136,11,41,41,41,41],"floor_reached":33,"language":"ZHS","playtime":1862,"items_purged":["astrologer:Strike","astrologer:Defend","astrologer:Strike"],"score":316,"play_id":"aefb701a-ab2b-4eea-966a-2acf18143f87","local_time":"20210227084231","is_ascension_mode":false,"campfire_choices":[{"data":"astrologer:Moonlight","floor":6.0,"key":"SMITH"},{"floor":8.0,"key":"REST"},{"floor":12.0,"key":"REST"},{"floor":15.0,"key":"REST"},{"floor":23.0,"key":"REST"},{"floor":27,"key":"REST"},{"floor":29,"key":"REST"},{"data":"astrologer:Novile","floor":32,"key":"SMITH"}],"circlet_count":0,"master_deck":["astrologer:Strike","astrologer:Strike","astrologer:Defend","astrologer:Defend","astrologer:Defend","astrologer:NorthStar","astrologer:TheFool","astrologer:ShootingStar","astrologer:ShootingStar","astrologer:Novile+1","astrologer:Moonlight+1","astrologer:Strength","astrologer:SolarFlare","astrologer:Still","Master of Strategy","astrologer:Strength","astrologer:SpaceDust","astrologer:Premonition","astrologer:Strength+1","astrologer:MeteorShower","astrologer:Stardust+1","astrologer:FrozenStar+1","astrologer:StarOfMisfortune"],"relics":["astrologer:SkyMirror","Unceasing Top","Shuriken","Juzu Bracelet","SlaversCollar","Red Mask","MealTicket","Tiny Chest","Potion Belt"],"acts_visited":["Exordium","TheCity"],"potions_floor_usage":[25,25],"damage_taken":[{"damage":1.0,"enemies":"Cultist","floor":1.0,"turns":4.0},{"damage":0.0,"enemies":"2 Louse","floor":2.0,"turns":2.0},{"damage":0.0,"enemies":"Small Slimes","floor":3.0,"turns":3.0},{"damage":8.0,"enemies":"2 Fungi Beasts","floor":5.0,"turns":4.0},{"damage":26.0,"enemies":"3 Sentries","floor":7.0,"turns":14.0},{"damage":0.0,"enemies":"Looter","floor":11.0,"turns":5.0},{"damage":3.0,"enemies":"Large Slime","floor":13.0,"turns":7.0},{"damage":41.0,"enemies":"Lagavulin","floor":14.0,"turns":9.0},{"damage":36.0,"enemies":"Hexaghost","floor":16.0,"turns":12.0},{"damage":1.0,"enemies":"3 Byrds","floor":18.0,"turns":6.0},{"damage":65.0,"enemies":"Masked Bandits","floor":19.0,"turns":8.0},{"damage":0.0,"enemies":"2 Thieves","floor":20.0,"turns":5.0},{"damage":29,"enemies":"Slavers","floor":25,"turns":7},{"damage":0,"enemies":"Gremlin Leader","floor":31,"turns":5},{"damage":71,"enemies":"Collector","floor":33,"turns":6}],"seed_played":"8664304346697659122","potions_obtained":[{"floor":1.0,"key":"Energy Potion"},{"floor":3.0,"key":"CultistPotion"},{"floor":11.0,"key":"DuplicationPotion"},{"floor":19.0,"key":"Block Potion"},{"floor":20.0,"key":"PowerPotion"}],"is_trial":false,"path_per_floor":["M","M","M","?","M","R","E","R","T","$","M","R","M","E","R","B",null,"M","?","M","?","?","R","$","E","T","R","?","R","$","E","R","B"],"character_chosen":"ASTROLOGER","items_purchased":["astrologer:SolarFlare","astrologer:Still","Master of Strategy","Regen Potion"],"campfire_rested":6,"item_purchase_floors":[10,10,10,24],"current_hp_per_floor":[69,69,69,62,54,54,28,49,49,49,49,70,67,26,47,11,70,69,4,4,4,4,25,25,11,11,32,32,53,68,68,68,0,0],"gold":41,"neow_bonus":"HUNDRED_GOLD","is_daily":false,"chose_seed":false,"campfire_upgraded":2,"win_rate":0.0,"timestamp":1614386551,"path_taken":["M","M","?","?","M","R","E","R","T","$","M","R","M","E","R","BOSS","M","?","M","?","?","R","$","E","T","R","?","R","$","E","R","BOSS"],"items_purchased_type":["Card","Card","Card","Potion"],"build_version":"2020-12-22","purchased_purges":3,"victory":false,"max_hp_per_floor":[70,70,70,70,70,70,70,70,70,70,70,70,70,70,70,70,70,70,70,70,70,70,70,70,70,70,70,70,70,70,70,70,70,70],"card_choices":[{"not_picked":["astrologer:SpaceDust","astrologer:TheEmperor"],"picked":"astrologer:ShootingStar","floor":1.0},{"not_picked":["astrologer:Conjunction","astrologer:Cataclysm"],"picked":"astrologer:ShootingStar","floor":2.0},{"not_picked":["astrologer:Shine","astrologer:CometStrike"],"picked":"astrologer:Novile","floor":3.0},{"not_picked":["astrologer:Opposition","astrologer:Conjunction"],"picked":"astrologer:Moonlight","floor":5.0},{"not_picked":["astrologer:ShootingStar","astrologer:Moonlight"],"picked":"astrologer:Strength","floor":7.0},{"not_picked":["astrologer:Eclipse","astrologer:Judgement","astrologer:MeteorShower"],"picked":"SKIP","floor":11.0},{"not_picked":["astrologer:ReadTheStars","astrologer:TheHermit"],"picked":"astrologer:Strength","floor":13.0},{"not_picked":["astrologer:Still","astrologer:Premeditation"],"picked":"astrologer:SpaceDust","floor":14.0},{"not_picked":["astrologer:TheWorld","astrologer:WheelofFortune"],"picked":"astrologer:Premonition","floor":16.0},{"not_picked":["astrologer:Opposition","astrologer:Stardust+1"],"picked":"astrologer:Strength+1","floor":18.0},{"not_picked":["astrologer:Divination","astrologer:StarOfCourage"],"picked":"astrologer:MeteorShower","floor":19.0},{"not_picked":["astrologer:Still","astrologer:ReadTheStars+1"],"picked":"astrologer:Stardust+1","floor":20.0},{"not_picked":["astrologer:Opposition","astrologer:Quincunx"],"picked":"astrologer:FrozenStar+1","floor":25},{"not_picked":["astrologer:CometStrike","astrologer:ReadTheStars","astrologer:Confirmation"],"picked":"SKIP","floor":31}],"player_experience":178383,"relics_obtained":[{"floor":7.0,"key":"Unceasing Top"},{"floor":9.0,"key":"Shuriken"},{"floor":14.0,"key":"Juzu Bracelet"},{"floor":19.0,"key":"Red Mask"},{"floor":25,"key":"MealTicket"},{"floor":26,"key":"Tiny Chest"},{"floor":31,"key":"Potion Belt"}],"event_choices":[{"damage_healed":0.0,"max_hp_gain":0.0,"max_hp_loss":0.0,"gold_gain":0.0,"event_name":"Wheel of Change","player_choice":"Damaged","floor":4.0,"gold_loss":0.0,"damage_taken":7.0},{"damage_healed":0.0,"max_hp_gain":0.0,"max_hp_loss":0.0,"gold_gain":0.0,"event_name":"Masked Bandits","player_choice":"Fought Bandits","floor":19.0,"gold_loss":0.0,"damage_taken":0.0},{"damage_healed":0.0,"max_hp_gain":0.0,"max_hp_loss":0.0,"gold_gain":0.0,"event_name":"Forgotten Altar","player_choice":"Smashed Altar","floor":21.0,"gold_loss":0.0,"damage_taken":0.0,"cards_obtained":["Decay"]},{"cards_removed":["Decay"],"damage_healed":0.0,"max_hp_gain":0.0,"max_hp_loss":0.0,"gold_gain":0.0,"event_name":"Back to Basics","player_choice":"Elegance","floor":22.0,"gold_loss":0.0,"damage_taken":0.0},{"damage_healed":0,"gold_gain":0,"player_choice":"Read","damage_taken":0,"max_hp_gain":0,"max_hp_loss":0,"event_name":"The Library","floor":28,"gold_loss":0,"cards_obtained":["astrologer:StarOfMisfortune"]}],"is_beta":false,"boss_relics":[{"not_picked":["Philosopher\u0027s Stone","Snecko Eye"],"picked":"SlaversCollar"}],"items_purged_floors":[10,24,30],"is_endless":false,"potions_floor_spawned":[1,3,11,13,19,20],"killed_by":"Collector","ascension_level":0}}