{"host":"wshey5htrz8rni6u","time":1614388190,"event":{"mods":["2.2 Compatiblity","BaseMod","Block Reminder","Colored Map","Colored Powertips","Current Relic Mod","Curses Come First","Dark Map","Key Reminder","Keyboard Shortcuts","Minty Spire (QoL Compilation)","Potion Indicator Mod","Quick Restart","Random Character Button","Relic Sorter","Relic Stats","StSLib","SuperFastMode","Unceasing Turn Reminder","UnlockEverythingMod","Weighted Paths"],"gold_per_floor":[117,136,136,151,48,77,77,110,146,177,189,259,287,314,326,411,423,447,479,508,520,520],"floor_reached":21,"language":"ENG","playtime":981,"items_purged":["Pain"],"score":376,"play_id":"4c66438b-ee94-4b59-a187-d8bc4560dd14","local_time":"20210226170950","is_ascension_mode":true,"campfire_choices":[{"floor":7.0,"key":"REST"},{"floor":11.0,"key":"REST"},{"floor":15.0,"key":"REST"}],"circlet_count":0,"master_deck":["AscendersBane","Strike_G","Strike_G","Strike_G","Strike_G","Strike_G","Defend_G","Defend_G","Defend_G","Defend_G","Defend_G","Survivor","Neutralize","Writhe","After Image","Bouncing Flask","Bane","Bane","PiercingWail","Cloak And Dagger","Night Terror","Poisoned Stab","Poisoned Stab","Catalyst","Burst","PiercingWail","Dagger Spray","Poisoned Stab+1"],"relics":["Ring of the Snake","WarpedTongs","Pen Nib","MawBank","Anchor","Nunchaku","Cursed Key"],"acts_visited":["Exordium","TheCity"],"potions_floor_usage":[19],"damage_taken":[{"damage":0.0,"enemies":"2 Louse","floor":1.0,"turns":5.0},{"damage":0.0,"enemies":"Cultist","floor":2.0,"turns":4.0},{"damage":7.0,"enemies":"Small Slimes","floor":4.0,"turns":4.0},{"damage":21.0,"enemies":"Lagavulin","floor":6.0,"turns":6.0},{"damage":28.0,"enemies":"3 Sentries","floor":8.0,"turns":9.0},{"damage":1.0,"enemies":"3 Louse","floor":10.0,"turns":3.0},{"damage":17.0,"enemies":"3 Sentries","floor":12.0,"turns":10.0},{"damage":2.0,"enemies":"Exordium Wildlife","floor":13.0,"turns":3.0},{"damage":5.0,"enemies":"Looter","floor":14.0,"turns":4.0},{"damage":15.0,"enemies":"Hexaghost","floor":16.0,"turns":10.0},{"damage":21,"enemies":"Chosen","floor":18,"turns":4},{"damage":1,"enemies":"Shell Parasite","floor":19,"turns":6},{"damage":1,"enemies":"Centurion and Healer","floor":20,"turns":8},{"damage":32,"enemies":"Snake Plant","floor":21,"turns":3}],"seed_played":"-8861298580374807304","potions_obtained":[{"floor":1.0,"key":"Poison Potion"},{"floor":4.0,"key":"BlessingOfTheForge"},{"floor":12.0,"key":"PowerPotion"},{"floor":14.0,"key":"Weak Potion"}],"is_trial":false,"path_per_floor":["M","M","?","M","$","E","R","E","T","M","R","?","M","M","R","B",null,"M","M","M","M"],"character_chosen":"THE_SILENT","items_purchased":["PiercingWail"],"campfire_rested":3,"item_purchase_floors":[5],"current_hp_per_floor":[59,59,59,52,52,31,50,22,22,21,40,23,21,16,35,20,55,34,33,32,0,0],"gold":520,"neow_bonus":"THREE_RARE_CARDS","is_daily":false,"chose_seed":false,"campfire_upgraded":0,"win_rate":0.0,"timestamp":1614388190,"path_taken":["M","M","?","?","$","E","R","E","T","?","R","?","M","M","R","BOSS","M","M","M","M"],"items_purchased_type":["Card"],"build_version":"2020-12-13","purchased_purges":1,"victory":false,"max_hp_per_floor":[66,66,66,66,66,66,66,66,66,66,66,66,66,66,66,66,66,66,66,66,66,66],"relic_stats":{"Nunchaku":[8],"counters":[14,79],"Pen Nib":[10],"MawBank":156,"Cursed Key":0,"obtain_stats":[{"Anchor":9,"Nunchaku":12,"Pen Nib":6,"MawBank":8,"Cursed Key":17,"Ring of the Snake":0,"WarpedTongs":3},{"Anchor":5,"Nunchaku":6,"Pen Nib":4,"MawBank":5,"Cursed Key":10,"Ring of the Snake":0,"WarpedTongs":2},{"Anchor":28,"Nunchaku":31,"Pen Nib":19,"MawBank":28,"Cursed Key":58,"Ring of the Snake":0,"WarpedTongs":9}],"Ring of the Snake":[28],"WarpedTongs":[68]},"card_choices":[{"not_picked":["Malaise","Bullet Time"],"picked":"After Image","floor":0.0},{"not_picked":["Sucker Punch","Deflect"],"picked":"Bouncing Flask","floor":1.0},{"not_picked":["Deflect","Backflip"],"picked":"Bane","floor":2.0},{"not_picked":["Outmaneuver","Quick Slash"],"picked":"Bane","floor":4.0},{"not_picked":["Quick Slash","Masterful Stab"],"picked":"Cloak And Dagger","floor":6.0},{"not_picked":["Calculated Gamble","Predator"],"picked":"Night Terror","floor":8.0},{"not_picked":["Prepared","Calculated Gamble"],"picked":"Poisoned Stab","floor":10.0},{"not_picked":["Prepared","Flying Knee"],"picked":"Poisoned Stab","floor":12.0},{"not_picked":["Underhanded Strike","Escape Plan"],"picked":"Catalyst","floor":13.0},{"not_picked":["Flying Knee","All Out Attack","Masterful Stab"],"picked":"SKIP","floor":14.0},{"not_picked":["A Thousand Cuts","Tools of the Trade"],"picked":"Burst","floor":16.0},{"not_picked":["Blade Dance","Caltrops"],"picked":"PiercingWail","floor":18},{"not_picked":["Heel Hook","Bane"],"picked":"Dagger Spray","floor":19},{"not_picked":["Dagger Throw","Bane"],"picked":"Poisoned Stab+1","floor":20}],"player_experience":228453,"relics_obtained":[{"floor":6.0,"key":"Pen Nib"},{"floor":8.0,"key":"MawBank"},{"floor":9.0,"key":"Anchor"}],"event_choices":[{"damage_healed":0.0,"max_hp_gain":0.0,"max_hp_loss":0.0,"gold_gain":0.0,"event_name":"Accursed Blacksmith","player_choice":"Rummage","floor":3.0,"gold_loss":0.0,"damage_taken":0.0,"relics_obtained":["WarpedTongs"],"cards_obtained":["Pain"]},{"damage_healed":0.0,"max_hp_gain":0.0,"max_hp_loss":0.0,"gold_gain":0.0,"event_name":"Dead Adventurer","player_choice":"Searched \u00272\u0027 times","floor":12.0,"gold_loss":0.0,"damage_taken":0.0,"relics_obtained":["Nunchaku"]}],"is_beta":false,"boss_relics":[{"not_picked":["WristBlade","SlaversCollar"],"picked":"Cursed Key"}],"items_purged_floors":[5],"is_endless":false,"potions_floor_spawned":[1,4,12,14],"killed_by":"Snake Plant","ascension_level":19}}