{"host":"toh0bbw446wnuexf","time":1614394813,"event":{"mods":["BaseMod","Downfall","Hermit","Minty Spire (QoL Compilation)","Random Character Button","Robot Space Explorer","StSLib"],"gold_per_floor":[0,150,169,79,79,79,79,79,94,79,79,90,90,90,106,206,206,206,224,224,209,229,229,229,229,229,229,229],"floor_reached":26,"language":"ENG","playtime":1505,"items_purged":["downfall:Icky"],"score":246,"play_id":"162d0ba4-8ab2-474a-bcdc-4a6e251e34fc","local_time":"20210227160013","is_ascension_mode":true,"campfire_choices":[{"data":"Panache","floor":1,"key":"SMITH"},{"data":"champ:Backstep","floor":6,"key":"SMITH"},{"data":"champ:GutPunch","floor":11,"key":"SMITH"},{"data":"champ:ShieldSlam","floor":13,"key":"SMITH"},{"data":"champ:EnchantCrown","floor":18,"key":"SMITH"},{"data":"champ:Execute","floor":23,"key":"SMITH"},{"data":"champ:Defend","floor":25,"key":"SMITH"}],"circlet_count":0,"master_deck":["champ:Strike","champ:Strike","champ:Strike","champ:Strike","champ:Defend","champ:Defend","champ:Defend","champ:Defend+1","champ:Execute+1","Panache+1","champ:GutPunch+1","champ:Backstep+1","champ:ShieldSlam+1","champ:EnchantCrown+1"],"relics":["champ:ChampionCrown","Coffee Dripper","Nloth\u0027s Gift","HornCleat"],"acts_visited":["Exordium","TheCity"],"potions_floor_usage":[16],"damage_taken":[{"damage":33,"enemies":"Cultist","floor":3,"turns":6},{"damage":15,"enemies":"downfall:FleeingMerchant","floor":4,"turns":4},{"damage":0,"enemies":"Small Slimes","floor":9,"turns":3},{"damage":25,"enemies":"downfall:FleeingMerchant","floor":10,"turns":4},{"damage":11,"enemies":"Jaw Worm","floor":12,"turns":4},{"damage":11,"enemies":"Large Slime","floor":15,"turns":5},{"damage":54,"enemies":"IC_STATUS_ARCHETYPE","floor":16,"turns":9},{"damage":29,"enemies":"Shell Parasite","floor":19,"turns":5},{"damage":17,"enemies":"downfall:FleeingMerchant","floor":21,"turns":4},{"damage":30,"enemies":"3 Byrds","floor":22,"turns":6},{"damage":88,"enemies":"Slavers","floor":26,"turns":5}],"seed_played":"-3682417684248481686","potions_obtained":[{"floor":3,"key":"SmokeBomb"},{"floor":12,"key":"LiquidBronze"},{"floor":19,"key":"GamblersBrew"}],"is_trial":false,"path_per_floor":["R","?","M","$","?","R","T","?","M","$","R","M","R","?","M","B",null,"R","M","?","$","M","R","T","R","E"],"character_chosen":"THE_CHAMP","items_purchased":[],"campfire_rested":0,"item_purchase_floors":[],"current_hp_per_floor":[90,90,67,67,67,67,81,81,81,76,76,75,75,85,74,40,114,114,105,105,98,88,88,88,88,0,0,0],"gold":229,"neow_bonus":"RANDOM_COLORLESS_2","is_daily":false,"chose_seed":false,"campfire_upgraded":7,"win_rate":0.0,"timestamp":1614394813,"path_taken":["R","?","M","$","?","R","T","?","M","?","R","M","R","?","M","BOSS","R","M","?","?","M","R","T","R","E"],"items_purchased_type":[],"build_version":"2020-12-22","purchased_purges":1,"victory":false,"max_hp_per_floor":[90,90,90,90,90,90,104,104,104,104,104,104,104,114,114,114,114,114,114,114,114,114,114,114,114,114,114,114],"card_choices":[{"not_picked":["Metamorphosis","HandOfGreed"],"picked":"Panache","floor":0},{"not_picked":["champ:FanOfKnives","champ:FlashCut"],"picked":"champ:GutPunch","floor":3},{"not_picked":["champ:FanOfKnives","champ:Encircle"],"picked":"champ:Backstep","floor":4},{"not_picked":["champ:GladiatorStyle","champ:CalledShot"],"picked":"champ:ShieldSlam","floor":9},{"not_picked":["champ:ShieldSigil","champ:Duel","champ:BringItOn"],"picked":"SKIP","floor":10},{"not_picked":["champ:BerserkersShout","champ:ShieldSigil","champ:Haymaker"],"picked":"SKIP","floor":12},{"not_picked":["champ:GutPunch","champ:BerserkersShout","champ:EnragedBash"],"picked":"SKIP","floor":15},{"not_picked":["champ:DancingMaster","champ:ShieldThrow"],"picked":"champ:EnchantCrown","floor":16},{"not_picked":["champ:BladeFlurry+1","champ:GutPunch","champ:StanceDance"],"picked":"SKIP","floor":19},{"not_picked":["champ:DeathBlow","champ:SetATrap","champ:Shatter"],"picked":"SKIP","floor":21},{"not_picked":["champ:Backstep","champ:Improvising","champ:Haymaker"],"picked":"SKIP","floor":22}],"player_experience":740050,"relics_obtained":[{"floor":7,"key":"Mango"},{"floor":24,"key":"HornCleat"}],"event_choices":[{"cards_removed":["champ:Taunt"],"damage_healed":0,"gold_gain":0,"player_choice":"Card Removal","damage_taken":0,"max_hp_gain":0,"max_hp_loss":0,"event_name":"The Cleric","floor":8,"gold_loss":0}],"is_beta":false,"boss_relics":[{"not_picked":["Tiny House","Calling Bell"],"picked":"Coffee Dripper"}],"items_purged_floors":[4],"is_endless":false,"potions_floor_spawned":[3,12,19],"killed_by":"Slavers","ascension_level":3}}