{"host":"ffjrj7fisyni1ebk","time":1614417473,"event":{"mods":["2.2 Compatiblity","BaseMod","Bestiary","Colored Map","Colored Powertips","Curses Come First","Highlight Path","Keyboard Shortcuts","Minty Spire (QoL Compilation)","Relic Stats","Slay the Relics Exporter","StSLib","SuperFastMode"],"gold_per_floor":[119,119,294,41,57,83,100,100,100,100,112,139,139,165,165,270,270,281,299,318,268,190,190,190],"floor_reached":23,"language":"ENG","playtime":959,"items_purged":["Regret"],"score":272,"play_id":"fe72e6ce-9d4b-4bbd-afdd-ee5bdf3b6efc","local_time":"20210227111753","is_ascension_mode":true,"campfire_choices":[{"data":"Self Repair","floor":8,"key":"SMITH"},{"data":"Storm","floor":10,"key":"SMITH"},{"floor":15,"key":"RECALL"}],"circlet_count":0,"master_deck":["Strike_B","Strike_B","Strike_B","Strike_B+1","Defend_B+1","Defend_B","Defend_B","Defend_B","Zap","Dualcast","Leap","Doubt","Self Repair+1","White Noise","Storm+1","Hello World","Coolheaded","BootSequence","Amplify","Storm+1","Glacier","Self Repair"],"relics":["Cracked Core","NeowsBlessing","Ancient Tea Set","Membership Card","Lizard Tail","Singing Bowl","Happy Flower","InkBottle","Inserter","Orrery"],"acts_visited":["Exordium","TheCity"],"potions_floor_usage":[16,16,19,20,20],"damage_taken":[{"damage":0,"enemies":"Small Slimes","floor":1,"turns":1},{"damage":0,"enemies":"2 Louse","floor":5,"turns":1},{"damage":0,"enemies":"Gremlin Nob","floor":6,"turns":1},{"damage":6,"enemies":"Jaw Worm","floor":7,"turns":4},{"damage":18,"enemies":"Exordium Thugs","floor":11,"turns":6},{"damage":0,"enemies":"3 Sentries","floor":12,"turns":2},{"damage":7,"enemies":"Lagavulin","floor":14,"turns":12},{"damage":25,"enemies":"Hexaghost","floor":16,"turns":10},{"damage":36,"enemies":"Shell Parasite","floor":18,"turns":8},{"damage":36,"enemies":"3 Byrds","floor":19,"turns":7},{"damage":59,"enemies":"3 Cultists","floor":20,"turns":6},{"damage":27,"enemies":"Slavers","floor":23,"turns":2}],"seed_played":"-6254719442910377318","potions_obtained":[{"floor":7,"key":"Dexterity Potion"},{"floor":12,"key":"Block Potion"},{"floor":16,"key":"Strength Potion"},{"floor":18,"key":"BlessingOfTheForge"},{"floor":19,"key":"Explosive Potion"}],"is_trial":false,"path_per_floor":["M","?","?","$","M","E","M","R","T","R","M","E","?","E","R","B",null,"M","M","M","?","$","E"],"character_chosen":"DEFECT","items_purchased":["Membership Card","Self Repair","Orrery"],"campfire_rested":0,"item_purchase_floors":[4,4,22],"current_hp_per_floor":[75,75,75,75,75,75,75,75,75,75,67,75,60,65,65,52,79,55,29,23,23,27,0,0],"gold":190,"neow_bonus":"THREE_ENEMY_KILL","is_daily":false,"chose_seed":false,"campfire_upgraded":2,"win_rate":0.0,"timestamp":1614417473,"path_taken":["M","?","?","$","M","E","M","R","T","R","M","E","?","E","R","BOSS","M","M","M","?","$","E"],"items_purchased_type":["Relic","Card","Relic"],"build_version":"2020-12-22","purchased_purges":1,"victory":false,"max_hp_per_floor":[75,75,75,75,75,75,75,75,75,75,75,75,75,77,77,79,79,81,81,81,81,85,85,85],"relic_stats":{"Lizard Tail":40,"Inserter":[11],"Singing Bowl":10,"Happy Flower":[15],"counters":[12,60],"obtain_stats":[{"Lizard Tail":6,"Inserter":17,"NeowsBlessing":0,"Singing Bowl":9,"Happy Flower":12,"Orrery":22,"Membership Card":4,"Cracked Core":0,"Ancient Tea Set":2,"InkBottle":14},{"Lizard Tail":3,"Inserter":8,"NeowsBlessing":0,"Singing Bowl":4,"Happy Flower":6,"Orrery":11,"Membership Card":1,"Cracked Core":0,"Ancient Tea Set":1,"InkBottle":7},{"Lizard Tail":3,"Inserter":37,"NeowsBlessing":0,"Singing Bowl":7,"Happy Flower":15,"Orrery":58,"Membership Card":1,"Cracked Core":0,"Ancient Tea Set":1,"InkBottle":27}],"InkBottle":[12]},"card_choices":[{"not_picked":["Compile Driver","Go for the Eyes"],"picked":"Leap","floor":1},{"not_picked":["Hello World","Leap"],"picked":"White Noise","floor":5},{"not_picked":["Skim","Streamline"],"picked":"Storm","floor":6},{"not_picked":["Compile Driver","Rebound","Beam Cell"],"picked":"SKIP","floor":7},{"not_picked":["Thunder Strike","Go for the Eyes"],"picked":"Hello World","floor":11},{"not_picked":["Sweeping Beam","Cold Snap"],"picked":"Coolheaded","floor":12},{"not_picked":["Streamline","Go for the Eyes","Steam"],"picked":"Singing Bowl","floor":14},{"not_picked":["Reboot","Thunder Strike","Meteor Strike"],"picked":"Singing Bowl","floor":16},{"not_picked":["Compile Driver","Cold Snap","Go for the Eyes"],"picked":"Singing Bowl","floor":18},{"not_picked":["Ball Lightning","Leap+1"],"picked":"BootSequence","floor":19},{"not_picked":["Barrage","Hologram+1"],"picked":"Amplify","floor":20},{"not_picked":["Lockon","Conserve Battery","Coolheaded"],"picked":"Singing Bowl","floor":22},{"not_picked":["Steam","Sweeping Beam","Reprogram"],"picked":"Singing Bowl","floor":22},{"not_picked":["Doom and Gloom+1","FTL"],"picked":"Storm+1","floor":22},{"not_picked":["Turbo","All For One"],"picked":"Glacier","floor":22},{"not_picked":["Stack","Go for the Eyes"],"picked":"Self Repair","floor":22}],"player_experience":352003,"relics_obtained":[{"floor":6,"key":"Lizard Tail"},{"floor":9,"key":"Singing Bowl"},{"floor":12,"key":"Happy Flower"},{"floor":14,"key":"InkBottle"}],"event_choices":[{"damage_healed":0,"gold_gain":0,"player_choice":"Box","damage_taken":0,"relics_obtained":["Ancient Tea Set"],"max_hp_gain":0,"max_hp_loss":0,"event_name":"Big Fish","floor":2,"gold_loss":0,"cards_obtained":["Regret"]},{"damage_healed":0,"gold_gain":175,"player_choice":"AGREE","damage_taken":0,"max_hp_gain":0,"max_hp_loss":0,"event_name":"Liars Game","floor":3,"gold_loss":0,"cards_obtained":["Doubt"]},{"damage_healed":0,"gold_gain":0,"player_choice":"Entered Light","damage_taken":15,"max_hp_gain":0,"max_hp_loss":0,"event_name":"Shining Light","floor":13,"gold_loss":0,"cards_upgraded":["Defend_B","Strike_B"]},{"damage_healed":0,"gold_gain":0,"player_choice":"Bet on Murderer","damage_taken":0,"max_hp_gain":0,"max_hp_loss":0,"event_name":"The Joust","floor":21,"gold_loss":50}],"is_beta":false,"boss_relics":[{"not_picked":["Coffee Dripper","Fusion Hammer"],"picked":"Inserter"}],"items_purged_floors":[4],"is_endless":false,"potions_floor_spawned":[7,12,16,18,19],"killed_by":"Slavers","ascension_level":1}}