{"host":"t5kis9necmbui802","time":1614410679,"event":{"mods":["100% Spire Juice","Act Like it!","BaseMod","CapriCore","Chen","Colored Powertips","Downfall","Gensokyo","HololiveMod","Koishi","KomeijiMod","Lobotomy","LobotomyExtend","Minty Spire (QoL Compilation)","MostiFishMod","Replay The Spire","Robot Space Explorer","Shop Mod","Spicy Shops","StSLib","The Alterego","The Immortal","TheWitcher","Uncapped","Yuri Mod","noobMod"],"gold_per_floor":[99,117,132,132,132,164,164,164,182,198,228,228,247,274,284,389,389,389,408,408,288,288,0,48,48,60,6,19,19,119,152,463,568,568,568,887,904,2,2,2,25,39,74,-1376,-1376,-1376,-1143,-1123,-1123,-1105,-1092,-1092,-1092],"floor_reached":54,"language":"ZHS","playtime":4422,"items_purged":["Pain","SnafuTest:CurseBloodThirst"],"score":1251,"play_id":"a9653bd3-15df-4c14-8832-4d472a64a09e","local_time":"20210227152439","is_ascension_mode":true,"campfire_choices":[],"circlet_count":0,"master_deck":["sneckomod:Strike","sneckomod:Strike","sneckomod:Strike","sneckomod:Defend+1","sneckomod:Defend+1","sneckomod:Defend+1","sneckomod:TailWhip","sneckomod:SnekBite","sneckomod:Unknown","Injury","WipeMoisture+","sneckomod:UnknownX","sneckomod:WideSting","Hallucinations","sneckomod:SerpentIdol","Clumsy","sneckomod:SlitherStrike","sneckomod:RainOfDice","sneckomod:MorePower","sneckomod:IronFang","sneckomod:UnknownDexterity+1","sneckomod:Nope","sneckomod:UnknownRareSkill+1","sneckomod:UnknownUncommonAttack+1","sneckomod:UnknownBoss","TerribleSouvenir+1","sneckomod:UnknownVulnerable+1","Shame","sneckomod:UnendingSupply+1","sneckomod:MasterEye","sneckomod:UnknownClassRED+1","sneckomod:QuickMove","sneckomod:DiceCrush","sneckomod:UnknownCommonAttack","expansioncontent:InvincibleStrength","expansioncontent:StudyTheSpire","sneckomod:UnknownClass古明地觉+1","sneckomod:WideSting+1","sneckomod:Unknown0Cost+1","sneckomod:Unknown0Cost+1","Juggernaut+1","CurseOfTheBell","CurseOfTheBell","SnafuTest:CurseWeakArmy","sneckomod:DangerNoodle","sneckomod:UnknownDraw+1","sneckomod:SoulDraw+1","Gensokyo:ShootingStar","sneckomod:UnknownRareAttack","Sickly","Clumsy","Confused","Hemogenesis+1","sneckomod:Unknown3Cost+1","sneckomod:CheapStock+1","sneckomod:CheapStock","Metamorphosis+1","Deep Breath","Replay:Parry","Gensokyo:LochNessMonster","Gensokyo:HAARP","sneckomod:UnendingSupply+1","sneckomod:UnknownRarePower+1","sneckomod:UnknownX","sneckomod:TrashToTreasure+1","sneckomod:SoulDraw+1","sneckomod:UnknownUncommonAttack+1","sneckomod:UnknownClassRED+1"],"relics":["sneckomod:SneckoSoul","DaveBox","ice","Art of War","Civilization","LetterFromLob","Gensokyo:CelestialsFlawlessClothing","Ring of Panic","Ring of Peace","Unceasing Top","Nunchaku","Gensokyo:NagashiBinaDoll","Mirror","Gensokyo:LunaticRedEyes","Replay:Ringing Soul","ChiXiaoBlade","Gensokyo:MaskOfHope","Gensokyo:RedStar","downfall:ExtraCursedBell","ReplayFunnel","ReplayTheSpireMod:Ninjato","Pocketwatch","Anchor","Bronze Scales","InkBottle","Bird Faced Urn","Chi","Ling","BirthdayGift-Icosahedron","ReplayTheSpireMod:ShopPack","TungstenRod","ReplayTheSpireMod:Lightbulb","Thread and Needle","MerchantsRug","Garlic","Guide Book","SynthV:MejaisSoulstealer","Replay:Mystery Machine"],"acts_visited":["Gensokyo:Gensokyo","Gensokyo:Gensokyoer","Gensokyo:Gensokyoest"],"potions_floor_usage":[16,33,52],"damage_taken":[{"damage":2,"enemies":"Gensokyo:Gryphon","floor":2,"turns":3},{"damage":0,"enemies":"Gensokyo:Python","floor":3,"turns":2},{"damage":28,"enemies":"Gensokyo:Aya","floor":6,"turns":7},{"damage":0,"enemies":"Gensokyo:3_Fairies","floor":9,"turns":4},{"damage":0,"enemies":"Gensokyo:LivingMonolith","floor":10,"turns":3},{"damage":0,"enemies":"Gensokyo:Mamizou","floor":11,"turns":5},{"damage":4,"enemies":"Gensokyo:CorruptedTreant","floor":13,"turns":3},{"damage":3,"enemies":"Gensokyo:Aya","floor":14,"turns":4},{"damage":0,"enemies":"Gensokyo:Gryphon_and_Rabbit","floor":15,"turns":1},{"damage":39,"enemies":"DF_ARCHETYPE_STREAMLINE","floor":16,"turns":7},{"damage":0,"enemies":"Gensokyo:AngelMirror","floor":19,"turns":1},{"damage":1,"enemies":"downfall:FleeingMerchant","floor":23,"turns":4},{"damage":0,"enemies":"Gensokyo:CosmicMonolith","floor":26,"turns":1},{"damage":0,"enemies":"Gensokyo:Chomper_and_Gloop","floor":28,"turns":5},{"damage":0,"enemies":"Gensokyo:Koishi","floor":31,"turns":3},{"damage":0,"enemies":"Gensokyo:Swordslinger","floor":32,"turns":2},{"damage":3,"enemies":"IC_MUSHROOM_ARCHETYPE","floor":33,"turns":5},{"damage":31,"enemies":"Gensokyo:AncientGuardian","floor":36,"turns":7},{"damage":0,"enemies":"Gensokyo:3_Boulders","floor":37,"turns":3},{"damage":0,"enemies":"Gensokyo:Sharpion","floor":42,"turns":1},{"damage":0,"enemies":"Gensokyo:Marisa","floor":43,"turns":2},{"damage":0,"enemies":"downfall:FleeingMerchant","floor":44,"turns":1},{"damage":0,"enemies":"Gensokyo:Doremy","floor":47,"turns":2},{"damage":0,"enemies":"Gensokyo:Rafflesia","floor":48,"turns":2},{"damage":0,"enemies":"Gensokyo:SeedOfUnknown","floor":50,"turns":1},{"damage":0,"enemies":"Gensokyo:AtlasGolem","floor":51,"turns":2},{"damage":0,"enemies":"SI_POISON_ARCHETYPE","floor":52,"turns":3}],"seed_played":"-873980249503204571","potions_obtained":[{"floor":3,"key":"Dexterity Potion"},{"floor":9,"key":"Guardian:BlockOnCardUsePotion"},{"floor":10,"key":"BlessingOfTheForge"},{"floor":13,"key":"ExcitationPotion"},{"floor":16,"key":"Fire Potion"},{"floor":26,"key":"Ancient Potion"},{"floor":31,"key":"SmokeBomb"},{"floor":42,"key":"Fire Potion"},{"floor":48,"key":"Strength Potion"},{"floor":50,"key":"Death Potion"},{"floor":51,"key":"Adrenaline Potion"}],"is_trial":false,"path_per_floor":["R","M","M","?","?","E","T","?","M","M","E","?","M","E","M","B",null,"R","M","?","?","?","$","T","?","M","COS","M","R","?","E","M","B",null,"R","M","M","COS","?","?","T","M","E","$","PTL","PTL","E","M","?","M","M","B",null,null],"character_chosen":"THE_SNECKO","items_purchased":["BargainBundle","sneckomod:MasterEye","sneckomod:UnknownClassRED+1","sneckomod:QuickMove","sneckomod:DiceCrush","sneckomod:UnknownCommonAttack","expansioncontent:InvincibleStrength","expansioncontent:StudyTheSpire","Adrenaline Potion","MerchantsRug","Garlic","Guide Book","SynthV:MejaisSoulstealer"],"campfire_rested":0,"item_purchase_floors":[23,23,23,23,23,23,23,23,23,44,44,44,44],"current_hp_per_floor":[90,89,91,68,68,43,43,43,46,50,55,55,56,61,66,35,134,137,145,148,148,148,155,155,158,166,169,178,181,189,197,205,210,216,219,210,220,223,128,128,128,145,166,185,185,185,204,229,229,253,284,299,299],"gold":-1092,"neow_bonus":"RANDOM_EVENT","is_daily":false,"chose_seed":false,"campfire_upgraded":0,"win_rate":0.0,"timestamp":1614410679,"path_taken":["R","M","M","?","?","E","T","?","M","M","E","?","?","E","M","BOSS","R","M","?","?","?","$","T","?","?","COS","M","R","?","E","M","BOSS","R","M","M","COS","?","?","T","?","E","$","PTL","PTL","E","M","?","M","M","BOSS"],"items_purchased_type":["Relic","Card","Card","Card","Card","Card","Card","Card","Potion","Relic","Relic","Relic","Relic"],"build_version":"2020-12-22","purchased_purges":2,"victory":true,"max_hp_per_floor":[90,91,93,93,93,96,96,96,99,103,108,108,113,121,126,134,134,137,145,148,148,148,156,156,159,167,170,178,181,189,197,205,213,216,219,227,235,238,238,238,238,246,254,262,262,262,270,278,278,286,294,299,299],"card_choices":[{"not_picked":["sneckomod:PureSnecko","sneckomod:SoulDraw"],"picked":"sneckomod:UnknownX","floor":2},{"not_picked":["sneckomod:Unknown0Cost","sneckomod:DiceCrush"],"picked":"sneckomod:WideSting","floor":3},{"not_picked":["sneckomod:SoulRoll","sneckomod:UnknownBlock"],"picked":"sneckomod:SerpentIdol","floor":6},{"not_picked":["sneckomod:WideSting","sneckomod:UnknownUncommonSkill"],"picked":"sneckomod:SlitherStrike","floor":9},{"not_picked":["sneckomod:WideSting","sneckomod:UnknownDraw"],"picked":"sneckomod:RainOfDice","floor":10},{"not_picked":["sneckomod:QuickMove","sneckomod:WideSting"],"picked":"sneckomod:MorePower","floor":11},{"not_picked":["sneckomod:UnknownBlock+1","sneckomod:Unknown2Cost+1"],"picked":"sneckomod:UnknownRarePower+1","floor":13},{"not_picked":["sneckomod:DiceCrush","sneckomod:SoulDraw"],"picked":"sneckomod:IronFang","floor":13},{"not_picked":["sneckomod:UnknownExhaust+1","sneckomod:UnknownDraw+1"],"picked":"sneckomod:UnknownDexterity+1","floor":14},{"not_picked":["sneckomod:IronFang","sneckomod:UnknownCommonSkill"],"picked":"sneckomod:Nope","floor":14},{"not_picked":["sneckomod:RainOfDice","sneckomod:IronFang","sneckomod:QuickBite"],"picked":"SKIP","floor":15},{"not_picked":["sneckomod:UnknownUncommonSkill+1","sneckomod:UnknownDraw+1"],"picked":"sneckomod:UnknownDexterity+1","floor":16},{"not_picked":["sneckomod:UnknownUncommonPower+1","sneckomod:UnknownUncommonSkill+1"],"picked":"sneckomod:UnknownRareSkill+1","floor":16},{"not_picked":["sneckomod:UnknownDexterity+1","sneckomod:UnknownCommonAttack+1"],"picked":"sneckomod:UnknownUncommonAttack+1","floor":16},{"not_picked":["sneckomod:DangerNoodle","sneckomod:UnknownRareAttack"],"picked":"sneckomod:UnknownBoss","floor":16},{"not_picked":["sneckomod:Unknown1Cost","sneckomod:UnendingSupply"],"picked":"sneckomod:UnknownVulnerable+1","floor":19},{"not_picked":["sneckomod:UnknownUncommonPower+1","sneckomod:UnknownCommonAttack+1"],"picked":"sneckomod:UnknownRareAttack+1","floor":23},{"not_picked":["sneckomod:UnknownCommonSkill","sneckomod:SoulDraw+1"],"picked":"sneckomod:UnendingSupply+1","floor":23},{"not_picked":["sneckomod:QuickBite","sneckomod:TrashToTreasure+1"],"picked":"sneckomod:UnknownClass古明地觉+1","floor":26},{"not_picked":["sneckomod:UnknownCommonSkill+1","sneckomod:DiceCrush+1"],"picked":"sneckomod:WideSting+1","floor":28},{"not_picked":["sneckomod:UnknownUncommonAttack+1","sneckomod:UnknownClass古明地觉+1"],"picked":"sneckomod:Unknown0Cost+1","floor":28},{"not_picked":["sneckomod:UnknownStrike","sneckomod:SoulRoll"],"picked":"sneckomod:Unknown0Cost+1","floor":28},{"not_picked":["sneckomod:DangerNoodle","sneckomod:UnknownClassRED"],"picked":"sneckomod:UnknownDraw+1","floor":31},{"not_picked":["sneckomod:UnknownStrike","sneckomod:PureSnecko"],"picked":"sneckomod:SoulDraw+1","floor":32},{"not_picked":[],"picked":"Gensokyo:ShootingStar","floor":33},{"not_picked":["sneckomod:UnlimitedRolls","sneckomod:UnknownRareSkill"],"picked":"sneckomod:UnknownRareAttack","floor":33},{"not_picked":["Decay","Gensokyo:ImpossibleRequest"],"picked":"Sickly","floor":34},{"not_picked":["SnafuTest:CurseSurrender","ReplayTheSpireMod:Doomed"],"picked":"Clumsy","floor":34},{"not_picked":["SnafuTest:CurseBloodThirst","Pain"],"picked":"Confused","floor":34},{"not_picked":["sneckomod:Unknown1Cost+1","sneckomod:UnknownBlock+1"],"picked":"sneckomod:Unknown3Cost+1","floor":36},{"not_picked":["sneckomod:SoulRoll","sneckomod:Unknown2Cost+1"],"picked":"sneckomod:CheapStock+1","floor":36},{"not_picked":["sneckomod:DiceCrush","sneckomod:UnknownClassYURI_PURPLE"],"picked":"sneckomod:CheapStock","floor":37},{"not_picked":["MostiFishMod:ElfcollectionBox","Secret Technique"],"picked":"Metamorphosis","floor":38},{"not_picked":["Finesse","The Bomb"],"picked":"Deep Breath","floor":38},{"not_picked":["The Bomb","Muse"],"picked":"Replay:Parry","floor":38},{"not_picked":["sneckomod:QuickMove+1","sneckomod:UnknownCommonAttack+1"],"picked":"sneckomod:UnendingSupply+1","floor":42},{"not_picked":["sneckomod:UnknownCommonSkill","sneckomod:DiceBlock+1"],"picked":"sneckomod:UnknownRarePower","floor":43},{"not_picked":["sneckomod:WideSting","sneckomod:UnknownDraw"],"picked":"sneckomod:UnknownX","floor":44},{"not_picked":["sneckomod:Nope+1","sneckomod:SerpentMind"],"picked":"sneckomod:TrashToTreasure+1","floor":47},{"not_picked":["sneckomod:DefensiveFlair","sneckomod:Nope"],"picked":"sneckomod:SoulDraw+1","floor":48},{"not_picked":["sneckomod:UnknownClass古明地觉+1","sneckomod:UnknownStrike+1"],"picked":"sneckomod:UnknownUncommonAttack+1","floor":50},{"not_picked":["sneckomod:IronFang","sneckomod:RainOfDice+1"],"picked":"sneckomod:UnknownClassRED+1","floor":51}],"player_experience":473150,"relics_obtained":[{"floor":2,"key":"LetterFromLob"},{"floor":5,"key":"Ring of Panic"},{"floor":5,"key":"Ring of Peace"},{"floor":6,"key":"Unceasing Top"},{"floor":7,"key":"Nunchaku"},{"floor":11,"key":"Mirror"},{"floor":14,"key":"Replay:Ringing Soul"},{"floor":24,"key":"Potion Belt"},{"floor":30,"key":"ReplayFunnel"},{"floor":30,"key":"ReplayTheSpireMod:Ninjato"},{"floor":30,"key":"Pocketwatch"},{"floor":31,"key":"Anchor"},{"floor":41,"key":"ReplayTheSpireMod:Lightbulb"},{"floor":43,"key":"Thread and Needle"},{"floor":47,"key":"Replay:Mystery Machine"}],"event_choices":[],"is_beta":false,"boss_relics":[{"not_picked":["ReplayTheSpireMod:DimensionalGlitch","Velvet Choker"],"picked":"ChiXiaoBlade"},{"not_picked":["Abe\u0027s Treasure","Tiny House"],"picked":"Replay:Ancient Bell"},{"not_picked":["Bag of Marbles","Toy Ornithopter"],"picked":"Bronze Scales"},{"not_picked":["SnafuTest:CatRelic","Replay:Accelerometer"],"picked":"InkBottle"},{"not_picked":["HollowDreamFlower","WingedGreaves"],"picked":"Bird Faced Urn"}],"items_purged_floors":[23,44],"is_endless":false,"potions_floor_spawned":[3,9,10,13,16,19,26,31,42,48,50,51],"ascension_level":1}}