{"host":"gzz35fplm60aw28t","time":1614450774,"event":{"mods":["AchievementEnabler","BaseMod","ChefMod","Colored Powertips","Dark Map","DeckTracker","Minty Spire (QoL Compilation)","StSLib","SuperFastMode"],"gold_per_floor":[114,133,133,148,148,148,73,108,108,78,95,109,59,87,87,189,189,202,202,220,220,69,95,112,112,135,155,206,217,92,105,105,209,209,219,219,144,144,163,195,214,239,262,280,280,289,308,67,67,67,67,67,18,58,58,58],"floor_reached":55,"language":"ENG","playtime":5095,"items_purged":["chefmod:Strike","chefmod:Strike","chefmod:QuickThaw","Shame"],"score":777,"play_id":"d11b9e9a-6a12-475a-9425-c6cd434d8638","local_time":"20210227193254","is_ascension_mode":false,"campfire_choices":[{"data":"chefmod:Bruschetta","floor":6,"key":"SMITH"},{"data":"chefmod:MonsterBait","floor":15,"key":"SMITH"},{"data":"chefmod:DimSum","floor":25,"key":"SMITH"},{"data":"chefmod:SearedScallops","floor":32,"key":"SMITH"},{"data":"chefmod:CandyBowl","floor":45,"key":"SMITH"},{"floor":49,"key":"RECALL"},{"data":"chefmod:PrepCook","floor":52,"key":"SMITH"}],"circlet_count":0,"master_deck":["chefmod:Strike+1","chefmod:Defend","chefmod:Defend","chefmod:TodaysSpecial+1","chefmod:Bruschetta+1","chefmod:FullBurn+1","chefmod:FireUp+1","chefmod:DinoKale","chefmod:MonsterBait+1","chefmod:PrepCook+1","CurseOfTheBell","chefmod:TastyDistraction+1","chefmod:DimSum+1","chefmod:FireUp","chefmod:Fillet","chefmod:DinoKale+1","chefmod:SearedScallops+1","chefmod:Escargot+1","chefmod:CandyBowl+1","Dramatic Entrance","chefmod:NewMenu","chefmod:BleedOut+1","chefmod:FreezerBurn+1","chefmod:FreshProduce+1","Decay","Parasite","chefmod:CuttingBoard+1","chefmod:MonsterBait+1","chefmod:Fillet+1"],"relics":["chefmod:TrustyPot","Sundial","Whetstone","Mummified Hand","HornCleat","Calling Bell","Tiny Chest","Frozen Egg 2","Ginger","Enchiridion","Mercury Hourglass","MealTicket","Orichalcum","Cursed Key","Bag of Preparation","CeramicFish","Molten Egg 2","Bottled Flame"],"acts_visited":["Exordium","TheCity","TheBeyond","TheEnding"],"potions_floor_usage":[27,33,33,50,54],"damage_taken":[{"damage":0,"enemies":"Jaw Worm","floor":1,"turns":5},{"damage":0,"enemies":"Small Slimes","floor":2,"turns":5},{"damage":0,"enemies":"2 Louse","floor":4,"turns":3},{"damage":8,"enemies":"Gremlin Nob","floor":8,"turns":3},{"damage":0,"enemies":"Gremlin Gang","floor":11,"turns":1},{"damage":0,"enemies":"3 Louse","floor":12,"turns":2},{"damage":0,"enemies":"3 Sentries","floor":14,"turns":4},{"damage":0,"enemies":"Slime Boss","floor":16,"turns":9},{"damage":0,"enemies":"3 Byrds","floor":18,"turns":6},{"damage":10,"enemies":"2 Thieves","floor":20,"turns":4},{"damage":5,"enemies":"Book of Stabbing","floor":23,"turns":7},{"damage":0,"enemies":"3 Cultists","floor":24,"turns":4},{"damage":0,"enemies":"Snecko","floor":27,"turns":6},{"damage":10,"enemies":"Sentry and Sphere","floor":29,"turns":4},{"damage":1,"enemies":"Centurion and Healer","floor":31,"turns":7},{"damage":4,"enemies":"Automaton","floor":33,"turns":11},{"damage":0,"enemies":"Orb Walker","floor":35,"turns":4},{"damage":3,"enemies":"3 Shapes","floor":39,"turns":4},{"damage":0,"enemies":"Giant Head","floor":40,"turns":9},{"damage":0,"enemies":"Transient","floor":41,"turns":5},{"damage":15,"enemies":"Sphere and 2 Shapes","floor":44,"turns":5},{"damage":12,"enemies":"Spire Growth","floor":47,"turns":5},{"damage":28,"enemies":"Donu and Deca","floor":50,"turns":11},{"damage":21,"enemies":"Shield and Spear","floor":54,"turns":8},{"damage":84,"enemies":"The Heart","floor":55,"turns":9}],"seed_played":"-2602880556285601595","potions_obtained":[{"floor":4,"key":"LiquidBronze"},{"floor":10,"key":"SpeedPotion"},{"floor":10,"key":"FearPotion"},{"floor":12,"key":"SkillPotion"},{"floor":27,"key":"DistilledChaos"},{"floor":31,"key":"Weak Potion"},{"floor":40,"key":"FairyPotion"},{"floor":41,"key":"DistilledChaos"}],"is_trial":false,"path_per_floor":["M","M","?","M","?","R","$","E","T","?","M","M","?","E","R","B",null,"M","?","M","?","$","E","M","R","T","M","T","M","$","M","R","B",null,"M","?","$","?","M","E","M","T","T","M","R","T","M","$","R","B",null,"R","$","E","B"],"character_chosen":"THE_CHEF","items_purchased":["chefmod:FireUp","chefmod:NewMenu","chefmod:CuttingBoard+1","chefmod:MonsterBait+1","ColorlessPotion"],"campfire_rested":0,"item_purchase_floors":[22,37,48,48,53],"current_hp_per_floor":[76,76,76,76,58,58,58,50,50,50,50,50,50,50,50,50,76,76,60,50,50,50,45,45,45,45,45,45,35,50,49,49,45,76,76,76,76,76,73,73,73,73,73,58,58,58,46,61,61,33,76,76,76,55,0,0],"gold":58,"neow_bonus":"UPGRADE_CARD","is_daily":false,"chose_seed":false,"campfire_upgraded":6,"win_rate":0.0,"timestamp":1614450774,"path_taken":["M","M","?","M","?","R","?","E","T","?","?","M","?","E","R","BOSS","M","?","M","?","?","E","M","R","T","M","?","M","$","M","R","BOSS","M","?","$","?","M","E","M","?","T","M","R","?","M","$","R","BOSS","R","$","E","BOSS"],"items_purchased_type":["Card","Card","Card","Card","Potion"],"build_version":"2020-12-22","purchased_purges":4,"victory":false,"max_hp_per_floor":[76,76,76,76,76,76,76,76,76,76,76,76,76,76,76,76,76,76,76,76,76,76,76,76,76,76,76,76,76,76,76,76,76,76,76,76,76,76,76,76,76,76,76,76,76,76,76,76,76,76,76,76,76,76,76,76],"card_choices":[{"not_picked":["chefmod:GroceryDelivery","chefmod:Flambe"],"picked":"chefmod:Bruschetta","floor":1},{"not_picked":["chefmod:Ratatouille","chefmod:ColdSteel"],"picked":"chefmod:FullBurn","floor":2},{"not_picked":["chefmod:VegetableTart","chefmod:FreezeSolid"],"picked":"chefmod:FireUp","floor":4},{"not_picked":["chefmod:Ratatouille","chefmod:LocoMoco"],"picked":"chefmod:DinoKale","floor":8},{"not_picked":["chefmod:Defrost","chefmod:Omelette","chefmod:Escargot"],"picked":"SKIP","floor":11},{"not_picked":["chefmod:Ratatouille","chefmod:Fillet","chefmod:Defrost"],"picked":"SKIP","floor":12},{"not_picked":["chefmod:FarmersMarket","chefmod:Granita"],"picked":"chefmod:MonsterBait","floor":14},{"not_picked":["chefmod:DeepFreeze","chefmod:TastyDistraction"],"picked":"chefmod:PrepCook","floor":16},{"not_picked":["chefmod:Defrost","chefmod:DinoKale"],"picked":"chefmod:FreshProduce+1","floor":18},{"not_picked":["chefmod:ZaruSoba","chefmod:VegetableTart","chefmod:ColdSteel"],"picked":"SKIP","floor":20},{"not_picked":["chefmod:DeepFreeze","chefmod:FryPan"],"picked":"chefmod:Fillet","floor":23},{"not_picked":["chefmod:SliceAndDice","chefmod:Defrost","chefmod:FryPan"],"picked":"SKIP","floor":24},{"not_picked":["chefmod:SpaghettiCarbonara","chefmod:BaoBuns"],"picked":"chefmod:DinoKale+1","floor":27},{"not_picked":["chefmod:FullCourseMeal+1","chefmod:SliceAndDice+1"],"picked":"chefmod:SearedScallops","floor":29},{"not_picked":["chefmod:BaoBuns","chefmod:IcePick"],"picked":"chefmod:Escargot+1","floor":31},{"not_picked":["chefmod:Tenderizer","chefmod:DeathByChocolate"],"picked":"chefmod:CandyBowl","floor":33},{"not_picked":["chefmod:FireUp+1","chefmod:HotSoup+1","chefmod:Bruschetta"],"picked":"SKIP","floor":35},{"not_picked":["Madness","Trip"],"picked":"Dramatic Entrance","floor":36},{"not_picked":["chefmod:FryPan","chefmod:Sorbet+1"],"picked":"chefmod:BleedOut+1","floor":39},{"not_picked":["chefmod:ColdSteel+1","chefmod:IcePick"],"picked":"chefmod:FreezerBurn+1","floor":40},{"not_picked":["chefmod:PotatoGratin+1","chefmod:ColdSteel+1"],"picked":"chefmod:FreshProduce+1","floor":41},{"not_picked":["chefmod:Flambe","chefmod:Escargot+1","chefmod:SliceAndDice"],"picked":"SKIP","floor":44},{"not_picked":["chefmod:KnifeFlurry+1","chefmod:Defrost","chefmod:Escargot+1"],"picked":"SKIP","floor":47},{"not_picked":["chefmod:CayenneCloud+1","chefmod:FullCourseMeal+1"],"picked":"chefmod:Fillet+1","floor":54}],"player_experience":102590,"relics_obtained":[{"floor":8,"key":"Whetstone"},{"floor":9,"key":"Mummified Hand"},{"floor":14,"key":"HornCleat"},{"floor":17,"key":"Tiny Chest"},{"floor":17,"key":"Frozen Egg 2"},{"floor":17,"key":"Ginger"},{"floor":19,"key":"Enchiridion"},{"floor":23,"key":"Mercury Hourglass"},{"floor":26,"key":"MealTicket"},{"floor":28,"key":"Orichalcum"},{"floor":40,"key":"Bag of Preparation"},{"floor":43,"key":"CeramicFish"},{"floor":46,"key":"Molten Egg 2"},{"floor":54,"key":"Bottled Flame"}],"event_choices":[{"damage_healed":0,"gold_gain":0,"player_choice":"Grow","damage_taken":0,"max_hp_gain":0,"max_hp_loss":0,"event_name":"Living Wall","floor":3,"gold_loss":0,"cards_upgraded":["chefmod:FullBurn"]},{"damage_healed":0,"gold_gain":0,"player_choice":"Success","damage_taken":18,"relics_obtained":["Sundial"],"max_hp_gain":0,"max_hp_loss":0,"event_name":"Scrap Ooze","floor":5,"gold_loss":0},{"damage_healed":0,"gold_gain":0,"player_choice":"Bought 2 Potions","damage_taken":0,"max_hp_gain":0,"max_hp_loss":0,"event_name":"The Woman in Blue","floor":10,"gold_loss":0},{"cards_removed":["chefmod:Defend"],"damage_healed":0,"gold_gain":0,"player_choice":"Card Removal","damage_taken":0,"max_hp_gain":0,"max_hp_loss":0,"event_name":"The Cleric","floor":13,"gold_loss":50},{"damage_healed":0,"gold_gain":0,"player_choice":"Obtained Book","damage_taken":16,"max_hp_gain":0,"max_hp_loss":0,"event_name":"Cursed Tome","floor":19,"gold_loss":0},{"damage_healed":0,"gold_gain":0,"cards_transformed":["chefmod:Strike","chefmod:Defend"],"player_choice":"Became Test Subject","damage_taken":0,"max_hp_gain":0,"max_hp_loss":0,"event_name":"Drug Dealer","floor":21,"gold_loss":0,"cards_obtained":["chefmod:TastyDistraction","chefmod:DimSum"]},{"damage_healed":0,"gold_gain":0,"player_choice":"Memory 1","damage_taken":0,"max_hp_gain":0,"max_hp_loss":0,"event_name":"SensoryStone","floor":36,"gold_loss":0},{"cards_removed":["chefmod:FreshProduce"],"damage_healed":0,"gold_gain":0,"player_choice":"Removed Power","damage_taken":0,"max_hp_gain":0,"max_hp_loss":0,"event_name":"Falling","floor":38,"gold_loss":0}],"is_beta":false,"boss_relics":[{"not_picked":["chefmod:OldKettle","Busted Crown"],"picked":"Calling Bell"},{"not_picked":["SlaversCollar","Coffee Dripper"],"picked":"Cursed Key"}],"items_purged_floors":[7,22,30,48],"is_endless":false,"potions_floor_spawned":[4,12,16,27,29,31,40,41],"killed_by":"The Heart","ascension_level":0}}