{"host":"uticcqe2hnyxrts2","time":1614453683,"event":{"mods":["BaseMod","BetterRewards","Colored Map","Custom Start","Defuse TimeMaze Blight","Downfall","Grow up Mod","Minty Spire (QoL Compilation)","Permanent Neow","Remove Card Discount Mod","StSLib","The Poker Player","The Problem Sleuth","Treasure Hunter","UnlockEverythingMod"],"gold_per_floor":[99,113,113,113,123,223,297,310,377,449,465,491,599,649,669,767,767,567,579,589,437,519,544,567,578,478,528,594,594,644,670,690,786,786,786,796,109,159,209,259,284,299,318,351,367,367,419,482,496,496,496,529,14,14,15,18],"floor_reached":57,"language":"ENG","playtime":8992,"items_purged":["Slimebound:Defend_Slimebound","Slimebound:Defend_Slimebound","Slimebound:Strike_Slimebound","Slimebound:Strike_Slimebound","downfall:Malfunctioning","Slimebound:Defend_Slimebound","expansioncontent:AwakenDeath"],"score":1324,"play_id":"a722d3d5-56c7-4024-bc48-49d0ed7d33f1","local_time":"20210227142123","is_ascension_mode":false,"campfire_choices":[{"floor":1.0,"key":"RECALL"},{"data":"Slimebound:RallyTheTroops","floor":18.0,"key":"SMITH"},{"data":"Slimebound:LevelUp","floor":26,"key":"SMITH"},{"data":"Slimebound:Equalize","floor":29,"key":"SMITH"},{"data":"Slimebound:MassRepurpose","floor":35,"key":"SMITH"},{"data":"expansioncontent:QuickStudy","floor":46,"key":"SMITH"},{"data":"expansioncontent:DashGenerateEvil","floor":54,"key":"SMITH"}],"circlet_count":0,"master_deck":["Slimebound:Tackle","Slimebound:Defend_Slimebound+1","Slimebound:Split+1","Slimebound:CorrosiveSpit+1","Slimebound:Repurpose+1","Slimebound:LeechEnergy","Slimebound:Dissolve+1","Slimebound:SlimeBarrage","Slimebound:SplitLeeching+1","Slimebound:SplitBruiser","Slimebound:SlimeTap","Slimebound:SplitAcid","Slimebound:Equalize+1","Slimebound:FinishingTackle","Slimebound:RallyTheTroops+1","Slimebound:SplitLeeching+1","Slimebound:Prepare","Slimebound:SamplingLick+1","Slimebound:LevelUp+1","Slimebound:RollThrough","Slimebound:SplitLeeching+1","Slimebound:Prepare","Slimebound:LevelUp+1","Slimebound:SplitBruiser","TH:DeckOfManyThings","Slimebound:RollThrough","Slimebound:SplitMire","TH:ElvenBoots","Slimebound:MassRepurpose+1","Slimebound:GoopSpray+1","Slimebound:SlimeSpikes+1","expansioncontent:QuickStudy+1","TH:TreasureMap","Slimebound:SlimeTap+1","Slimebound:SplitBruiser+1","TH:CopperCoins","Slimebound:LeechEnergy+1","Slimebound:ProtectTheBoss+1","Slimebound:Teamwork","expansioncontent:DashGenerateEvil+1","Slimebound:Schlurp+1","Slimebound:TongueLash+1","TH:CopperCoins","Slimebound:GrowthPunch+1","TH:CopperCoins","Slimebound:SpikyOuterGoop"],"relics":["Slimebound:AbsorbEndCombat","downfall:CloakOfManyFaces","CultistMask","FaceOfCleric","NlothsMask","GremlinMask","SsserpentHead","Odd Mushroom","Happy Flower","Anchor","Black Star","downfall:HeartBlessingRed","downfall:HeartBlessingGreen","Red Mask","TungstenRod","Potion Belt","downfall:HeartBlessingBlue","Nilry\u0027s Codex","War Paint","Slimebound:AggressiveSlimeRelic","Philosopher\u0027s Stone","ClockworkSouvenir","Sundial","theSleuth:Tectrixcalibur","Oddly Smooth Stone","Gambling Chip","White Beast Statue","Strange Spoon","Pen Nib","Lantern","Bottled Lightning"],"acts_visited":["Exordium","TheCity","TheBeyond","TheEnding"],"potions_floor_usage":[28,31,43,48,49,49,52,55,55,55,55],"damage_taken":[{"damage":6.0,"enemies":"Jaw Worm","floor":2.0,"turns":3.0},{"damage":8.0,"enemies":"Small Slimes","floor":5.0,"turns":4.0},{"damage":32.0,"enemies":"downfall:FaceTrader","floor":6.0,"turns":8.0},{"damage":4.0,"enemies":"Cultist","floor":8.0,"turns":4.0},{"damage":9.0,"enemies":"Blue Slaver","floor":9.0,"turns":4.0},{"damage":25.0,"enemies":"The Mushroom Lair","floor":10.0,"turns":5.0},{"damage":30.0,"enemies":"Large Slime","floor":11.0,"turns":6.0},{"damage":19.0,"enemies":"Lagavulin","floor":12.0,"turns":4.0},{"damage":25.0,"enemies":"Lagavulin Event","floor":13.0,"turns":5.0},{"damage":0.0,"enemies":"downfall:LooterAlt","floor":15.0,"turns":2.0},{"damage":10.0,"enemies":"SI_SHIV_ARCHETYPE","floor":16.0,"turns":5.0},{"damage":8.0,"enemies":"downfall:LooterAlt2","floor":19.0,"turns":4.0},{"damage":0.0,"enemies":"Chosen","floor":20.0,"turns":3.0},{"damage":0.0,"enemies":"downfall:FleeingMerchant","floor":21.0,"turns":4.0},{"damage":24.0,"enemies":"Masked Bandits","floor":22.0,"turns":4.0},{"damage":31.0,"enemies":"Slavers","floor":23.0,"turns":5.0},{"damage":1.0,"enemies":"Shelled Parasite and Fungi","floor":25.0,"turns":3.0},{"damage":5,"enemies":"Chosen and Byrds","floor":28,"turns":4},{"damage":8,"enemies":"Gremlin Leader","floor":31,"turns":4},{"damage":5,"enemies":"Snecko","floor":32,"turns":4},{"damage":76,"enemies":"DF_ARCHETYPE_CLAW","floor":33,"turns":6},{"damage":0,"enemies":"Orb Walker","floor":36,"turns":3},{"damage":0,"enemies":"downfall:FleeingMerchant","floor":37,"turns":4},{"damage":16,"enemies":"3 Darklings","floor":42,"turns":3},{"damage":14,"enemies":"Transient","floor":43,"turns":5},{"damage":66,"enemies":"Reptomancer","floor":44,"turns":4},{"damage":7,"enemies":"4 Shapes","floor":45,"turns":3},{"damage":0,"enemies":"downfall:FleeingMerchant","floor":47,"turns":1},{"damage":0,"enemies":"Maw","floor":48,"turns":6},{"damage":0,"enemies":"Transient","floor":49,"turns":5},{"damage":127,"enemies":"WA_ARCHETYPE_DIVINITY","floor":50,"turns":7},{"damage":33,"enemies":"downfall:CharBossMerchant","floor":52,"turns":6},{"damage":254,"enemies":"downfall:NeowBoss","floor":55,"turns":17},{"damage":178,"enemies":"downfall:NeowBossFinal","floor":56,"turns":11}],"seed_played":"-3838110764149660335","potions_obtained":[{"floor":2.0,"key":"champ:CounterPotion"},{"floor":6.0,"key":"SteroidPotion"},{"floor":9.0,"key":"FearPotion"},{"floor":11.0,"key":"champ:CounterPotion"},{"floor":12.0,"key":"Swift Potion"},{"floor":13.0,"key":"Fire Potion"},{"floor":16.0,"key":"hexamod:SoulburnPotion"},{"floor":22.0,"key":"sneckomod:MuddlingPotion"},{"floor":23.0,"key":"Ancient Potion"},{"floor":25.0,"key":"SteroidPotion"},{"floor":43,"key":"GamblersBrew"},{"floor":44,"key":"Regen Potion"},{"floor":45,"key":"SpeedPotion"},{"floor":47,"key":"EssenceOfSteel"},{"floor":48,"key":"SneckoOil"},{"floor":49,"key":"Slimebound:SlimyTonguePotion"},{"floor":52,"key":"Dexterity Potion"}],"is_trial":false,"path_per_floor":["R","M","?","?","M","?","T","M","M","?","M","E","?","?","M","B",null,"R","M","M","$","?","E","T","M","R","?","M","R","?","E","M","B",null,"R","M","$","?","?","?","T","M","M","E","M","R","$","M","M","B",null,"E","$","R","B","B",null],"character_chosen":"SLIMEBOUND","items_purchased":["Slimebound:LevelUp","Slimebound:RollThrough","expansioncontent:AwakenDeath","expansioncontent:QuickStudy","ClockworkSouvenir","Sundial","Strange Spoon","expansioncontent:DashGenerateEvil","TH:CopperCoins","Bottled Lightning","Slimebound:SpikyOuterGoop"],"campfire_rested":0,"item_purchase_floors":[21,21,37,37,37,37,47,47,53,53,53],"current_hp_per_floor":[85,91,106,116,120,106,116,127,133,125,112,110,100,110,123,130,258,268,273,286,301,292,280,290,306,326,336,346,356,351,362,368,315,448,458,469,480,490,500,510,520,515,526,487,505,515,526,543,562,454,628,622,632,642,432,285],"gold":18,"neow_bonus":"UPGRADE_CARD","is_daily":false,"chose_seed":false,"campfire_upgraded":6,"win_rate":0.0,"timestamp":1614453683,"path_taken":["R","M","?","?","M","?","T","M","?","?","M","E","?","?","M","BOSS","R","M","M","$","?","E","T","M","R","?","?","R","?","E","M","BOSS","R","M","$","?","?","?","T","M","M","E","M","R","?","?","M","BOSS","E","$","R","BOSS","BOSS"],"items_purchased_type":["Card","Card","Card","Card","Relic","Relic","Relic","Card","Card","Relic","Card"],"build_version":"2020-12-22","purchased_purges":7,"victory":true,"max_hp_per_floor":[85,95,110,120,130,140,150,161,172,183,194,205,216,226,237,248,258,268,279,290,301,312,323,333,344,364,374,385,395,405,416,427,438,448,458,469,480,490,500,510,520,531,542,553,564,574,585,596,607,618,628,639,649,659,670,681],"card_choices":[{"not_picked":["Slimebound:GoopTackle","Slimebound:SplitMire"],"picked":"Slimebound:Repurpose","floor":2.0},{"not_picked":["Slimebound:FormOfPuddle","Slimebound:SlimeBrawl"],"picked":"Slimebound:LeechEnergy","floor":5.0},{"not_picked":["Slimebound:Replication","Slimebound:LeechingTouch"],"picked":"Slimebound:Dissolve","floor":6.0},{"not_picked":["Slimebound:HauntingLick","Slimebound:GrowthPunch"],"picked":"Slimebound:SlimeBarrage","floor":8.0},{"not_picked":["Slimebound:GoopSpray","Slimebound:SamplingLick"],"picked":"Slimebound:SplitLeeching","floor":9.0},{"not_picked":["Slimebound:SlimeSpikes","Slimebound:Chomp"],"picked":"Slimebound:SplitBruiser","floor":10.0},{"not_picked":["Slimebound:ProtectTheBoss","Slimebound:ComboTackle"],"picked":"Slimebound:SlimeTap","floor":11.0},{"not_picked":["Slimebound:ItLooksTasty","Slimebound:SlimeSlap"],"picked":"Slimebound:SplitAcid","floor":12.0},{"not_picked":["Slimebound:Dissolve","Slimebound:LivingWall"],"picked":"Slimebound:Equalize","floor":13.0},{"not_picked":["Slimebound:LivingWall","Slimebound:HauntingLick"],"picked":"Slimebound:FinishingTackle","floor":15.0},{"not_picked":["Slimebound:SelfFormingGoo","Slimebound:DouseInSlime"],"picked":"Slimebound:RallyTheTroops","floor":16.0},{"not_picked":["Slimebound:RollThrough+1","Slimebound:ForwardTackle"],"picked":"Slimebound:SplitLeeching+1","floor":19.0},{"not_picked":["Slimebound:DisruptingSlam+1","Slimebound:GoopTackle"],"picked":"Slimebound:Prepare","floor":20.0},{"not_picked":["Slimebound:SpikyOuterGoop","Slimebound:FlameTackle"],"picked":"Slimebound:SamplingLick+1","floor":21.0},{"not_picked":["Slimebound:LeechingTouch+1","Slimebound:SlimeSlap"],"picked":"Slimebound:SplitLeeching+1","floor":22.0},{"not_picked":["Slimebound:GoopTackle","Slimebound:RainOfGoop"],"picked":"Slimebound:Prepare","floor":23.0},{"not_picked":["Slimebound:DisruptingSlam","Slimebound:LeechingTouch"],"picked":"Slimebound:BestDefense","floor":25.0},{"not_picked":["Slimebound:SlimeBarrage+1","Slimebound:LeechingTouch"],"picked":"Slimebound:SplitBruiser","floor":28},{"not_picked":["TH:TreasureMap"],"picked":"TH:DeckOfManyThings","floor":31},{"not_picked":["Slimebound:SlimeSlap","Slimebound:PressTheAttack"],"picked":"Slimebound:RollThrough","floor":31},{"not_picked":["Slimebound:RainOfGoop","Slimebound:GoopSpray"],"picked":"Slimebound:SplitMire","floor":32},{"not_picked":["TH:ArmorSpikes"],"picked":"TH:ElvenBoots","floor":33},{"not_picked":["Slimebound:DouseInSlime","Slimebound:MassFeed"],"picked":"Slimebound:MassRepurpose","floor":33},{"not_picked":["Slimebound:Repurpose","Slimebound:FinishingTackle+1"],"picked":"Slimebound:GoopSpray+1","floor":36},{"not_picked":["Slimebound:SplitAcid","Slimebound:FinishingTackle"],"picked":"Slimebound:SlimeSpikes+1","floor":37},{"not_picked":["TH:ElvenBoots"],"picked":"TH:TreasureMap","floor":41},{"not_picked":["Slimebound:FlameTackle+1","Slimebound:Equalize+1"],"picked":"Slimebound:SlimeTap+1","floor":42},{"not_picked":["Slimebound:SplitMire+1","Slimebound:LeechEnergy"],"picked":"Slimebound:SplitBruiser+1","floor":43},{"not_picked":["TH:PixieDust"],"picked":"TH:CopperCoins","floor":44},{"not_picked":["Slimebound:SamplingLick+1","Slimebound:SplitLeeching"],"picked":"Slimebound:LeechEnergy+1","floor":44},{"not_picked":["Slimebound:HauntingLick","Slimebound:LeechEnergy"],"picked":"Slimebound:ProtectTheBoss+1","floor":45},{"not_picked":["Slimebound:LivingWall+1","Slimebound:GoopSpray"],"picked":"Slimebound:Teamwork","floor":47},{"not_picked":["Slimebound:AcidTongue","Slimebound:SplitLeeching"],"picked":"Slimebound:Schlurp+1","floor":48},{"not_picked":["Slimebound:LeadByExample","Slimebound:GoopTackle+1"],"picked":"Slimebound:TongueLash+1","floor":49},{"not_picked":["TH:TreasureMap"],"picked":"TH:CopperCoins","floor":52},{"not_picked":["Slimebound:PrepareCrush","Slimebound:AcidTongue+1"],"picked":"Slimebound:GrowthPunch+1","floor":52}],"player_experience":24322,"relics_obtained":[{"floor":6.0,"key":"downfall:CloakOfManyFaces"},{"floor":10.0,"key":"Odd Mushroom"},{"floor":12.0,"key":"Happy Flower"},{"floor":22.0,"key":"Red Mask"},{"floor":23.0,"key":"TungstenRod"},{"floor":23.0,"key":"Potion Belt"},{"floor":30,"key":"Nilry\u0027s Codex"},{"floor":31,"key":"War Paint"},{"floor":31,"key":"Slimebound:AggressiveSlimeRelic"},{"floor":41,"key":"Oddly Smooth Stone"},{"floor":44,"key":"Gambling Chip"},{"floor":44,"key":"White Beast Statue"},{"floor":52,"key":"Pen Nib"},{"floor":52,"key":"Lantern"}],"event_choices":[{"damage_healed":0.0,"max_hp_gain":5.0,"max_hp_loss":0.0,"gold_gain":0.0,"event_name":"Big Fish","player_choice":"Donut","floor":3.0,"gold_loss":0.0,"damage_taken":0.0},{"damage_healed":0.0,"max_hp_gain":0.0,"max_hp_loss":0.0,"gold_gain":0.0,"event_name":"Mushrooms","player_choice":"Fought Mushrooms","floor":10.0,"gold_loss":0.0,"damage_taken":0.0},{"damage_healed":0.0,"max_hp_gain":0.0,"max_hp_loss":0.0,"gold_gain":0.0,"event_name":"Masked Bandits","player_choice":"Fought Bandits","floor":22.0,"gold_loss":0.0,"damage_taken":0.0},{"cards_removed":["Slimebound:BestDefense"],"damage_healed":0,"gold_gain":0,"player_choice":"Removed Power","damage_taken":0,"max_hp_gain":0,"max_hp_loss":0,"event_name":"Falling","floor":40,"gold_loss":0}],"is_beta":false,"boss_relics":[{"not_picked":["SlaversCollar","Runic Pyramid"],"picked":"Black Star"},{"not_picked":["Empty Cage","Fusion Hammer"],"picked":"Philosopher\u0027s Stone"}],"items_purged_floors":[21,21,37,37,37,47,53],"is_endless":false,"potions_floor_spawned":[2,6,9,11,12,13,16,22,23,25,43,44,45,47,48,49,52],"ascension_level":0}}