{"host":"ur8591ivwt16uwtw","time":1614455850,"event":{"mods":["BaseMod","Hubris","Minty Spire (QoL Compilation)","Rare Cards Sparkle","Replay The Spire","StSLib","The Disciple","The Necromancer","The Runesmith","The Servant 0.9.4"],"gold_per_floor":[115,133,133,58,72,72,104,117,117,323,352,366,400,426,438,550,562,584,596,622,649,672,712,724,736,736],"floor_reached":25,"language":"ENG","playtime":1164,"items_purged":["Strike_W"],"score":351,"play_id":"059ba30b-6695-400b-85e9-301183f4e055","local_time":"20210227205730","is_ascension_mode":true,"campfire_choices":[{"data":"Uncharnel","floor":6,"key":"SMITH"},{"floor":15,"key":"DIG"},{"data":"Violent_Necrosis","floor":24,"key":"SMITH"}],"circlet_count":0,"master_deck":["Siphon_Strength+1","Strike_W","Strike_W","Defend_W","Defend_W","Defend_W","Defend_W","Negative_Energy_Arrows","Bone_Wall","Violent_Necrosis+1","Negative_Energy_Javelin","Life_Tap+1","Uncharnel+1","Necrotic_Claws","Hellfire","Pandemic","Acid_Javelin","Bone_Prison","Stop_Heart","Reap_The_Weak","Plague_Bolt","Siphon_Strength+1"],"relics":["Vampire_Amulet","hubris:BundleOfHerbs","ReplayFunnel","Oddly Smooth Stone","MawBank","FossilizedHelix","Velvet Choker","hubris:BottledHeart","Matryoshka"],"acts_visited":["Exordium","TheCity"],"potions_floor_usage":[25],"damage_taken":[{"damage":7.0,"enemies":"Jaw Worm","floor":1.0,"turns":5.0},{"damage":0,"enemies":"2 Louse","floor":2,"turns":3},{"damage":1,"enemies":"Cultist","floor":5,"turns":4},{"damage":17,"enemies":"3 Sentries","floor":7,"turns":7},{"damage":7,"enemies":"Gremlin Gang","floor":8,"turns":5},{"damage":4,"enemies":"Gremlin Nob","floor":11,"turns":3},{"damage":7,"enemies":"Looter","floor":12,"turns":3},{"damage":6,"enemies":"Lagavulin","floor":13,"turns":5},{"damage":1,"enemies":"2 Fungi Beasts","floor":14,"turns":2},{"damage":2,"enemies":"Hexaghost","floor":16,"turns":6},{"damage":2,"enemies":"Chosen","floor":18,"turns":4},{"damage":0,"enemies":"Shell Parasite","floor":20,"turns":3},{"damage":0,"enemies":"Cultist and Chosen","floor":21,"turns":5},{"damage":0,"enemies":"Snake Plant","floor":22,"turns":4},{"damage":0,"enemies":"Book of Stabbing","floor":23,"turns":5},{"damage":4,"enemies":"Slavers","floor":25,"turns":4}],"seed_played":"-4750769665189693116","potions_obtained":[{"floor":7,"key":"Languid Potion"},{"floor":8,"key":"Venom Potion"},{"floor":12,"key":"Strength Potion"},{"floor":21,"key":"LifebloodPotion"}],"is_trial":false,"path_per_floor":["M","M","?","$","M","R","E","M","T","?","E","M","E","M","R","B",null,"M","?","M","M","M","E","R","E"],"character_chosen":"NECROMANCER","items_purchased":[],"campfire_rested":0,"item_purchase_floors":[],"current_hp_per_floor":[63,67,67,67,68,68,57,58,58,58,56,51,47,50,50,50,69,69,1,1,1,1,1,1,0,0],"gold":736,"neow_bonus":"RANDOM_EVENT","is_daily":false,"chose_seed":false,"campfire_upgraded":2,"win_rate":0.0,"timestamp":1614455850,"path_taken":["M","M","?","$","M","R","E","M","T","?","E","M","E","M","R","BOSS","M","?","M","M","M","E","R","E"],"items_purchased_type":[],"build_version":"2020-12-22","purchased_purges":1,"victory":false,"max_hp_per_floor":[75,75,75,75,75,75,75,75,75,75,75,75,75,75,75,75,75,75,1,1,1,1,1,1,1,1],"card_choices":[{"not_picked":["Bone_Shift","Bones_to_Steel","Negative_Energy_Mist"],"picked":"SKIP","floor":1.0},{"not_picked":["Toxic_Smoke_Screen","Death_Coil"],"picked":"Negative_Energy_Javelin","floor":2},{"not_picked":["Chill_Blood","Negative_Energy_Sphere"],"picked":"Uncharnel","floor":5},{"not_picked":["Exploit","Shackles_Of_Pain"],"picked":"Necrotic_Claws","floor":7},{"not_picked":["Life_Drain","Blood_Whip"],"picked":"Hellfire","floor":8},{"not_picked":["Blood_Shield","Death_Knell"],"picked":"Pandemic","floor":10},{"not_picked":["Epidemic","Bone_Bullets"],"picked":"Acid_Javelin","floor":11},{"not_picked":["Bone_Shift","Flesh_Made_Foul"],"picked":"Bone_Prison","floor":12},{"not_picked":["Thousand_Bone_Knives","Bone_Armor","Blood_for_Blood"],"picked":"SKIP","floor":13},{"not_picked":["Blood_Whip","Bone_Spikes"],"picked":"Stop_Heart","floor":14},{"not_picked":["Detonate_Bones","Summon_Vampire_Lady"],"picked":"Reap_The_Weak","floor":16},{"not_picked":["Deaths_Shadow","Finger_Of_Death","Bones_to_Steel"],"picked":"SKIP","floor":18},{"not_picked":["Toxic_Smoke_Screen","Acid_Javelin","Scare+1"],"picked":"SKIP","floor":20},{"not_picked":["Negative_Energy_Mist","Shade_Step","Acid_Javelin"],"picked":"SKIP","floor":21},{"not_picked":["Bones_to_Steel+1","Pandemic"],"picked":"Plague_Bolt","floor":22},{"not_picked":["Summon_Vampire_Lady","Cloudkill"],"picked":"Siphon_Strength+1","floor":23}],"player_experience":2377959,"relics_obtained":[{"floor":7,"key":"hubris:BundleOfHerbs"},{"floor":9,"key":"ReplayFunnel"},{"floor":11,"key":"Oddly Smooth Stone"},{"floor":13,"key":"MawBank"},{"floor":15,"key":"FossilizedHelix"},{"floor":23,"key":"Matryoshka"}],"event_choices":[],"is_beta":false,"boss_relics":[{"not_picked":["Replay:Drink Me","Replay:Ancient Bell"],"picked":"Velvet Choker"}],"items_purged_floors":[4],"is_endless":false,"potions_floor_spawned":[7,8,12,14,21,22],"killed_by":"Slavers","ascension_level":6}}