{"host":"ju1b3c4x8n2jtjm7","time":1614425336,"event":{"mods":["AchievementEnabler","BaseMod","Colored Map","Colored Powertips","DeckTracker","Highlight Path","Minty Spire (QoL Compilation)","Quick Restart","Rare Cards Sparkle","Relic Stats","StSLib"],"gold_per_floor":[360,370,17,17,17,49,49,49,98,110,110,127,139,168,168,242,242,252,70,82,7,7,7,40,52,79,112,112,132,151,179,179,256,256,270,280,327,43,0,35,35,49,74,104,123,155,175,200,200,200],"floor_reached":51,"language":"ENG","playtime":5618,"items_purged":["Strike_B","Strike_B","Strike_B"],"score":1984,"play_id":"a80b5a2e-7e8d-427c-a351-38606cbbba26","local_time":"20210227122856","is_ascension_mode":true,"campfire_choices":[{"floor":7.0,"key":"REST"},{"data":"Dualcast","floor":11.0,"key":"SMITH"},{"data":"Go for the Eyes","floor":15.0,"key":"SMITH"},{"data":"Capacitor","floor":23.0,"key":"SMITH"},{"data":"Zap","floor":32.0,"key":"SMITH"},{"data":"Defragment","floor":41.0,"key":"SMITH"},{"floor":49.0,"key":"RECALL"}],"circlet_count":0,"master_deck":["AscendersBane","Strike_B+1","Defend_B","Defend_B+1","Defend_B","Zap+1","Dualcast+1","Cold Snap","Compile Driver","Go for the Eyes+1","Hologram+1","Sweeping Beam","Fusion+1","Conserve Battery+1","Seek+1","Biased Cognition","Hologram+1","Capacitor+1","Stack+1","Turbo+1","White Noise+1","Coolheaded+1","Darkness+1","Electrodynamics","Aggregate+1","Self Repair","Defragment+1","White Noise+1","Redo+1","Blizzard+1","Recycle+1"],"relics":["FrozenCore","HornCleat","Toxic Egg 2","Bronze Scales","Vajra","Runic Pyramid","Pantograph","Potion Belt","Meat on the Bone","Sundial","Cables","Ice Cream","Red Mask","Matryoshka","Smiling Mask","FossilizedHelix","Nunchaku","StoneCalendar"],"acts_visited":["Exordium","TheCity","TheBeyond","TheEnding"],"potions_floor_usage":[],"damage_taken":[{"damage":4.0,"enemies":"Small Slimes","floor":1.0,"turns":3.0},{"damage":5.0,"enemies":"2 Louse","floor":2.0,"turns":3.0},{"damage":13.0,"enemies":"3 Sentries","floor":6.0,"turns":9.0},{"damage":0.0,"enemies":"Jaw Worm","floor":10.0,"turns":2.0},{"damage":1.0,"enemies":"3 Louse","floor":12.0,"turns":2.0},{"damage":3.0,"enemies":"Exordium Wildlife","floor":13.0,"turns":4.0},{"damage":0.0,"enemies":"Gremlin Nob","floor":14.0,"turns":4.0},{"damage":15.0,"enemies":"Hexaghost","floor":16.0,"turns":10.0},{"damage":0.0,"enemies":"3 Byrds","floor":18.0,"turns":2.0},{"damage":16.0,"enemies":"2 Thieves","floor":20.0,"turns":3.0},{"damage":0.0,"enemies":"Book of Stabbing","floor":24.0,"turns":5.0},{"damage":0.0,"enemies":"Centurion and Healer","floor":25.0,"turns":7.0},{"damage":5.0,"enemies":"Slavers","floor":27.0,"turns":5.0},{"damage":0.0,"enemies":"Snake Plant","floor":29.0,"turns":6.0},{"damage":0.0,"enemies":"Snecko","floor":30.0,"turns":8.0},{"damage":0.0,"enemies":"Gremlin Leader","floor":31.0,"turns":8.0},{"damage":0.0,"enemies":"Automaton","floor":33.0,"turns":8.0},{"damage":10.0,"enemies":"3 Shapes","floor":35.0,"turns":4.0},{"damage":7.0,"enemies":"3 Darklings","floor":36.0,"turns":3.0},{"damage":2.0,"enemies":"2 Orb Walkers","floor":37.0,"turns":4.0},{"damage":0.0,"enemies":"Giant Head","floor":40.0,"turns":9.0},{"damage":0.0,"enemies":"Spire Growth","floor":42.0,"turns":4.0},{"damage":0.0,"enemies":"Reptomancer","floor":44.0,"turns":7.0},{"damage":0.0,"enemies":"Jaw Worm Horde","floor":45.0,"turns":3.0},{"damage":0.0,"enemies":"Giant Head","floor":46.0,"turns":7.0},{"damage":0.0,"enemies":"Sphere and 2 Shapes","floor":47.0,"turns":4.0},{"damage":0.0,"enemies":"Mind Bloom Boss Battle","floor":48.0,"turns":7.0},{"damage":10.0,"enemies":"Time Eater","floor":50.0,"turns":12.0}],"seed_played":"-8969153388204645027","potions_obtained":[{"floor":1.0,"key":"Swift Potion"},{"floor":10.0,"key":"PowerPotion"},{"floor":25.0,"key":"EssenceOfSteel"},{"floor":31.0,"key":"FocusPotion"},{"floor":35.0,"key":"Regen Potion"},{"floor":44.0,"key":"FocusPotion"}],"is_trial":false,"path_per_floor":["M","M","$","?","?","E","R","?","T","M","R","M","M","E","R","B",null,"M","$","M","?","?","R","E","M","T","E","T","M","M","E","R","B",null,"M","M","?","$","?","E","R","M","T","E","M","E","M","?","R","B",null],"character_chosen":"DEFECT","items_purchased":["HornCleat","Go for the Eyes","Capacitor","Defragment","PotionOfCapacity"],"campfire_rested":1,"item_purchase_floors":[3,3,19,38,38],"current_hp_per_floor":[42,37,37,23,23,10,31,54,54,54,54,53,50,50,50,35,62,62,62,46,46,46,46,46,46,46,41,41,41,41,41,41,66,70,60,53,51,51,51,58,58,65,65,71,71,71,71,71,71,68],"gold":200,"neow_bonus":"TWO_FIFTY_GOLD","is_daily":false,"chose_seed":false,"campfire_upgraded":5,"win_rate":0.0,"timestamp":1614425336,"path_taken":["M","M","$","?","?","E","R","?","T","M","R","M","M","E","R","BOSS","M","$","M","?","?","R","E","M","T","E","?","M","M","E","R","BOSS","M","M","?","$","?","E","R","M","T","E","M","E","M","?","R","BOSS"],"items_purchased_type":["Relic","Card","Card","Card","Potion"],"build_version":"2020-12-22","purchased_purges":3,"victory":true,"max_hp_per_floor":[71,71,71,71,71,71,71,71,71,71,71,71,71,71,71,71,71,71,71,71,71,71,71,71,71,71,71,71,71,71,71,71,71,71,71,71,71,71,71,71,71,71,71,71,71,71,71,71,71,71],"relic_stats":{"Nunchaku":[3],"counters":[28,153],"Sundial":[12],"Bronze Scales":[503],"Pantograph":25,"StoneCalendar":[52],"Smiling Mask":0,"obtain_stats":[{"Potion Belt":26,"Ice Cream":37,"Vajra":14,"StoneCalendar":48,"Smiling Mask":43,"Cables":31,"FrozenCore":34,"Nunchaku":46,"HornCleat":3,"Matryoshka":40,"Sundial":28,"Bronze Scales":9,"Pantograph":24,"Red Mask":39,"Toxic Egg 2":6,"Cracked Core":0,"FossilizedHelix":44,"Runic Pyramid":17,"Meat on the Bone":27},{"Potion Belt":12,"Ice Cream":20,"Vajra":7,"StoneCalendar":27,"Smiling Mask":22,"Cables":16,"FrozenCore":17,"Nunchaku":25,"HornCleat":2,"Matryoshka":21,"Sundial":13,"Bronze Scales":3,"Pantograph":11,"Red Mask":20,"Toxic Egg 2":3,"Cracked Core":0,"FossilizedHelix":23,"Runic Pyramid":8,"Meat on the Bone":13},{"Potion Belt":54,"Ice Cream":100,"Vajra":27,"StoneCalendar":141,"Smiling Mask":113,"Cables":81,"FrozenCore":89,"Nunchaku":130,"HornCleat":6,"Matryoshka":109,"Sundial":59,"Bronze Scales":15,"Pantograph":47,"Red Mask":100,"Toxic Egg 2":15,"Cracked Core":0,"FossilizedHelix":120,"Runic Pyramid":37,"Meat on the Bone":59}],"FrozenCore":[26],"Meat on the Bone":0,"Cables":[67,15,34,16,2]},"card_choices":[{"not_picked":["White Noise","Steam Power"],"picked":"Cold Snap","floor":1.0},{"not_picked":["Redo","Scrape"],"picked":"Compile Driver","floor":2.0},{"not_picked":["Loop","Streamline"],"picked":"Hologram+1","floor":6.0},{"not_picked":["Go for the Eyes","Compile Driver"],"picked":"Sweeping Beam","floor":10.0},{"not_picked":["Beam Cell","Lockon"],"picked":"Fusion+1","floor":12.0},{"not_picked":["Sweeping Beam","Chaos+1"],"picked":"Conserve Battery+1","floor":13.0},{"not_picked":["Ball Lightning","Force Field+1"],"picked":"Seek+1","floor":14.0},{"not_picked":["Rainbow+1","Reboot+1"],"picked":"Biased Cognition","floor":16.0},{"not_picked":["Hello World","Streamline"],"picked":"Hologram+1","floor":18.0},{"not_picked":["Sweeping Beam","Streamline","Hologram+1"],"picked":"SKIP","floor":20.0},{"not_picked":["Coolheaded+1","Melter+1"],"picked":"Stack+1","floor":24.0},{"not_picked":["Steam+1","Coolheaded+1"],"picked":"Turbo+1","floor":25.0},{"not_picked":["Streamline+1","Biased Cognition"],"picked":"White Noise+1","floor":27.0},{"not_picked":["Sweeping Beam+1","Ball Lightning"],"picked":"Coolheaded+1","floor":29.0},{"not_picked":["Chaos+1","Hello World"],"picked":"Darkness+1","floor":30.0},{"not_picked":["Compile Driver","Beam Cell","Stack+1"],"picked":"SKIP","floor":31.0},{"not_picked":["Rainbow+1","Machine Learning"],"picked":"Electrodynamics","floor":33.0},{"not_picked":["Sunder","Rebound"],"picked":"Aggregate+1","floor":35.0},{"not_picked":["FTL","Steam+1","Cold Snap+1"],"picked":"SKIP","floor":36.0},{"not_picked":["Conserve Battery+1","Beam Cell"],"picked":"Self Repair","floor":37.0},{"not_picked":["Ball Lightning","Electrodynamics"],"picked":"White Noise+1","floor":40.0},{"not_picked":["Ball Lightning+1","Beam Cell+1"],"picked":"Redo+1","floor":42.0},{"not_picked":["Melter+1","Beam Cell+1","Chill+1"],"picked":"SKIP","floor":44.0},{"not_picked":["Doom and Gloom+1","Chaos+1"],"picked":"Blizzard+1","floor":45.0},{"not_picked":["Capacitor+1","Skim+1"],"picked":"Recycle+1","floor":46.0},{"not_picked":["Streamline+1","Cold Snap","Genetic Algorithm+1"],"picked":"SKIP","floor":47.0}],"player_experience":571334,"relics_obtained":[{"floor":6.0,"key":"Toxic Egg 2"},{"floor":9.0,"key":"Bronze Scales"},{"floor":14.0,"key":"Vajra"},{"floor":24.0,"key":"Pantograph"},{"floor":26.0,"key":"Potion Belt"},{"floor":27.0,"key":"Meat on the Bone"},{"floor":28.0,"key":"Sundial"},{"floor":31.0,"key":"Cables"},{"floor":37.0,"key":"Ice Cream"},{"floor":40.0,"key":"Matryoshka"},{"floor":43.0,"key":"Smiling Mask"},{"floor":44.0,"key":"FossilizedHelix"},{"floor":46.0,"key":"Nunchaku"},{"floor":48.0,"key":"StoneCalendar"}],"event_choices":[{"damage_healed":0.0,"max_hp_gain":0.0,"max_hp_loss":0.0,"gold_gain":0.0,"event_name":"Shining Light","player_choice":"Entered Light","floor":4.0,"gold_loss":0.0,"damage_taken":14.0,"cards_upgraded":["Strike_B","Defend_B"]},{"damage_healed":0.0,"max_hp_gain":0.0,"max_hp_loss":0.0,"gold_gain":0.0,"event_name":"Liars Game","player_choice":"Ignored","floor":5.0,"gold_loss":0.0,"damage_taken":0.0},{"damage_healed":23.0,"max_hp_gain":0.0,"max_hp_loss":0.0,"gold_gain":0.0,"event_name":"Big Fish","player_choice":"Banana","floor":8.0,"gold_loss":0.0,"damage_taken":0.0},{"cards_removed":["Defend_B"],"damage_healed":0.0,"max_hp_gain":0.0,"max_hp_loss":0.0,"gold_gain":0.0,"event_name":"Beggar","player_choice":"Gave Gold","floor":21.0,"gold_loss":75.0,"damage_taken":0.0},{"damage_healed":0.0,"max_hp_gain":0.0,"max_hp_loss":0.0,"gold_gain":0.0,"event_name":"Cursed Tome","player_choice":"Ignored","floor":22.0,"gold_loss":0.0,"damage_taken":0.0},{"damage_healed":0.0,"max_hp_gain":0.0,"max_hp_loss":0.0,"gold_gain":0.0,"event_name":"Mysterious Sphere","player_choice":"Fight","floor":37.0,"gold_loss":0.0,"damage_taken":0.0},{"damage_healed":0.0,"max_hp_gain":0.0,"max_hp_loss":0.0,"gold_gain":0.0,"event_name":"Tomb of Lord Red Mask","player_choice":"Paid","floor":39.0,"gold_loss":43.0,"damage_taken":0.0,"relics_obtained":["Red Mask"]},{"damage_healed":0.0,"max_hp_gain":0.0,"max_hp_loss":0.0,"gold_gain":0.0,"event_name":"MindBloom","player_choice":"Fight","floor":48.0,"gold_loss":0.0,"damage_taken":0.0}],"is_beta":false,"boss_relics":[{"not_picked":["Velvet Choker","Tiny House"],"picked":"Runic Pyramid"},{"not_picked":["Busted Crown","SlaversCollar"],"picked":"FrozenCore"}],"items_purged_floors":[3,19,38],"is_endless":false,"potions_floor_spawned":[1,10,14,16,20,25,31,35,36,37,44],"ascension_level":14}}