{"host":"2lpgcsidu5xufd3q","time":1614386395,"event":{"mods":["BaseMod","Colored Map","Hubris","Minty Spire (QoL Compilation)","Quick Restart","Replay The Spire","StSLib"],"gold_per_floor":[144,189,189,5,50,50,140,140,165,165,165],"floor_reached":10,"language":"ENG","playtime":371,"items_purged":[],"score":66,"play_id":"053c2443-e421-4002-9860-8e150fb291ec","local_time":"20210226193955","daily_mods":["Cursed Run","Diverse","Midas"],"is_ascension_mode":false,"campfire_choices":[{"floor":6,"key":"REST"},{"floor":8,"key":"REST"}],"circlet_count":0,"master_deck":["Strike_B","Strike_B","Strike_B","Strike_B","Defend_B","Defend_B","Defend_B","Defend_B","Zap","Dualcast","Rebound","Heatsinks","Outmaneuver","Sunder"],"relics":["Cursed Key","Darkstone Periapt","Du-Vu Doll","Runic Capacitor","HornCleat","Ancient Tea Set"],"acts_visited":["Exordium"],"potions_floor_usage":[2],"damage_taken":[{"damage":0,"enemies":"Small Slimes","floor":1,"turns":4},{"damage":2,"enemies":"Cultist","floor":2,"turns":3},{"damage":1,"enemies":"2 Louse","floor":5,"turns":3},{"damage":56,"enemies":"3 Sentries","floor":7,"turns":11},{"damage":181,"enemies":"Replay:BlueRogue","floor":10,"turns":4}],"seed_played":"-2463471341485849212","potions_obtained":[{"floor":1,"key":"ColorlessPotion"}],"is_trial":false,"path_per_floor":["M","M","?","$","M","R","E","R","T","E"],"character_chosen":"DEFECT","items_purchased":["Heatsinks","Runic Capacitor"],"campfire_rested":2,"item_purchase_floors":[4,4],"current_hp_per_floor":[75,73,73,73,72,75,19,41,47,0,0],"gold":165,"neow_bonus":"","is_daily":true,"chose_seed":false,"campfire_upgraded":0,"win_rate":0.0,"timestamp":1614386395,"path_taken":["M","M","?","$","M","R","E","R","T","E"],"items_purchased_type":["Card","Relic"],"build_version":"2020-12-22","purchased_purges":0,"victory":false,"max_hp_per_floor":[75,75,75,75,75,75,75,75,81,81,81],"card_choices":[{"not_picked":["Terror","Armaments","WindmillStrike"],"picked":"SKIP","floor":1},{"not_picked":["Run Through","Fusion"],"picked":"Rebound","floor":2},{"not_picked":["Catalyst","ReplayGash"],"picked":"Outmaneuver","floor":5},{"not_picked":["ThirdEye","Replay:ManipulateFuture"],"picked":"Sunder","floor":7}],"player_experience":932815,"relics_obtained":[{"floor":7,"key":"HornCleat"},{"floor":9,"key":"Ancient Tea Set"}],"event_choices":[{"damage_healed":0,"gold_gain":0,"player_choice":"Leave","damage_taken":0,"max_hp_gain":0,"max_hp_loss":0,"event_name":"The Cleric","floor":3,"gold_loss":0}],"is_beta":false,"boss_relics":[],"items_purged_floors":[],"is_endless":false,"potions_floor_spawned":[1],"killed_by":"Replay:BlueRogue","ascension_level":0}}