{"host":"1klw5xj5el8ngeqo","time":1614419456,"event":{"mods":["Act Like it!","BaseMod","Colored Powertips","Defuse TimeMaze Blight","Downfall","Gensokyo","Marisa£®ÏF”Í°°ƒß¿Ì…≥£©","Minty Spire (QoL Compilation)","Reimu£®≤©¿ˆ¡È√Œ£©","Remilia£®¿Ÿ√◊¿Ú—«£©","Replay The Spire","Shop Mod","StSLib","The Servant 0.9.4","WarShipGirlsR/’ΩΩ¢…Ÿ≈ÆR mod","Yakumo Yukari mod","Youmu£®ªÍ∆«—˝√Œ£©","Yuyuko"],"gold_per_floor":[99,144,129,29,74,164,189,189,189],"floor_reached":8,"language":"ZHS","playtime":593,"items_purged":[],"score":54,"play_id":"3fe66285-fd21-4ef3-9856-ed6d90581007","local_time":"20210227175056","daily_mods":["Cursed Run","downfall:Jewelcrafting","Midas"],"is_ascension_mode":false,"campfire_choices":[],"circlet_count":0,"master_deck":["rmod:strick","rmod:strick","rmod:strick","rmod:strick","rmod:defend","rmod:defend","rmod:defend","rmod:defend","rmod:basicallowance","rmod:maingunfire","Guardian:ExploitGems","Guardian:ExploitGems","Mirror_FourBoundary_purple","WorldDissolvedintheRealm_purple","Guardian:Gem_Red","Guardian:Gem_Orange","rmod:diaomin","rmod:overbreakdown","rmod:fletcherpendant","Shame"],"relics":["Cursed Key","Darkstone Periapt","Du-Vu Doll","Guardian:PickAxe","rmod:equipmentrecovery","HornCleat","rmod:extraamm"],"acts_visited":["Gensokyo:Gensokyo"],"potions_floor_usage":[],"damage_taken":[{"damage":4,"enemies":"Gensokyo:2_Kodama","floor":2,"turns":3},{"damage":10,"enemies":"downfall:FleeingMerchant","floor":3,"turns":4},{"damage":0,"enemies":"Gensokyo:3_Fairies","floor":5,"turns":3},{"damage":15,"enemies":"Gensokyo:Aya","floor":6,"turns":8},{"damage":3,"enemies":"Gensokyo:Cirno","floor":8,"turns":3}],"seed_played":"-2463471341485849212","potions_obtained":[{"floor":2,"key":"PowerPotion"}],"is_trial":false,"path_per_floor":["R","M","$","?","M","E","T","E"],"character_chosen":"PRAEFECT","items_purchased":[],"campfire_rested":0,"item_purchase_floors":[],"current_hp_per_floor":[75,71,61,61,61,46,52,49,49],"gold":189,"neow_bonus":"","is_daily":true,"chose_seed":false,"campfire_upgraded":0,"win_rate":0.0,"timestamp":1614419456,"path_taken":["R","M","$","?","M","E","T","E"],"items_purchased_type":[],"build_version":"2020-12-22","purchased_purges":0,"victory":false,"max_hp_per_floor":[75,75,75,75,75,75,81,81,81],"card_choices":[{"not_picked":["rmod:luckystar","rmod:shuttlebombing"],"picked":"rmod:diaomin","floor":2},{"not_picked":["rmod:generalist","rmod:chargemoney","rmod:gendarmerie"],"picked":"SKIP","floor":3},{"not_picked":["rmod:heivgo","rmod:ammunitionsupply"],"picked":"rmod:overbreakdown","floor":5},{"not_picked":["rmod:garrisonisland","rmod:highspeedshooting"],"picked":"rmod:fletcherpendant","floor":6}],"player_experience":15764,"relics_obtained":[{"floor":6,"key":"HornCleat"},{"floor":7,"key":"rmod:extraamm"}],"event_choices":[],"is_beta":false,"boss_relics":[],"items_purged_floors":[],"is_endless":false,"potions_floor_spawned":[2],"killed_by":"Gensokyo:Cirno","ascension_level":0}}