{"host":"oayzmny46us4oe8r","time":1614423317,"event":{"mods":["BaseMod","Minty Spire (QoL Compilation)","Shop Mod","StSLib"],"gold_per_floor":[13,27,41,141,153,153,185,202,202,232,245,245,255,255,255,375,375,398,99,99,85,105,105,8,8,33,46,46,46,46,46,46,175,175,199,199,532,20,36,36,36,36,36,36,62,110,40,40,40,40],"floor_reached":51,"language":"ENG","playtime":3749,"items_purged":["Injury","Reflex"],"score":763,"play_id":"19510b51-4689-4ab4-b0bd-e8cb3d7964c4","local_time":"20210227215517","is_ascension_mode":true,"campfire_choices":[{"data":"Terror","floor":6,"key":"SMITH"},{"floor":15,"key":"REST"},{"floor":23,"key":"REST"},{"floor":29,"key":"REST"},{"floor":32,"key":"REST"},{"data":"Catalyst","floor":40,"key":"SMITH"},{"data":"Tools of the Trade","floor":42,"key":"SMITH"},{"data":"Noxious Fumes","floor":44,"key":"SMITH"},{"floor":49,"key":"REST"}],"circlet_count":0,"master_deck":["Survivor","Neutralize","The Bomb","Deadly Poison","Bane","Cloak And Dagger","Terror+1","Tools of the Trade+1","Slice","Dagger Throw","Crippling Poison","After Image","Cloak And Dagger","Madness","Bane","Footwork","Dramatic Entrance","Deadly Poison","Dodge and Roll","Poisoned Stab+1","Leg Sweep","Necronomicurse","Tactician","After Image","Footwork","Expertise","Bane","Deflect","Infinite Blades","Catalyst+1","Underhanded Strike","Well Laid Plans","Cloak And Dagger","Noxious Fumes+1","Blur","Blind","Blade Dance+1","Dash","Tactician","Cloak And Dagger+1"],"relics":["Ring of the Snake","Smiling Mask","MealTicket","SlaversCollar","Bottled Tornado","Dream Catcher","Necronomicon","MerchantsRug","Toy Ornithopter","Pen Nib","Kunai","Calipers","Du-Vu Doll"],"acts_visited":["Exordium","TheCity","TheBeyond"],"potions_floor_usage":[16,16,16,33,35,46,46,50],"damage_taken":[{"damage":7,"enemies":"Small Slimes","floor":1,"turns":3},{"damage":0,"enemies":"Cultist","floor":2,"turns":4},{"damage":3,"enemies":"Jaw Worm","floor":3,"turns":4},{"damage":1,"enemies":"2 Fungi Beasts","floor":5,"turns":4},{"damage":11,"enemies":"3 Sentries","floor":7,"turns":3},{"damage":0,"enemies":"3 Louse","floor":8,"turns":3},{"damage":24,"enemies":"Gremlin Nob","floor":10,"turns":5},{"damage":3,"enemies":"Exordium Thugs","floor":11,"turns":5},{"damage":2,"enemies":"Looter","floor":13,"turns":3},{"damage":37,"enemies":"Slime Boss","floor":16,"turns":10},{"damage":28,"enemies":"Spheric Guardian","floor":18,"turns":7},{"damage":11,"enemies":"2 Thieves","floor":21,"turns":4},{"damage":21,"enemies":"Snake Plant","floor":22,"turns":5},{"damage":37,"enemies":"Sentry and Sphere","floor":27,"turns":8},{"damage":36,"enemies":"Automaton","floor":33,"turns":13},{"damage":23,"enemies":"Orb Walker","floor":35,"turns":5},{"damage":4,"enemies":"3 Shapes","floor":39,"turns":6},{"damage":17,"enemies":"Nemesis","floor":45,"turns":7},{"damage":39,"enemies":"2 Orb Walkers","floor":46,"turns":4},{"damage":30,"enemies":"Awakened One","floor":50,"turns":14}],"seed_played":"-289858431356002221","potions_obtained":[{"floor":1,"key":"Dexterity Potion"},{"floor":7,"key":"EssenceOfSteel"},{"floor":8,"key":"Poison Potion"},{"floor":27,"key":"GamblersBrew"},{"floor":33,"key":"Swift Potion"},{"floor":35,"key":"Fruit Juice"},{"floor":39,"key":"SkillPotion"},{"floor":45,"key":"EssenceOfSteel"},{"floor":46,"key":"Poison Potion"}],"is_trial":false,"path_per_floor":["M","M","M","?","M","R","E","M","T","E","M","?","M","?","R","B",null,"M","$","?","M","M","R","$","?","T","M","?","R","?","?","R","B",null,"M","?","?","$","M","R","?","R","T","R","E","?","$","T","R","B",null],"character_chosen":"THE_SILENT","items_purchased":["Bottled Tornado","Dramatic Entrance","Noxious Fumes","Blur","MerchantsRug","GhostInAJar","Toy Ornithopter","Blind","Tactician"],"campfire_rested":5,"item_purchase_floors":[19,24,38,38,38,38,38,38,47],"current_hp_per_floor":[63,63,60,60,59,59,48,48,48,24,21,21,19,19,40,3,70,42,57,57,46,25,46,61,61,61,24,24,45,45,29,50,14,70,52,52,52,67,63,63,63,63,63,63,46,17,32,32,53,28],"gold":40,"neow_bonus":"RANDOM_COLORLESS_2","is_daily":false,"chose_seed":false,"campfire_upgraded":4,"win_rate":0.0,"timestamp":1614423317,"path_taken":["M","M","M","?","?","R","E","M","T","E","M","?","M","?","R","BOSS","M","$","?","M","M","R","?","?","T","?","?","R","?","?","R","BOSS","M","?","?","?","?","R","?","R","T","R","E","?","?","?","R","BOSS"],"items_purchased_type":["Relic","Card","Card","Card","Relic","Potion","Relic","Card","Card"],"build_version":"2020-12-22","purchased_purges":2,"victory":true,"max_hp_per_floor":[70,70,70,70,70,70,70,70,70,70,70,70,70,70,70,70,70,70,70,70,70,70,70,70,70,70,70,70,70,70,70,70,70,70,75,75,75,75,75,75,71,71,71,71,71,71,71,71,71,71],"card_choices":[{"not_picked":["Panache","Master of Strategy"],"picked":"The Bomb","floor":0},{"not_picked":["Deflect","Backflip"],"picked":"Deadly Poison","floor":1},{"not_picked":["Flechettes","Reflex"],"picked":"Bane","floor":2},{"not_picked":["Slice","Tactician"],"picked":"Cloak And Dagger","floor":3},{"not_picked":["Prepared","Underhanded Strike"],"picked":"Terror","floor":5},{"not_picked":["Grand Finale","PiercingWail"],"picked":"Tools of the Trade","floor":7},{"not_picked":["Caltrops","Endless Agony"],"picked":"Slice","floor":8},{"not_picked":["Calculated Gamble","Concentrate"],"picked":"Dagger Throw","floor":10},{"not_picked":["Dagger Throw","Flying Knee","Endless Agony"],"picked":"SKIP","floor":11},{"not_picked":["Escape Plan","Blade Dance"],"picked":"Crippling Poison","floor":13},{"not_picked":["Die Die Die","Tools of the Trade"],"picked":"After Image","floor":16},{"not_picked":["Riddle With Holes","Skewer"],"picked":"Cloak And Dagger","floor":18},{"not_picked":["Flechettes","PiercingWail","Prepared"],"picked":"SKIP","floor":21},{"not_picked":["Eviscerate","Well Laid Plans","Caltrops"],"picked":"SKIP","floor":22},{"not_picked":["Underhanded Strike","Flying Knee"],"picked":"Dodge and Roll","floor":27},{"not_picked":["Underhanded Strike","Well Laid Plans+1"],"picked":"Poisoned Stab+1","floor":29},{"not_picked":["Tools of the Trade","Backflip"],"picked":"Tactician","floor":32},{"not_picked":["Grand Finale","Unload"],"picked":"After Image","floor":33},{"not_picked":["Predator+1","Bane"],"picked":"Cloak And Dagger","floor":35},{"not_picked":["Backflip+1","Predator+1","Escape Plan"],"picked":"SKIP","floor":39},{"not_picked":["Setup","Unload"],"picked":"Blade Dance+1","floor":45},{"not_picked":["Bouncing Flask+1","Acrobatics+1"],"picked":"Dash","floor":46},{"not_picked":["Acrobatics+1","Expertise"],"picked":"Cloak And Dagger+1","floor":49}],"player_experience":226189,"relics_obtained":[{"floor":7,"key":"Girya"},{"floor":9,"key":"Smiling Mask"},{"floor":10,"key":"MealTicket"},{"floor":26,"key":"Dream Catcher"},{"floor":31,"key":"Necronomicon"},{"floor":43,"key":"Pen Nib"},{"floor":45,"key":"Kunai"},{"floor":46,"key":"Calipers"},{"floor":48,"key":"Du-Vu Doll"}],"event_choices":[{"damage_healed":0,"gold_gain":100,"player_choice":"Pray","damage_taken":0,"max_hp_gain":0,"max_hp_loss":0,"event_name":"Golden Shrine","floor":4,"gold_loss":0},{"cards_removed":["Strike_G"],"damage_healed":0,"gold_gain":0,"player_choice":"Forget","damage_taken":0,"max_hp_gain":0,"max_hp_loss":0,"event_name":"Living Wall","floor":12,"gold_loss":0},{"damage_healed":0,"gold_gain":0,"player_choice":"Take Wound","damage_taken":0,"relics_obtained":["Golden Idol"],"max_hp_gain":0,"max_hp_loss":0,"event_name":"Golden Idol","floor":14,"gold_loss":0,"cards_obtained":["Injury"]},{"damage_healed":0,"gold_gain":0,"player_choice":"3 cards matched","damage_taken":0,"max_hp_gain":0,"max_hp_loss":0,"event_name":"Match and Keep!","floor":20,"gold_loss":0,"cards_obtained":["Madness","Bane","Footwork"]},{"damage_healed":0,"gold_gain":0,"player_choice":"3 cards matched","damage_taken":0,"max_hp_gain":0,"max_hp_loss":0,"event_name":"Match and Keep!","floor":20,"gold_loss":0,"cards_obtained":["Madness","Bane","Footwork"]},{"damage_healed":0,"gold_gain":0,"player_choice":"3 cards matched","damage_taken":0,"max_hp_gain":0,"max_hp_loss":0,"event_name":"Match and Keep!","floor":20,"gold_loss":0,"cards_obtained":["Madness","Bane","Footwork"]},{"damage_healed":0,"gold_gain":0,"player_choice":"Copied","damage_taken":0,"max_hp_gain":0,"max_hp_loss":0,"event_name":"Duplicator","floor":25,"gold_loss":0,"cards_obtained":["Deadly Poison"]},{"damage_healed":0,"gold_gain":0,"player_choice":"Ignored","damage_taken":0,"max_hp_gain":0,"max_hp_loss":0,"event_name":"Ghosts","floor":28,"gold_loss":0},{"damage_healed":0,"gold_gain":0,"player_choice":"Read","damage_taken":0,"max_hp_gain":0,"max_hp_loss":0,"event_name":"The Library","floor":30,"gold_loss":0,"cards_obtained":["Leg Sweep"]},{"damage_healed":0,"gold_gain":0,"player_choice":"Obtained Book","damage_taken":16,"max_hp_gain":0,"max_hp_loss":0,"event_name":"Cursed Tome","floor":31,"gold_loss":0},{"damage_healed":0,"gold_gain":0,"player_choice":"Ignored","damage_taken":0,"max_hp_gain":0,"max_hp_loss":0,"event_name":"Tomb of Lord Red Mask","floor":36,"gold_loss":0},{"damage_healed":0,"gold_gain":333,"player_choice":"Gave Idol","damage_taken":0,"max_hp_gain":0,"max_hp_loss":0,"event_name":"The Moai Head","floor":37,"relics_lost":["Golden Idol"],"gold_loss":0},{"damage_healed":0,"gold_gain":0,"player_choice":"Max HP","damage_taken":0,"max_hp_gain":0,"max_hp_loss":4,"event_name":"Winding Halls","floor":41,"gold_loss":0},{"damage_healed":0,"gold_gain":0,"player_choice":"Fight","damage_taken":0,"max_hp_gain":0,"max_hp_loss":0,"event_name":"Mysterious Sphere","floor":46,"gold_loss":0}],"is_beta":false,"boss_relics":[{"not_picked":["Runic Pyramid","Empty Cage"],"picked":"SlaversCollar"},{"not_picked":["Fusion Hammer","Ring of the Serpent"],"picked":"Pandora\u0027s Box"}],"items_purged_floors":[19,38],"is_endless":false,"potions_floor_spawned":[1,7,8,13,27,33,35,39,45,46],"ascension_level":1}}