{"host":"07bh1hsegidpcsuh","time":1614390901,"event":{"mods":["BaseMod","Downfall","Googly Eyes","Minty Spire (QoL Compilation)","Quick Restart","StSLib","everything is the same but u backflip on backflip"],"gold_per_floor":[99,119,28,478,478,378,378,278,278,288,300,18,18,43,61,158,158,158,171,181,194,79,114,114,141,41,51,81,81,81,116,130,227,227,227,246,246,45,45,62,87,87,37,37,57,75,75,75,94,94,94,94,94,94],"floor_reached":52,"language":"ENG","playtime":3421,"items_purged":["Pain","downfall:Icky","downfall:Icky"],"score":794,"play_id":"0a05c930-f54a-47ea-b1b6-ca2329354846","local_time":"20210226205501","is_ascension_mode":true,"campfire_choices":[{"floor":1.0,"key":"RECALL"},{"data":"bronze:FindAndReplace","floor":6.0,"key":"SMITH"},{"data":"bronze:Terminator","floor":8.0,"key":"SMITH"},{"data":"expansioncontent:DashGenerateEvil","floor":18.0,"key":"SMITH"},{"floor":26.0,"key":"REST"},{"data":"bronze:Assembly","floor":30.0,"key":"SMITH"},{"data":"bronze:Goto","floor":35,"key":"SMITH"},{"data":"bronze:GetLatest","floor":47,"key":"SMITH"}],"circlet_count":0,"master_deck":["bronze:Strike","bronze:Strike","bronze:Strike","bronze:Defend","bronze:Defend","bronze:Defend","bronze:Defend","bronze:Replicate","bronze:Goto+1","bronze:FindAndReplace+1","bronze:Repair","bronze:Terminator+1","bronze:BronzeOrb","downfall:Icky","bronze:WhirlingStrike","bronze:FindAndReplace","expansioncontent:DashGenerateEvil+1","bronze:Shell","bronze:Fortify","bronze:Assembly+1","bronze:BugBarrage+1","bronze:MaxOutput","bronze:OilSpill","bronze:FineTuning+1","bronze:Frontload","bronze:DelayedGuard+1","bronze:Turbo","Discovery","bronze:Shield","bronze:BugBarrage","bronze:Mutator","bronze:Goto","bronze:ItsAFeature","Master of Strategy","bronze:ChosenStrike+1","bronze:BurnOut","bronze:GetLatest+1","CurseOfTheBell","CurseOfTheBell"],"relics":["bronze:PlatinumCore","downfall:HeartBlessingRed","downfall:HeartBlessingBlue","WarpedTongs","Bottled Flame","bronze:MakeshiftBattery","Juzu Bracelet","StoneCalendar","Akabeko","downfall:HeartBlessingGreen","Gambling Chip","Art of War","Smiling Mask","downfall:ExtraCursedBell","Bag of Marbles","Mercury Hourglass","Guardian:GemstoneGun"],"acts_visited":["Exordium","TheCity","TheBeyond","TheEnding"],"potions_floor_usage":[44,52],"damage_taken":[{"damage":1.0,"enemies":"Cultist","floor":2.0,"turns":3.0},{"damage":1.0,"enemies":"downfall:FleeingMerchant","floor":3.0,"turns":4.0},{"damage":3.0,"enemies":"Small Slimes","floor":10.0,"turns":3.0},{"damage":0.0,"enemies":"2 Louse","floor":11.0,"turns":2.0},{"damage":2.0,"enemies":"downfall:FleeingMerchant","floor":12.0,"turns":4.0},{"damage":4.0,"enemies":"3 Sentries","floor":14.0,"turns":5.0},{"damage":0.0,"enemies":"downfall:LooterAlt","floor":15.0,"turns":3.0},{"damage":32.0,"enemies":"SI_SHIV_ARCHETYPE","floor":16.0,"turns":10.0},{"damage":2.0,"enemies":"Shell Parasite","floor":19.0,"turns":3.0},{"damage":0.0,"enemies":"3 Byrds","floor":20.0,"turns":4.0},{"damage":0.0,"enemies":"Snake Plant","floor":21.0,"turns":2.0},{"damage":8.0,"enemies":"downfall:FleeingMerchant","floor":22.0,"turns":4.0},{"damage":24.0,"enemies":"Slavers","floor":23.0,"turns":6.0},{"damage":27.0,"enemies":"Book of Stabbing","floor":25.0,"turns":5.0},{"damage":0.0,"enemies":"3 Cultists","floor":27.0,"turns":2.0},{"damage":0.0,"enemies":"downfall:FleeingMerchant","floor":28.0,"turns":4.0},{"damage":0.0,"enemies":"Slavers","floor":31.0,"turns":5.0},{"damage":0.0,"enemies":"Chosen and Byrds","floor":32.0,"turns":4.0},{"damage":53,"enemies":"DF_ARCHETYPE_CLAW","floor":33,"turns":9},{"damage":0,"enemies":"Orb Walker","floor":36,"turns":3},{"damage":0,"enemies":"3 Darklings","floor":40,"turns":3},{"damage":5,"enemies":"4 Shapes","floor":44,"turns":2},{"damage":31,"enemies":"Writhing Mass","floor":45,"turns":7},{"damage":0,"enemies":"Jaw Worm Horde","floor":46,"turns":3},{"damage":0,"enemies":"3 Darklings","floor":49,"turns":3},{"damage":56,"enemies":"WA_ARCHETYPE_DIVINITY","floor":50,"turns":10},{"damage":87,"enemies":"downfall:CharBossMerchant","floor":52,"turns":6}],"seed_played":"6002866909362210145","potions_obtained":[{"floor":11.0,"key":"Block Potion"},{"floor":14.0,"key":"FearPotion"},{"floor":15.0,"key":"DuplicationPotion"},{"floor":16.0,"key":"Weak Potion"},{"floor":19.0,"key":"LiquidMemories"},{"floor":21.0,"key":"Energy Potion"},{"floor":25.0,"key":"Explosive Potion"},{"floor":31.0,"key":"FearPotion"},{"floor":36,"key":"Slimebound:ThreeZeroPotion"},{"floor":39,"key":"SmokeBomb"},{"floor":45,"key":"ColorlessPotion"}],"is_trial":false,"path_per_floor":["R","M","$","?","?","R","T","R","?","M","M","$","?","E","M","B",null,"R","M","M","M","$","E","T","E","R","M","$","?","R","E","M","B",null,"R","M","?","$","?","M","T","?","$","M","M","M","R","?","M","B",null,"E"],"character_chosen":"THE_AUTOMATON","items_purchased":["bronze:BronzeOrb","expansioncontent:DashGenerateEvil","Gambling Chip","bronze:ItsAFeature","Master of Strategy"],"campfire_rested":1,"item_purchase_floors":[3,12,28,38,38],"current_hp_per_floor":[70,69,69,69,74,74,74,84,84,81,81,85,85,85,85,53,85,85,83,85,85,77,60,60,33,58,58,66,66,66,74,81,32,85,85,85,85,85,85,85,85,85,85,80,57,64,64,64,71,22,85,0,0,0],"gold":94,"neow_bonus":"ONE_RANDOM_RARE_CARD","is_daily":false,"chose_seed":false,"campfire_upgraded":6,"win_rate":0.0,"timestamp":1614390901,"path_taken":["R","M","$","?","?","R","T","R","?","?","M","?","?","E","M","BOSS","R","M","M","M","$","E","T","E","R","M","$","?","R","E","M","BOSS","R","M","?","$","?","M","T","?","?","M","M","M","R","?","M","BOSS","E"],"items_purchased_type":["Card","Card","Relic","Card","Card"],"build_version":"2020-12-22","purchased_purges":3,"victory":false,"max_hp_per_floor":[70,70,70,70,75,75,75,85,85,85,85,85,85,85,85,85,85,85,85,85,85,85,85,85,85,85,85,85,85,85,85,85,85,85,85,85,85,85,85,85,85,85,85,85,85,85,85,85,85,85,85,85,85,85],"card_choices":[{"not_picked":["bronze:Turbo","bronze:Invalidate"],"picked":"bronze:Repair","floor":2.0},{"not_picked":["bronze:BugBarrage","bronze:Branch"],"picked":"bronze:Terminator","floor":3.0},{"not_picked":["bronze:Deprecate","bronze:WhirlingStrike","bronze:Overheat"],"picked":"SKIP","floor":10.0},{"not_picked":["bronze:ForceShield","bronze:Deprecate"],"picked":"bronze:WhirlingStrike","floor":11.0},{"not_picked":["bronze:Safeguard","bronze:Deprecate"],"picked":"bronze:FindAndReplace","floor":12.0},{"not_picked":["bronze:Turbo","bronze:BronzeOrb"],"picked":"bronze:Shell","floor":14.0},{"not_picked":["bronze:Constructor","bronze:Deprecate"],"picked":"bronze:Fortify","floor":15.0},{"not_picked":["bronze:ThunderWave","bronze:Break"],"picked":"bronze:Assembly","floor":16.0},{"not_picked":["bronze:Flail+1","bronze:Turbo"],"picked":"bronze:BugBarrage+1","floor":19.0},{"not_picked":["bronze:Overheat","bronze:DelayedGuard"],"picked":"bronze:MaxOutput","floor":20.0},{"not_picked":["bronze:Constructor","bronze:DelayedSlice","bronze:ForLoop"],"picked":"SKIP","floor":21.0},{"not_picked":["bronze:Frontload","bronze:ForLoop"],"picked":"bronze:OilSpill","floor":22.0},{"not_picked":["bronze:Overheat","bronze:FindAndReplace"],"picked":"bronze:FineTuning+1","floor":23.0},{"not_picked":["bronze:Invalidate","bronze:CloningBeam+1"],"picked":"bronze:Frontload","floor":25.0},{"not_picked":["bronze:Terminator","bronze:Shield"],"picked":"bronze:DelayedGuard+1","floor":27.0},{"not_picked":["bronze:Terminator","bronze:Branch"],"picked":"bronze:Turbo","floor":28.0},{"not_picked":["bronze:HardenedForm","bronze:Deprecate"],"picked":"bronze:Shield","floor":31.0},{"not_picked":["bronze:DelayedGuard+1","bronze:Deprecate"],"picked":"bronze:BugBarrage","floor":32.0},{"not_picked":["bronze:SpaghettiCode","bronze:HyperBeam"],"picked":"bronze:Mutator","floor":33},{"not_picked":["bronze:Return","bronze:Iterate","bronze:Shield+1"],"picked":"SKIP","floor":36},{"not_picked":["bronze:Deprecate","bronze:FollowUp+1"],"picked":"bronze:ChosenStrike+1","floor":40},{"not_picked":["bronze:BugBarrage","bronze:CutThrough","bronze:DelayedSlice"],"picked":"SKIP","floor":45},{"not_picked":["bronze:Invalidate+1","bronze:Turbo"],"picked":"bronze:GetLatest","floor":46},{"not_picked":["bronze:Separator","bronze:Format","bronze:Shield+1"],"picked":"SKIP","floor":49}],"player_experience":1477210,"relics_obtained":[{"floor":14.0,"key":"Bottled Flame"},{"floor":23.0,"key":"Juzu Bracelet"},{"floor":24.0,"key":"StoneCalendar"},{"floor":25.0,"key":"Akabeko"},{"floor":31.0,"key":"Art of War"},{"floor":41,"key":"Smiling Mask"},{"floor":48,"key":"Bag of Marbles"},{"floor":48,"key":"Mercury Hourglass"},{"floor":48,"key":"Guardian:GemstoneGun"}],"event_choices":[{"damage_healed":0.0,"max_hp_gain":5.0,"max_hp_loss":0.0,"gold_gain":0.0,"event_name":"Big Fish","player_choice":"Donut","floor":5.0,"gold_loss":0.0,"damage_taken":0.0},{"damage_healed":0,"gold_gain":0,"player_choice":"Got Potions","damage_taken":0,"max_hp_gain":0,"max_hp_loss":0,"event_name":"Lab","floor":39,"gold_loss":0}],"is_beta":false,"boss_relics":[{"not_picked":["Runic Dome","Empty Cage"],"picked":"bronze:MakeshiftBattery"},{"not_picked":["Calling Bell","Coffee Dripper"],"picked":"bronze:PlatinumCore"}],"items_purged_floors":[12,22,43],"is_endless":false,"potions_floor_spawned":[11,14,15,16,19,20,21,25,31,36,40,44,45],"killed_by":"downfall:CharBossMerchant","ascension_level":1}}