{"host":"2d69zsihwnsihkt1","time":1614431235,"event":{"mods":["AchievementEnabler","Act Like it!","BaseMod","Better Altar","Better Note","Better Skull","Bossed Relics","Colored Map","Colored Powertips","Curses Come First","Displayed Cursed Tome","Googly Eyes","Hermit","Minty Spire (QoL Compilation)","Rare Cards Sparkle","Relic Stats","Replay The Spire","Robot Space Explorer","Shapeshifter Mod","Shop Mod","StSLib","The Forsaken","The Hayseed","The Runesmith"],"gold_per_floor":[115,115,115,115,115,115,25,25,38,54,79,79,79,90,115,115,115,220,220,235,252,252,70,70,70,70,70],"floor_reached":26,"language":"ENG","playtime":1597,"items_purged":[],"score":252,"play_id":"31099c4e-96f2-4d03-8c34-9dc248c8000f","local_time":"20210227070715","is_ascension_mode":false,"campfire_choices":[{"data":"Replay:BasicMightCard","floor":8,"key":"SMITH"},{"data":"Eruption","floor":17,"key":"SMITH"},{"data":"ReplayTheSpireMod:Brewmster","floor":25,"key":"SMITH"}],"circlet_count":0,"master_deck":["Strike_P","Strike_P","Strike_P","Defend_P","Defend_P","Defend_P","Eruption+1","Vigilance","Collect","SignatureMove+1","Replay:BasicMightCard+1","Pray+1","Pot Of Greed","Pot Of Greed+1","Blasphemy","ReplayTheSpireMod:Brewmster+1","Replay:BasicMightCard+1"],"relics":["Runic Dome","Akabeko","Lantern","Grinning Jar","War Paint","SlaversCollar","Replay:Purple Gloves"],"acts_visited":["Exordium","TheCity"],"potions_floor_usage":[10,20,26,26],"damage_taken":[{"damage":2,"enemies":"Cultist","floor":1,"turns":3},{"damage":0,"enemies":"Small Slimes","floor":9,"turns":1},{"damage":0,"enemies":"Jaw Worm","floor":10,"turns":1},{"damage":0,"enemies":"Blue Slaver","floor":14,"turns":1},{"damage":0,"enemies":"Lagavulin","floor":15,"turns":2},{"damage":32,"enemies":"Slime Boss","floor":18,"turns":3},{"damage":15,"enemies":"2 Thieves","floor":20,"turns":3},{"damage":0,"enemies":"Spheric Guardian","floor":21,"turns":1},{"damage":66,"enemies":"Slavers","floor":26,"turns":5}],"seed_played":"-5342583122122798234","potions_obtained":[{"floor":1,"key":"FearPotion"},{"floor":9,"key":"BottledMiracle"},{"floor":10,"key":"SpeedPotion"},{"floor":18,"key":"Explosive Potion"},{"floor":21,"key":"Weak Potion"}],"is_trial":false,"path_per_floor":["M","?","$","PTL","PTL","?","$","R","M","M","T","?","$","M","E","T","R","B",null,"M","M","?","$","?","R","E"],"character_chosen":"WATCHER","items_purchased":["Replay:BasicMightCard","ReplayTheSpireMod:Brewmster"],"campfire_rested":0,"item_purchase_floors":[7,23],"current_hp_per_floor":[70,70,70,70,70,70,70,70,70,70,70,70,70,70,70,70,70,38,72,57,57,57,57,57,57,0,0],"gold":70,"neow_bonus":"BOSS_RELIC","is_daily":false,"chose_seed":false,"campfire_upgraded":3,"win_rate":0.0,"timestamp":1614431235,"path_taken":["M","?","$","PTL","PTL","?","$","R","?","M","T","?","?","M","E","?","R","BOSS","M","M","?","$","?","R","E"],"items_purchased_type":["Card","Card"],"build_version":"2020-12-22","purchased_purges":0,"victory":false,"max_hp_per_floor":[72,72,72,72,72,72,72,72,72,72,72,72,72,72,72,72,72,72,72,72,72,72,72,72,72,72,72],"relic_stats":{"counters":[9,20],"War Paint":["Pray","Pot Of Greed"],"obtain_stats":[{"Runic Dome":0,"SlaversCollar":19,"Lantern":11,"Replay:Purple Gloves":22,"PureWater":0,"Grinning Jar":15,"War Paint":16,"Akabeko":6},{"Runic Dome":0,"SlaversCollar":6,"Lantern":3,"Replay:Purple Gloves":8,"PureWater":0,"Grinning Jar":5,"War Paint":5,"Akabeko":1},{"Runic Dome":0,"SlaversCollar":11,"Lantern":5,"Replay:Purple Gloves":15,"PureWater":0,"Grinning Jar":8,"War Paint":8,"Akabeko":3}]},"card_choices":[{"not_picked":["CrushJoints","EmptyBody"],"picked":"Collect","floor":1},{"not_picked":["Adaptation","FearNoEvil"],"picked":"Pray","floor":9},{"not_picked":["Weave","EmptyBody","Protect"],"picked":"SKIP","floor":10},{"not_picked":["Conclude","Crescendo","TalkToTheHand"],"picked":"SKIP","floor":14},{"not_picked":["ThirdEye","WaveOfTheHand","Replay:AtTheReady"],"picked":"SKIP","floor":15},{"not_picked":["Judgement","Establishment"],"picked":"Blasphemy","floor":18},{"not_picked":["Replay:AtTheReady","FlyingSleeves","Replay:ManipulateFuture+1"],"picked":"SKIP","floor":20},{"not_picked":["SandsOfTime","Evaluate","Prostrate"],"picked":"SKIP","floor":21}],"player_experience":1948132,"relics_obtained":[{"floor":6,"key":"Akabeko"},{"floor":11,"key":"Lantern"},{"floor":15,"key":"Grinning Jar"},{"floor":16,"key":"War Paint"},{"floor":22,"key":"Replay:Purple Gloves"}],"event_choices":[{"damage_healed":0,"gold_gain":0,"player_choice":"Relic","damage_taken":0,"max_hp_gain":0,"max_hp_loss":0,"event_name":"Wheel of Change","floor":6,"gold_loss":0},{"cards_removed":["Strike_P"],"damage_healed":0,"gold_gain":0,"player_choice":"Forget","damage_taken":0,"max_hp_gain":0,"max_hp_loss":0,"event_name":"Living Wall","floor":12,"gold_loss":0},{"damage_healed":0,"gold_gain":0,"player_choice":"Relic","damage_taken":0,"max_hp_gain":0,"max_hp_loss":0,"event_name":"Wheel of Change","floor":22,"gold_loss":0},{"damage_healed":0,"gold_gain":0,"player_choice":"Copied","damage_taken":0,"max_hp_gain":0,"max_hp_loss":0,"event_name":"Duplicator","floor":24,"gold_loss":0,"cards_obtained":["Replay:BasicMightCard"]}],"is_beta":false,"boss_relics":[{"not_picked":["Empty Cage","Fusion Hammer"],"picked":"SlaversCollar"}],"items_purged_floors":[],"is_endless":false,"potions_floor_spawned":[1,9,10,18,21],"killed_by":"Slavers","ascension_level":0}}