{"host":"sw6p9u0oh417cx03","time":1614392344,"event":{"mods":["AchievementEnabler","Act Like it!","BaseMod","CapriCore","DeckTracker","Highlight Path","Minty Spire (QoL Compilation)","Quick Restart","StSLib"],"gold_per_floor":[119,269,194,194,94,94,108,137,137,137,62,77,94,94,94,168,168,120,132,7,7,7,7,26,26,101,113,113,128,128,140,140,216,216,231,231,1,18,18,18,18,30,30,30,30,30,60,75,75,75,75,75,20,46,46,46],"floor_reached":55,"language":"ZHS","playtime":2463,"items_purged":["Doubt","Strike_G","Strike_G","Defend_G"],"score":1282,"play_id":"58875bc9-cc39-41f7-9071-f30c5df12b45","local_time":"20210227101904","is_ascension_mode":true,"campfire_choices":[{"data":"Concentrate","floor":6.0,"key":"SMITH"},{"data":"Choke","floor":10.0,"key":"SMITH"},{"data":"Reflex","floor":15.0,"key":"SMITH"},{"data":"Cloak And Dagger","floor":23.0,"key":"SMITH"},{"data":"Prepared","floor":25.0,"key":"SMITH"},{"floor":28.0,"key":"REST"},{"data":"Calculated Gamble","floor":32.0,"key":"SMITH"},{"data":"Blade Dance","floor":40.0,"key":"SMITH"},{"data":"Secret Technique","floor":44.0,"key":"SMITH"},{"floor":46.0,"key":"RECALL"},{"data":"Accuracy","floor":49,"key":"SMITH"},{"data":"Malaise","floor":52,"key":"SMITH"}],"circlet_count":0,"master_deck":["AscendersBane","Defend_G","Defend_G","Defend_G","Survivor+1","Concentrate+1","Reflex+1","Cloak And Dagger+1","Leg Sweep+1","Dagger Throw+1","Accuracy+1","Prepared+1","Malaise+1","Backflip","Calculated Gamble+1","Blade Dance+1","After Image","Master of Strategy","Secret Technique+1","Accuracy+1","Blade Dance","Blade Dance"],"relics":["Ring of the Snake","NeowsBlessing","Vajra","Pear","Astrolabe","Blue Candle","WristBlade","Snake Skull","Lantern"],"acts_visited":["Exordium","TheCity","TheBeyond","TheEnding"],"potions_floor_usage":[47,47,54],"damage_taken":[{"damage":0.0,"enemies":"Cultist","floor":1.0,"turns":1.0},{"damage":0.0,"enemies":"2 Louse","floor":7.0,"turns":1.0},{"damage":0.0,"enemies":"Lagavulin","floor":8.0,"turns":2.0},{"damage":4.0,"enemies":"Small Slimes","floor":12.0,"turns":4.0},{"damage":2.0,"enemies":"2 Fungi Beasts","floor":13.0,"turns":3.0},{"damage":27.0,"enemies":"Slime Boss","floor":16.0,"turns":16.0},{"damage":11.0,"enemies":"2 Thieves","floor":18.0,"turns":5.0},{"damage":2.0,"enemies":"Chosen","floor":19.0,"turns":4.0},{"damage":7.0,"enemies":"Centurion and Healer","floor":24.0,"turns":8.0},{"damage":3.0,"enemies":"Snecko","floor":27.0,"turns":6.0},{"damage":3.0,"enemies":"Shelled Parasite and Fungi","floor":29.0,"turns":5.0},{"damage":11.0,"enemies":"Snake Plant","floor":31.0,"turns":3.0},{"damage":32.0,"enemies":"Champ","floor":33.0,"turns":8.0},{"damage":0.0,"enemies":"Orb Walker","floor":35.0,"turns":3.0},{"damage":8.0,"enemies":"3 Darklings","floor":38.0,"turns":5.0},{"damage":0.0,"enemies":"4 Shapes","floor":42.0,"turns":4.0},{"damage":6,"enemies":"Reptomancer","floor":47,"turns":4},{"damage":0,"enemies":"Maw","floor":48,"turns":4},{"damage":1,"enemies":"Awakened One","floor":50,"turns":5},{"damage":3,"enemies":"Shield and Spear","floor":54,"turns":4},{"damage":90,"enemies":"The Heart","floor":55,"turns":3}],"seed_played":"7960683550550668235","potions_obtained":[{"floor":1.0,"key":"BlessingOfTheForge"},{"floor":7.0,"key":"GhostInAJar"},{"floor":16.0,"key":"Poison Potion"},{"floor":18.0,"key":"AttackPotion"},{"floor":24.0,"key":"Regen Potion"},{"floor":31.0,"key":"ColorlessPotion"},{"floor":33.0,"key":"FearPotion"},{"floor":48,"key":"LiquidMemories"},{"floor":54,"key":"Energy Potion"}],"is_trial":false,"path_per_floor":["M","?","$","?","$","R","M","E","T","R","?","M","M","?","R","B",null,"M","M","$","?","?","R","M","R","T","M","R","M","?","M","R","B",null,"M","?","$","M","?","R","?","M","T","R","$","R","E","M","R","B",null,"R","$","E","B"],"character_chosen":"THE_SILENT","items_purchased":["LiquidMemories","Blade Dance"],"campfire_rested":1,"item_purchase_floors":[37,53],"current_hp_per_floor":[59,59,59,59,59,59,59,59,69,69,69,65,63,40,40,13,60,49,47,47,47,47,47,40,40,40,37,59,70,70,59,59,27,64,64,64,64,56,56,56,46,46,46,46,46,46,40,40,40,39,64,64,64,61,0,0],"gold":46,"neow_bonus":"THREE_ENEMY_KILL","is_daily":false,"chose_seed":false,"campfire_upgraded":10,"win_rate":0.0,"timestamp":1614392344,"path_taken":["M","?","$","?","$","R","?","E","T","R","?","M","M","?","R","BOSS","M","M","$","?","?","R","?","R","T","M","R","M","?","M","R","BOSS","M","?","$","M","?","R","?","M","T","R","?","R","E","?","R","BOSS","R","$","E","BOSS"],"items_purchased_type":["Potion","Card"],"build_version":"2020-12-22","purchased_purges":4,"victory":false,"max_hp_per_floor":[66,66,66,66,66,66,66,66,76,76,76,76,76,76,76,76,76,76,76,76,76,76,76,76,76,76,76,76,76,76,76,76,76,76,76,72,72,72,72,72,72,72,72,72,72,72,72,72,72,72,72,72,72,72,72,72],"card_choices":[{"not_picked":["Expertise","Bane"],"picked":"Concentrate","floor":1.0},{"not_picked":["Deadly Poison","Outmaneuver"],"picked":"Choke","floor":7.0},{"not_picked":["Masterful Stab","Dagger Throw","Quick Slash"],"picked":"SKIP","floor":8.0},{"not_picked":["Flying Knee","Escape Plan"],"picked":"Reflex","floor":12.0},{"not_picked":["Underhanded Strike","Unload"],"picked":"Cloak And Dagger","floor":13.0},{"not_picked":["Phantasmal Killer","Glass Knife"],"picked":"Venomology","floor":16.0},{"not_picked":["Endless Agony","Deadly Poison","Dagger Throw"],"picked":"SKIP","floor":18.0},{"not_picked":["Poisoned Stab","Bane"],"picked":"Prepared","floor":19.0},{"not_picked":["Endless Agony","Eviscerate"],"picked":"Backflip","floor":24.0},{"not_picked":["Predator+1","Endless Agony","Sucker Punch"],"picked":"SKIP","floor":27.0},{"not_picked":["Concentrate","Flying Knee"],"picked":"Calculated Gamble","floor":29.0},{"not_picked":["Outmaneuver","Riddle With Holes","Sucker Punch"],"picked":"SKIP","floor":31.0},{"not_picked":["Phantasmal Killer","Adrenaline"],"picked":"After Image","floor":33.0},{"not_picked":["Eviscerate","Dagger Throw","Skewer+1"],"picked":"SKIP","floor":35.0},{"not_picked":["PiercingWail+1","Dash","Poisoned Stab+1"],"picked":"SKIP","floor":38.0},{"not_picked":["Flash of Steel","Madness"],"picked":"Master of Strategy","floor":41.0},{"not_picked":["PanicButton","Mayhem"],"picked":"Secret Technique","floor":41.0},{"not_picked":["Deflect+1","Poisoned Stab","Slice"],"picked":"SKIP","floor":42.0},{"not_picked":["Endless Agony","PiercingWail","Heel Hook+1"],"picked":"SKIP","floor":47},{"not_picked":["Deadly Poison","Catalyst"],"picked":"Accuracy","floor":48},{"not_picked":["Well Laid Plans","Skewer"],"picked":"Blade Dance","floor":54}],"player_experience":327658,"relics_obtained":[{"floor":8.0,"key":"Vajra"},{"floor":9.0,"key":"Pear"},{"floor":26.0,"key":"Blue Candle"},{"floor":47,"key":"Snake Skull"},{"floor":54,"key":"Lantern"}],"event_choices":[{"damage_healed":0.0,"max_hp_gain":0.0,"max_hp_loss":0.0,"gold_gain":150.0,"event_name":"Liars Game","player_choice":"AGREE","floor":2.0,"gold_loss":0.0,"damage_taken":0.0,"cards_obtained":["Doubt"]},{"cards_removed":["Strike_G"],"damage_healed":0.0,"max_hp_gain":0.0,"max_hp_loss":0.0,"gold_gain":0.0,"event_name":"Bonfire Elementals","player_choice":"Offered Basic","floor":4.0,"gold_loss":0.0,"damage_taken":0.0},{"cards_removed":["Strike_G"],"damage_healed":0.0,"max_hp_gain":0.0,"max_hp_loss":0.0,"gold_gain":0.0,"event_name":"The Cleric","player_choice":"Card Removal","floor":11.0,"gold_loss":75.0,"damage_taken":0.0},{"damage_healed":0.0,"max_hp_gain":0.0,"max_hp_loss":0.0,"gold_gain":0.0,"event_name":"Shining Light","player_choice":"Entered Light","floor":14.0,"gold_loss":0.0,"damage_taken":23.0,"cards_upgraded":["Neutralize","Survivor"]},{"damage_healed":0.0,"max_hp_gain":0.0,"max_hp_loss":0.0,"gold_gain":0.0,"event_name":"Cursed Tome","player_choice":"Ignored","floor":21.0,"gold_loss":0.0,"damage_taken":0.0},{"damage_healed":0.0,"max_hp_gain":0.0,"max_hp_loss":0.0,"gold_gain":0.0,"cards_transformed":["Defend_G"],"event_name":"Transmorgrifier","player_choice":"Transformed","floor":22.0,"gold_loss":0.0,"damage_taken":0.0,"cards_obtained":["Malaise"]},{"damage_healed":0.0,"max_hp_gain":0.0,"max_hp_loss":0.0,"gold_gain":0.0,"event_name":"The Library","player_choice":"Read","floor":30.0,"gold_loss":0.0,"damage_taken":0.0,"cards_obtained":["Blade Dance"]},{"damage_healed":0.0,"max_hp_gain":0.0,"max_hp_loss":4.0,"gold_gain":0.0,"event_name":"Winding Halls","player_choice":"Max HP","floor":36.0,"gold_loss":0.0,"damage_taken":0.0},{"cards_removed":["Neutralize"],"damage_healed":0.0,"max_hp_gain":0.0,"max_hp_loss":0.0,"gold_gain":0.0,"event_name":"Falling","player_choice":"Removed Attack","floor":39.0,"gold_loss":0.0,"damage_taken":0.0},{"damage_healed":0.0,"max_hp_gain":0.0,"max_hp_loss":0.0,"gold_gain":0.0,"event_name":"SensoryStone","player_choice":"Memory 3","floor":41.0,"gold_loss":0.0,"damage_taken":10.0}],"is_beta":false,"boss_relics":[{"not_picked":["Ectoplasm","Snecko Eye"],"picked":"Astrolabe"},{"not_picked":["Philosopher\u0027s Stone","Tiny House"],"picked":"WristBlade"}],"items_purged_floors":[3,5,20,37],"is_endless":false,"potions_floor_spawned":[1,7,16,18,24,31,33,42,48,54],"killed_by":"The Heart","ascension_level":17}}