{"host":"yecadp3kwkksam5a","time":1614413942,"event":{"mods":["BaseMod","Minty Spire (QoL Compilation)","Replay The Spire","StSLib","SuperFastMode","The Jungle"],"gold_per_floor":[12,32,47,47,64,64,94,94,120,159,25,55,55,69,69,151,151,170,170,190,210,223,254,254,254,280,319,323,323],"floor_reached":28,"language":"KOR","playtime":1096,"items_purged":["Strike_B"],"score":703,"play_id":"aa8e338c-ce1e-4de7-9c0a-d925c6faec40","local_time":"20210227171902","is_ascension_mode":true,"campfire_choices":[{"data":"Apotheosis","floor":6.0,"key":"SMITH"},{"floor":15,"key":"RECALL"}],"circlet_count":0,"master_deck":["AscendersBane","Strike_B","Strike_B","Defend_B","Defend_B","Defend_B","Zap","Electrodynamics","Apotheosis+1","ReplayTheSpireMod:Calculation Training","Coolheaded","Biased Cognition","ReplayTheSpireMod:Calculation Training","Mirror Shield","Compile Driver","ReplayTheSpireMod:Calculation Training","Core Surge","Storm","Hologram","Echo Form","Heatsinks+1","BasicCrystalCard","Coolheaded","Multi-Cast","Double Energy","Defragment","Hologram","Fission","Glacier","BasicCrystalCard","BasicCrystalCard","Hologram","Machine Learning","Echo Form","Aggregate","BasicCrystalCard","Double Energy"],"relics":["Cracked Core","Prayer Wheel","Prayer Wheel","Prayer Wheel","Prayer Wheel","Bottled Lightning","Replay:Rubber Ducky","Replay:Bandana","Anchor","Fusion Hammer","Prayer Wheel","Prayer Wheel","Prayer Wheel","Matryoshka","Enchiridion","Pen Nib","Sundial"],"acts_visited":["Exordium","TheCity"],"potions_floor_usage":[],"damage_taken":[{"damage":0.0,"enemies":"2 Louse","floor":1.0,"turns":1.0},{"damage":4.0,"enemies":"Jaw Worm","floor":2.0,"turns":3.0},{"damage":0.0,"enemies":"Small Slimes","floor":3.0,"turns":3.0},{"damage":9.0,"enemies":"Red Slaver","floor":5.0,"turns":4.0},{"damage":14.0,"enemies":"Replay:BlueRogue","floor":7.0,"turns":4.0},{"damage":6.0,"enemies":"3 Sentries","floor":10.0,"turns":3.0},{"damage":0.0,"enemies":"Lagavulin","floor":12.0,"turns":7.0},{"damage":0.0,"enemies":"3 Louse","floor":14.0,"turns":1.0},{"damage":0,"enemies":"The Guardian","floor":16,"turns":5},{"damage":11,"enemies":"Shell Parasite","floor":18,"turns":3},{"damage":21,"enemies":"Spheric Guardian","floor":20,"turns":4},{"damage":20,"enemies":"Shelled Parasite and Fungi","floor":21,"turns":5},{"damage":5,"enemies":"Centurion and Healer","floor":22,"turns":4},{"damage":15,"enemies":"Slavers","floor":23,"turns":4},{"damage":7,"enemies":"Gremlin Leader","floor":27,"turns":3},{"damage":18,"enemies":"Snake Plant","floor":28,"turns":2}],"seed_played":"920708018260238264","potions_obtained":[{"floor":7.0,"key":"SpeedPotion"},{"floor":10.0,"key":"BlessingOfTheForge"}],"is_trial":false,"path_per_floor":["M","M","M","?","M","R","E","?","T","E","$","E","?","M","R","B",null,"M","?","M","M","M","E","?","?","T","E","M"],"character_chosen":"DEFECT","items_purchased":["Coolheaded"],"campfire_rested":0,"item_purchase_floors":[11],"current_hp_per_floor":[64,60,60,60,51,51,37,37,37,31,31,31,31,31,31,31,61,50,30,9,62,57,42,42,21,21,14,0,0],"gold":323,"neow_bonus":"THREE_RARE_CARDS","is_daily":false,"chose_seed":false,"campfire_upgraded":1,"win_rate":0.0,"timestamp":1614413942,"path_taken":["M","M","M","?","M","R","E","?","T","E","?","E","?","M","R","BOSS","M","?","M","M","M","E","?","?","T","E","M"],"items_purchased_type":["Card"],"build_version":"2020-12-22","purchased_purges":1,"victory":false,"max_hp_per_floor":[71,71,71,71,71,71,71,71,71,71,71,71,71,71,71,71,71,71,76,76,76,76,76,76,76,76,76,76,76],"card_choices":[{"not_picked":["Mirror Shield","Rainbow"],"picked":"Electrodynamics","floor":0.0},{"not_picked":["Coolheaded","Rebound"],"picked":"ReplayTheSpireMod:Calculation Training","floor":1.0},{"not_picked":["Hologram","Sweeping Beam"],"picked":"Coolheaded","floor":1.0},{"not_picked":["Compile Driver","Cold Snap"],"picked":"Biased Cognition","floor":1.0},{"not_picked":["Stack","Go for the Eyes","Gash"],"picked":"SKIP","floor":1.0},{"not_picked":["Streamline","Consume","ReplaySort"],"picked":"SKIP","floor":1.0},{"not_picked":["Go for the Eyes","Storm"],"picked":"ReplayTheSpireMod:Calculation Training","floor":2.0},{"not_picked":["Go for the Eyes","Skim"],"picked":"Mirror Shield","floor":2.0},{"not_picked":["Hello World","Cold Snap"],"picked":"Compile Driver","floor":2.0},{"not_picked":["Static Discharge","Streamline","ReplaySolidLightProjector"],"picked":"SKIP","floor":2.0},{"not_picked":["Cold Snap","Turbo","Panic Button"],"picked":"SKIP","floor":2.0},{"not_picked":["Turbo","Sweeping Beam"],"picked":"ReplayTheSpireMod:Calculation Training","floor":3.0},{"not_picked":["Coolheaded","Rebound"],"picked":"Core Surge","floor":3.0},{"not_picked":["Time Bomb","Turbo"],"picked":"Storm","floor":3.0},{"not_picked":["Beam Cell","Redo","Streamline"],"picked":"SKIP","floor":3.0},{"not_picked":["Leap","Conserve Battery","Doom and Gloom"],"picked":"SKIP","floor":3.0},{"not_picked":["Ball Lightning","Panic Button"],"picked":"Hologram","floor":5.0},{"not_picked":["Barrage","Compile Driver","ReplaySolidLightProjector"],"picked":"SKIP","floor":5.0},{"not_picked":["Gash","Beam Cell","Redo"],"picked":"SKIP","floor":5.0},{"not_picked":["Steam","Amplify","Turbo"],"picked":"SKIP","floor":5.0},{"not_picked":["Conserve Battery","Rebound","Consume"],"picked":"SKIP","floor":5.0},{"not_picked":["Chill","Coolheaded"],"picked":"Echo Form","floor":7.0},{"not_picked":["Blizzard","Barrage"],"picked":"BasicCrystalCard","floor":10.0},{"not_picked":["Storm","Capacitor"],"picked":"Multi-Cast","floor":12.0},{"not_picked":["Leap","ReplayGash"],"picked":"Double Energy","floor":14.0},{"not_picked":["Redo","Rebound"],"picked":"Defragment","floor":14.0},{"not_picked":["ReplayTheSpireMod:Repulse","Conserve Battery"],"picked":"Hologram","floor":14.0},{"not_picked":["Leap","Stack","Conserve Battery"],"picked":"SKIP","floor":14.0},{"not_picked":["Beam Cell","FIFO Queue","Conserve Battery"],"picked":"SKIP","floor":14.0},{"not_picked":["Biased Cognition","Multi-Cast"],"picked":"Fission","floor":16},{"not_picked":["Rip and Tear","Sweeping Beam"],"picked":"ReplayTheSpireMod:Fabricate Wheel","floor":18},{"not_picked":["Go for the Eyes","Leap+1"],"picked":"Glacier","floor":18},{"not_picked":["Redo","ReplayTheSpireMod:Reroute Power","Blizzard+1"],"picked":"SKIP","floor":18},{"not_picked":["Rebound","ReplayGash","Stack"],"picked":"SKIP","floor":18},{"not_picked":["Compile Driver","Ball Lightning+1","Leap"],"picked":"SKIP","floor":18},{"not_picked":["Leap","ReplayTheSpireMod:Repulse"],"picked":"BasicCrystalCard","floor":20},{"not_picked":["Rebound","Conserve Battery"],"picked":"BasicCrystalCard","floor":20},{"not_picked":["Rebound","Skim"],"picked":"Hologram","floor":20},{"not_picked":["Panic Button","ReplaySort"],"picked":"Machine Learning","floor":20},{"not_picked":["Gash","Compile Driver","FIFO Queue"],"picked":"SKIP","floor":20},{"not_picked":["Ball Lightning","Conserve Battery","Redo"],"picked":"SKIP","floor":20},{"not_picked":["ReplayTheSpireMod:System Scan","Time Bomb","Panic Button"],"picked":"SKIP","floor":20},{"not_picked":["Undo","Sweeping Beam"],"picked":"Aggregate","floor":21},{"not_picked":["Coolheaded","Steam","Panic Button"],"picked":"SKIP","floor":21},{"not_picked":["Tempest","Glacier","Reinforced Body"],"picked":"SKIP","floor":21},{"not_picked":["Panic Button","Gash","Biased Cognition"],"picked":"SKIP","floor":21},{"not_picked":["Darkness+1","Chill","Hologram"],"picked":"SKIP","floor":21},{"not_picked":["Leap","Compile Driver","Beam Cell"],"picked":"SKIP","floor":21},{"not_picked":["Go for the Eyes","Redo","Undo"],"picked":"SKIP","floor":21},{"not_picked":["Hello World","Barrage+1","Rebound+1"],"picked":"SKIP","floor":21},{"not_picked":["Compile Driver","ReplayTheSpireMod:GoodbyeWorld"],"picked":"BasicCrystalCard","floor":22},{"not_picked":["Barrage","Turbo"],"picked":"Double Energy","floor":22},{"not_picked":["Gash+1","Conserve Battery","Coolheaded"],"picked":"SKIP","floor":22},{"not_picked":["Ball Lightning","Loop","ReplayTheSpireMod:System Scan"],"picked":"SKIP","floor":22},{"not_picked":["Go for the Eyes+1","ReplayTheSpireMod:GoodbyeWorld","Rebound+1"],"picked":"SKIP","floor":22},{"not_picked":["Cold Snap","ReplayTheSpireMod:Repulse","Capacitor"],"picked":"SKIP","floor":22},{"not_picked":["Cold Snap","Sunder","Rainbow"],"picked":"SKIP","floor":22},{"not_picked":["Fusion","BasicCrystalCard","Crystallizer"],"picked":"SKIP","floor":22},{"not_picked":["Steam","FIFO Queue","ReplayTheSpireMod:Fabricate Wheel"],"picked":"SKIP","floor":23},{"not_picked":["Sunder+1","Streamline","Hologram+1"],"picked":"SKIP","floor":27}],"player_experience":612005,"relics_obtained":[{"floor":7.0,"key":"Replay:Rubber Ducky"},{"floor":9.0,"key":"Replay:Bandana"},{"floor":10.0,"key":"Anchor"},{"floor":12.0,"key":"Carrot"},{"floor":23,"key":"Matryoshka"},{"floor":25,"key":"Enchiridion"},{"floor":26,"key":"Pen Nib"},{"floor":27,"key":"Sundial"}],"event_choices":[{"cards_removed":["Strike_B"],"damage_healed":0.0,"max_hp_gain":0.0,"max_hp_loss":0.0,"gold_gain":0.0,"event_name":"Living Wall","player_choice":"Forget","floor":4.0,"gold_loss":0.0,"damage_taken":0.0},{"damage_healed":0.0,"max_hp_gain":0.0,"max_hp_loss":0.0,"gold_gain":0.0,"event_name":"Lab","player_choice":"Got Potions","floor":13.0,"gold_loss":0.0,"damage_taken":0.0},{"damage_healed":0,"gold_gain":0,"player_choice":"Shed Blood","damage_taken":25,"max_hp_gain":5,"max_hp_loss":0,"event_name":"Forgotten Altar","floor":19,"gold_loss":0},{"cards_removed":["Defend_B"],"damage_healed":0,"gold_gain":0,"player_choice":"Elegance","damage_taken":0,"max_hp_gain":0,"max_hp_loss":0,"event_name":"Back to Basics","floor":24,"gold_loss":0},{"damage_healed":0,"gold_gain":0,"player_choice":"Obtained Book","damage_taken":21,"max_hp_gain":0,"max_hp_loss":0,"event_name":"Cursed Tome","floor":25,"gold_loss":0}],"is_beta":false,"boss_relics":[{"not_picked":["Replay:Bronze Core","Ring of Chaos"],"picked":"Fusion Hammer"}],"items_purged_floors":[11],"is_endless":false,"potions_floor_spawned":[7,10,12,16,18,22],"killed_by":"Snake Plant","ascension_level":17}}