{"host":"by8i6f8xc0ywpsd5","time":1614423465,"event":{"mods":["BaseMod","Colored Map","Minty Spire (QoL Compilation)","Relic Stats"],"gold_per_floor":[113,123,136,61,61,88,116,116,116,191,210,221,253,3,3,77,77,96,63,63,72,22,22,22,22],"floor_reached":24,"language":"ENG","playtime":878,"items_purged":["Strike_R"],"score":408,"play_id":"46959a82-1752-48fd-9aba-a7cf0f303386","local_time":"20210227125745","is_ascension_mode":true,"campfire_choices":[{"data":"Uppercut","floor":8.0,"key":"SMITH"},{"data":"Flash of Steel","floor":15,"key":"SMITH"},{"floor":23,"key":"REST"}],"circlet_count":0,"master_deck":["AscendersBane","Strike_R","Strike_R","Strike_R","Strike_R","Defend_R","Defend_R","Defend_R","Defend_R","Bash","Flame Barrier","Heavy Blade","Uppercut+1","Iron Wave","Burning Pact","Exhume","Battle Trance","Spot Weakness","Shrug It Off","Flash of Steel+1","Reaper","CurseOfTheBell","Heavy Blade+1","Shockwave"],"relics":["Burning Blood","Ancient Tea Set","Odd Mushroom","Ornamental Fan","Bag of Marbles","Membership Card","Calling Bell","CeramicFish","Mercury Hourglass","Calipers"],"acts_visited":["Exordium","TheCity"],"potions_floor_usage":[13,18,24],"damage_taken":[{"damage":1.0,"enemies":"Small Slimes","floor":1.0,"turns":4.0},{"damage":4.0,"enemies":"Jaw Worm","floor":2.0,"turns":5.0},{"damage":0.0,"enemies":"2 Louse","floor":3.0,"turns":2.0},{"damage":21.0,"enemies":"Gremlin Nob","floor":6.0,"turns":4.0},{"damage":38.0,"enemies":"The Mushroom Lair","floor":7.0,"turns":6.0},{"damage":0,"enemies":"2 Fungi Beasts","floor":11,"turns":3},{"damage":10,"enemies":"3 Louse","floor":12,"turns":5},{"damage":19,"enemies":"3 Sentries","floor":13,"turns":6},{"damage":16,"enemies":"Hexaghost","floor":16,"turns":9},{"damage":35,"enemies":"Shell Parasite","floor":18,"turns":8},{"damage":36,"enemies":"2 Thieves","floor":19,"turns":5},{"damage":82,"enemies":"Gremlin Leader","floor":24,"turns":7}],"seed_played":"-3418828471655894243","potions_obtained":[{"floor":2.0,"key":"DuplicationPotion"},{"floor":3.0,"key":"Regen Potion"},{"floor":7.0,"key":"Dexterity Potion"},{"floor":13,"key":"ColorlessPotion"}],"is_trial":false,"path_per_floor":["M","M","M","$","?","E","?","R","T","?","M","M","E","$","R","B",null,"M","M","?","?","?","R","E"],"character_chosen":"IRONCLAD","items_purchased":["Membership Card","Flash of Steel","BloodPotion"],"campfire_rested":1,"item_purchase_floors":[14,14,14],"current_hp_per_floor":[73,75,75,75,75,60,43,43,43,32,38,34,21,21,21,11,59,47,25,25,25,25,47,0,0],"gold":22,"neow_bonus":"THREE_CARDS","is_daily":false,"chose_seed":false,"campfire_upgraded":2,"win_rate":0.0,"timestamp":1614423465,"path_taken":["M","M","M","$","?","E","?","R","T","?","M","M","E","?","R","BOSS","M","M","?","?","?","R","E"],"items_purchased_type":["Relic","Card","Potion"],"build_version":"2020-12-22","purchased_purges":1,"victory":false,"max_hp_per_floor":[75,75,75,75,75,75,75,75,75,75,75,75,75,75,75,75,75,75,75,75,75,75,75,75,75],"relic_stats":{"counters":[12,64],"Ornamental Fan":[32],"CeramicFish":18,"obtain_stats":[{"Calling Bell":17,"Calipers":17,"Ornamental Fan":9,"CeramicFish":17,"Bag of Marbles":13,"Membership Card":14,"Odd Mushroom":7,"Ancient Tea Set":6,"Burning Blood":0,"Mercury Hourglass":17},{"Calling Bell":9,"Calipers":9,"Ornamental Fan":5,"CeramicFish":9,"Bag of Marbles":8,"Membership Card":8,"Odd Mushroom":5,"Ancient Tea Set":4,"Burning Blood":0,"Mercury Hourglass":9},{"Calling Bell":44,"Calipers":44,"Ornamental Fan":21,"CeramicFish":44,"Bag of Marbles":35,"Membership Card":35,"Odd Mushroom":21,"Ancient Tea Set":15,"Burning Blood":0,"Mercury Hourglass":44}],"Burning Blood":60,"Mercury Hourglass":[65]},"card_choices":[{"not_picked":["Havoc","True Grit"],"picked":"Flame Barrier","floor":0.0},{"not_picked":["Clash","Warcry"],"picked":"Heavy Blade","floor":1.0},{"not_picked":["Armaments","Sever Soul"],"picked":"Uppercut","floor":2.0},{"not_picked":["Thunderclap","Searing Blow"],"picked":"Iron Wave","floor":3.0},{"not_picked":["Dark Embrace","Thunderclap"],"picked":"Burning Pact","floor":6.0},{"not_picked":["Thunderclap","Shrug It Off"],"picked":"Exhume","floor":7.0},{"not_picked":["Feel No Pain","Hemokinesis"],"picked":"Battle Trance","floor":11},{"not_picked":["Evolve","Intimidate"],"picked":"Spot Weakness","floor":12},{"not_picked":["Sever Soul","Clash"],"picked":"Shrug It Off","floor":13},{"not_picked":["Barricade","Demon Form"],"picked":"Reaper","floor":16},{"not_picked":["Warcry","Iron Wave","Clothesline"],"picked":"SKIP","floor":18},{"not_picked":["Shrug It Off","Sever Soul+1"],"picked":"Heavy Blade+1","floor":19}],"player_experience":1812119,"relics_obtained":[{"floor":6.0,"key":"Ancient Tea Set"},{"floor":7.0,"key":"Odd Mushroom"},{"floor":9.0,"key":"Ornamental Fan"},{"floor":13,"key":"Bag of Marbles"},{"floor":17,"key":"CeramicFish"},{"floor":17,"key":"Mercury Hourglass"},{"floor":17,"key":"Calipers"}],"event_choices":[{"damage_healed":0.0,"max_hp_gain":0.0,"max_hp_loss":0.0,"gold_gain":0.0,"event_name":"The Cleric","player_choice":"Leave","floor":5.0,"gold_loss":0.0,"damage_taken":0.0},{"damage_healed":0.0,"max_hp_gain":0.0,"max_hp_loss":0.0,"gold_gain":0.0,"event_name":"Mushrooms","player_choice":"Fought Mushrooms","floor":7.0,"gold_loss":0.0,"damage_taken":0.0},{"damage_healed":0.0,"max_hp_gain":0.0,"max_hp_loss":0.0,"gold_gain":75.0,"event_name":"World of Goop","player_choice":"Gather Gold","floor":10.0,"gold_loss":0.0,"damage_taken":11.0},{"damage_healed":0,"gold_gain":0,"player_choice":"Ignored","damage_taken":0,"max_hp_gain":0,"max_hp_loss":0,"event_name":"The Mausoleum","floor":20,"gold_loss":0},{"damage_healed":0,"gold_gain":0,"player_choice":"Read","damage_taken":0,"max_hp_gain":0,"max_hp_loss":0,"event_name":"The Library","floor":21,"gold_loss":0,"cards_obtained":["Shockwave"]},{"damage_healed":0,"gold_gain":0,"player_choice":"Bet on Owner","damage_taken":0,"max_hp_gain":0,"max_hp_loss":0,"event_name":"The Joust","floor":22,"gold_loss":50}],"is_beta":false,"boss_relics":[{"not_picked":["Runic Cube","Black Blood"],"picked":"Calling Bell"}],"items_purged_floors":[4],"is_endless":false,"potions_floor_spawned":[2,3,7,13,16],"killed_by":"Gremlin Leader","ascension_level":20}}