{"host":"ur8591ivwt16uwtw","time":1614439782,"event":{"mods":["BaseMod","Hubris","Minty Spire (QoL Compilation)","Rare Cards Sparkle","Replay The Spire","StSLib","The Disciple","The Necromancer","The Runesmith","The Servant 0.9.4"],"gold_per_floor":[111,126,143,143,162,192,204,231,231,231,263,538,538,564,564,564,564],"floor_reached":16,"language":"ENG","playtime":3593,"items_purged":[],"score":163,"play_id":"95b6babf-1850-464b-8018-764cacef09e6","local_time":"20210227162942","is_ascension_mode":true,"campfire_choices":[{"data":"Corrupt","floor":10,"key":"SMITH"},{"data":"Regret","floor":13,"key":"PURGE"},{"floor":15,"key":"DIG"}],"circlet_count":0,"master_deck":["Strike_W","Strike_W","Strike_W","Strike_W","Defend_W","Defend_W","Defend_W","Defend_W","Negative_Energy_Arrows","Bone_Wall","Bone_Prison","Stop_Heart","Blood_Shield","Spectral_Armor","Corrupt+1"],"relics":["Vampire_Amulet","hubris:Icosahedron","Mummified Hand","Blue Doll","Happy Flower","Peace Pipe","Gremlin Food","Bird Faced Urn"],"acts_visited":["Exordium"],"potions_floor_usage":[8,16],"damage_taken":[{"damage":0.0,"enemies":"Small Slimes","floor":1.0,"turns":3.0},{"damage":0.0,"enemies":"2 Louse","floor":2.0,"turns":4.0},{"damage":0.0,"enemies":"Cultist","floor":3.0,"turns":4.0},{"damage":14,"enemies":"3 Louse","floor":5,"turns":6},{"damage":7,"enemies":"Lagavulin","floor":6,"turns":8},{"damage":5,"enemies":"Blue Slaver","floor":7,"turns":4},{"damage":12,"enemies":"Gremlin Nob","floor":8,"turns":5},{"damage":16,"enemies":"Lagavulin","floor":11,"turns":7},{"damage":14,"enemies":"Gremlin Nob","floor":14,"turns":7},{"damage":54,"enemies":"Slime Boss","floor":16,"turns":13}],"seed_played":"641558676403335282","potions_obtained":[{"floor":2.0,"key":"Dexterity Potion"},{"floor":3.0,"key":"Milkshake"},{"floor":7,"key":"Block Potion"}],"is_trial":false,"path_per_floor":["M","M","M","?","M","E","M","E","T","R","E","?","R","E","R","B"],"character_chosen":"NECROMANCER","items_purchased":[],"campfire_rested":0,"item_purchase_floors":[],"current_hp_per_floor":[80,80,80,80,72,77,74,64,64,64,50,50,50,38,38,0,0],"gold":564,"neow_bonus":"RANDOM_EVENT","is_daily":false,"chose_seed":false,"campfire_upgraded":1,"win_rate":0.0,"timestamp":1614439782,"path_taken":["M","M","M","?","M","E","M","E","T","R","E","?","R","E","R","BOSS"],"items_purchased_type":[],"build_version":"2020-12-22","purchased_purges":0,"victory":false,"max_hp_per_floor":[80,80,80,80,80,80,80,80,80,80,80,80,80,80,80,80,80],"card_choices":[{"not_picked":["Toxic_Smoke_Screen","Strike_from_Beyond"],"picked":"Bone_Prison","floor":1.0},{"not_picked":["Scare","Acid_Javelin"],"picked":"Stop_Heart","floor":2.0},{"not_picked":["Negative_Energy_Shield","Death_Coil","Shade_Step"],"picked":"SKIP","floor":3.0},{"not_picked":["Negative_Energy_Javelin","Exploit"],"picked":"Blood_Shield","floor":5},{"not_picked":["Consume_Illness","Reap_The_Weak"],"picked":"Spectral_Armor","floor":6},{"not_picked":["Blood_Whip","Epidemic"],"picked":"Corrupt","floor":7},{"not_picked":["Toxic_Smoke_Screen","Consume_Illness","Blood_Whip"],"picked":"SKIP","floor":8},{"not_picked":["Bone_Armory","Death_Knell","Bone_Shift"],"picked":"SKIP","floor":11},{"not_picked":["Shade_Step","Chill_Blood","Blood_Whip"],"picked":"SKIP","floor":14}],"player_experience":2367814,"relics_obtained":[{"floor":6,"key":"Mummified Hand"},{"floor":8,"key":"Blue Doll"},{"floor":9,"key":"Happy Flower"},{"floor":11,"key":"Peace Pipe"},{"floor":14,"key":"Gremlin Food"},{"floor":15,"key":"Bird Faced Urn"}],"event_choices":[{"damage_healed":0.0,"max_hp_gain":5.0,"max_hp_loss":0.0,"gold_gain":0.0,"event_name":"Big Fish","player_choice":"Donut","floor":0.0,"gold_loss":0.0,"damage_taken":0.0},{"damage_healed":0,"gold_gain":275,"player_choice":"Desecrate","damage_taken":0,"max_hp_gain":0,"max_hp_loss":0,"event_name":"Golden Shrine","floor":12,"gold_loss":0,"cards_obtained":["Regret"]}],"is_beta":false,"boss_relics":[],"items_purged_floors":[],"is_endless":false,"potions_floor_spawned":[2,3,7],"killed_by":"Slime Boss","ascension_level":5}}