{"host":"79dbh3wlumrqhgu5","time":1614438860,"event":{"mods":["BaseMod","Block Reminder","Colored Map","Colored Powertips","Dark Map","Highlight Path","Minty Spire (QoL Compilation)","Permanent Neow","Quick Restart","Random Character Button","Random Character Mod"],"gold_per_floor":[114,133,152,172,187,217,217,250,250,250,250,268,283,32,32,136,136,153,166,183,183,200,200,3,29,29,29,29,29,59,73,73,173,173,186,203,28,28,45,45,75,75,151,151,82,132,143,163,163,163],"floor_reached":51,"language":"ENG","playtime":8486,"items_purged":["Decay","Normality"],"score":852,"play_id":"f042ec99-5bb9-4d18-ad02-28c3332a4a47","local_time":"20210227101420","is_ascension_mode":true,"campfire_choices":[{"floor":7.0,"key":"REST"},{"floor":15.0,"key":"REST"},{"floor":23.0,"key":"REST"},{"floor":27.0,"key":"REST"},{"data":"Catalyst","floor":29.0,"key":"SMITH"},{"data":"Crippling Poison","floor":32.0,"key":"SMITH"},{"floor":40.0,"key":"REST"},{"data":"Noxious Fumes","floor":42.0,"key":"SMITH"},{"data":"Bouncing Flask","floor":44.0,"key":"SMITH"},{"floor":49,"key":"REST"}],"circlet_count":0,"master_deck":["Strike_G","Defend_G","Defend_G","Defend_G","Defend_G","Defend_G","Survivor","Neutralize","Bullet Time+1","Expertise+1","Malaise+1","Dagger Throw","Blade Dance","Bouncing Flask+1","Riddle With Holes","Choke","Crippling Poison","Poisoned Stab","Riddle With Holes","Poisoned Stab","Bullet Time","Expertise+1","Blade Dance","Backflip+1","Infinite Blades+1","Deadly Poison","Crippling Poison+1","Night Terror","Catalyst+1","Bouncing Flask+1","Deadly Poison","Corpse Explosion","Deadly Poison","Catalyst+1","Noxious Fumes+1","Writhe","Poisoned Stab+1","Backflip+1","Shame","Deadly Poison+1","Tools of the Trade","Backflip+1"],"relics":["Astrolabe","Happy Flower","Tough Bandages","Anchor","Regal Pillow","Pantograph","Cursed Key","Ninja Scroll","Letter Opener","Ancient Tea Set","Runic Pyramid","Juzu Bracelet","Kunai","MealTicket","Incense Burner"],"acts_visited":["Exordium","TheCity","TheBeyond"],"potions_floor_usage":[48,50],"damage_taken":[{"damage":2.0,"enemies":"Small Slimes","floor":1.0,"turns":10.0},{"damage":6.0,"enemies":"Jaw Worm","floor":2.0,"turns":8.0},{"damage":0.0,"enemies":"Cultist","floor":3.0,"turns":3.0},{"damage":25.0,"enemies":"Large Slime","floor":4.0,"turns":9.0},{"damage":1.0,"enemies":"Looter","floor":5.0,"turns":5.0},{"damage":0.0,"enemies":"Gremlin Nob","floor":6.0,"turns":3.0},{"damage":39.0,"enemies":"3 Sentries","floor":8.0,"turns":11.0},{"damage":0.0,"enemies":"Red Slaver","floor":12.0,"turns":1.0},{"damage":0.0,"enemies":"Blue Slaver","floor":13.0,"turns":2.0},{"damage":41.0,"enemies":"The Guardian","floor":16.0,"turns":9.0},{"damage":17.0,"enemies":"Spheric Guardian","floor":18.0,"turns":5.0},{"damage":18.0,"enemies":"3 Byrds","floor":19.0,"turns":4.0},{"damage":23.0,"enemies":"Centurion and Healer","floor":20.0,"turns":4.0},{"damage":0.0,"enemies":"Snecko","floor":22.0,"turns":4.0},{"damage":19.0,"enemies":"Book of Stabbing","floor":25.0,"turns":6.0},{"damage":19.0,"enemies":"Gremlin Leader","floor":30.0,"turns":5.0},{"damage":3.0,"enemies":"Cultist and Chosen","floor":31.0,"turns":4.0},{"damage":54.0,"enemies":"Champ","floor":33.0,"turns":8.0},{"damage":5.0,"enemies":"3 Shapes","floor":35.0,"turns":3.0},{"damage":18.0,"enemies":"3 Darklings","floor":36.0,"turns":4.0},{"damage":8.0,"enemies":"Transient","floor":39.0,"turns":5.0},{"damage":11.0,"enemies":"Reptomancer","floor":41.0,"turns":5.0},{"damage":25.0,"enemies":"Mind Bloom Boss Battle","floor":46.0,"turns":4.0},{"damage":16.0,"enemies":"4 Shapes","floor":47.0,"turns":3.0},{"damage":0,"enemies":"Jaw Worm Horde","floor":48,"turns":1},{"damage":7,"enemies":"Time Eater","floor":50,"turns":8}],"seed_played":"7614269009878680238","potions_obtained":[{"floor":2.0,"key":"SteroidPotion"},{"floor":3.0,"key":"CultistPotion"},{"floor":4.0,"key":"Fire Potion"},{"floor":13.0,"key":"Fire Potion"},{"floor":18.0,"key":"SpeedPotion"},{"floor":22.0,"key":"FearPotion"},{"floor":31.0,"key":"SpeedPotion"},{"floor":39.0,"key":"SpeedPotion"},{"floor":41.0,"key":"AttackPotion"},{"floor":47.0,"key":"BlessingOfTheForge"}],"is_trial":false,"path_per_floor":["M","M","M","M","M","E","R","E","T","?","?","M","M","$","R","B",null,"M","M","M","?","M","R","$","E","T","R","?","R","E","M","R","B",null,"M","M","$","?","M","R","E","R","T","R","?","?","M","M","R","B",null],"character_chosen":"THE_SILENT","items_purchased":["Pantograph","Deadly Poison","Crippling Poison","Noxious Fumes"],"campfire_rested":6,"item_purchase_floors":[14,24,24,37],"current_hp_per_floor":[68,62,62,37,36,36,57,18,18,11,11,11,11,11,47,29,70,53,35,12,12,12,48,48,29,29,65,65,65,46,43,43,14,70,65,47,47,65,57,70,59,59,59,59,59,45,29,29,65,63],"gold":163,"neow_bonus":"BOSS_RELIC","is_daily":false,"chose_seed":false,"campfire_upgraded":4,"win_rate":0.0,"timestamp":1614438860,"path_taken":["M","M","M","M","M","E","R","E","T","?","?","M","?","$","R","BOSS","M","M","M","?","M","R","$","E","T","R","?","R","E","M","R","BOSS","M","M","$","?","M","R","E","R","T","R","?","?","M","M","R","BOSS"],"items_purchased_type":["Relic","Card","Card","Card"],"build_version":"2020-12-22","purchased_purges":2,"victory":true,"max_hp_per_floor":[70,70,70,70,70,70,70,70,70,70,70,70,70,70,70,70,70,70,70,70,70,70,70,70,70,70,70,70,70,70,70,70,70,70,70,70,70,70,70,70,70,70,70,70,70,70,70,70,70,70],"card_choices":[{"not_picked":["Sucker Punch","Deflect"],"picked":"Dagger Throw","floor":1.0},{"not_picked":["Distraction","Dash"],"picked":"Blade Dance","floor":2.0},{"not_picked":["Deadly Poison","Backflip"],"picked":"Bouncing Flask","floor":3.0},{"not_picked":["Dodge and Roll","Acrobatics"],"picked":"Riddle With Holes","floor":4.0},{"not_picked":["Dodge and Roll","Calculated Gamble"],"picked":"Choke","floor":5.0},{"not_picked":["Backflip","Leg Sweep"],"picked":"Crippling Poison","floor":6.0},{"not_picked":["Eviscerate","Flying Knee"],"picked":"Poisoned Stab","floor":8.0},{"not_picked":["Slice","Distraction"],"picked":"Riddle With Holes","floor":12.0},{"not_picked":["Crippling Poison","Endless Agony"],"picked":"Poisoned Stab","floor":13.0},{"not_picked":["Tools of the Trade","Venomology"],"picked":"Bullet Time","floor":16.0},{"not_picked":["Tactician","Dagger Spray"],"picked":"Expertise+1","floor":18.0},{"not_picked":["Footwork","Sucker Punch"],"picked":"Blade Dance","floor":19.0},{"not_picked":["Choke","Underhanded Strike"],"picked":"Backflip+1","floor":20.0},{"not_picked":["Endless Agony","Quick Slash+1"],"picked":"Infinite Blades+1","floor":22.0},{"not_picked":["Riddle With Holes+1","PiercingWail"],"picked":"Night Terror","floor":25.0},{"not_picked":["Escape Plan","Prepared+1"],"picked":"Bouncing Flask+1","floor":30.0},{"not_picked":["Skewer","Acrobatics"],"picked":"Deadly Poison","floor":31.0},{"not_picked":["Tools of the Trade","Adrenaline"],"picked":"Corpse Explosion","floor":33.0},{"not_picked":["Finisher+1","Outmaneuver+1"],"picked":"Deadly Poison","floor":35.0},{"not_picked":["Dagger Throw","Bane+1"],"picked":"Catalyst+1","floor":36.0},{"not_picked":["Dagger Spray","Slice"],"picked":"Poisoned Stab+1","floor":39.0},{"not_picked":["Finisher","Dagger Spray"],"picked":"Backflip+1","floor":41.0},{"not_picked":["Bane","Sucker Punch+1"],"picked":"Deadly Poison+1","floor":46.0},{"not_picked":["Heel Hook+1","Acrobatics"],"picked":"Tools of the Trade","floor":47.0},{"not_picked":["Blade Dance","Sucker Punch"],"picked":"Backflip+1","floor":48}],"player_experience":108206,"relics_obtained":[{"floor":6.0,"key":"Happy Flower"},{"floor":8.0,"key":"Tough Bandages"},{"floor":9.0,"key":"Anchor"},{"floor":25.0,"key":"Ninja Scroll"},{"floor":26.0,"key":"Letter Opener"},{"floor":30.0,"key":"Ancient Tea Set"},{"floor":41.0,"key":"Juzu Bracelet"},{"floor":43.0,"key":"Kunai"},{"floor":46.0,"key":"Incense Burner"}],"event_choices":[{"damage_healed":0.0,"max_hp_gain":0.0,"max_hp_loss":0.0,"gold_gain":0.0,"event_name":"Scrap Ooze","player_choice":"Success","floor":10.0,"gold_loss":0.0,"damage_taken":7.0,"relics_obtained":["Regal Pillow"]},{"cards_removed":["Strike_G"],"damage_healed":0.0,"max_hp_gain":0.0,"max_hp_loss":0.0,"gold_gain":0.0,"event_name":"Purifier","player_choice":"Purged","floor":11.0,"gold_loss":0.0,"damage_taken":0.0},{"damage_healed":0.0,"max_hp_gain":0.0,"max_hp_loss":0.0,"gold_gain":0.0,"event_name":"Forgotten Altar","player_choice":"Smashed Altar","floor":21.0,"gold_loss":0.0,"damage_taken":0.0,"cards_obtained":["Decay"]},{"damage_healed":0.0,"max_hp_gain":0.0,"max_hp_loss":0.0,"gold_gain":0.0,"event_name":"The Library","player_choice":"Read","floor":28.0,"gold_loss":0.0,"damage_taken":0.0,"cards_obtained":["Catalyst"]},{"damage_healed":18.0,"max_hp_gain":0.0,"max_hp_loss":0.0,"gold_gain":0.0,"event_name":"Winding Halls","player_choice":"Writhe","floor":38.0,"gold_loss":0.0,"damage_taken":0.0,"cards_obtained":["Writhe"]},{"damage_healed":0.0,"max_hp_gain":0.0,"max_hp_loss":0.0,"gold_gain":0.0,"event_name":"WeMeetAgain","player_choice":"Paid Gold","floor":45.0,"gold_loss":69.0,"damage_taken":0.0,"relics_obtained":["MealTicket"]},{"damage_healed":0.0,"max_hp_gain":0.0,"max_hp_loss":0.0,"gold_gain":0.0,"event_name":"MindBloom","player_choice":"Fight","floor":46.0,"gold_loss":0.0,"damage_taken":0.0}],"is_beta":false,"boss_relics":[{"not_picked":["Empty Cage","Philosopher\u0027s Stone"],"picked":"Cursed Key"},{"not_picked":["Black Star","Runic Dome"],"picked":"Runic Pyramid"}],"items_purged_floors":[24,37],"is_endless":false,"potions_floor_spawned":[2,3,4,13,18,22,31,39,41,47],"ascension_level":2}}