{"host":"rwiy0nr47d6nmxat","time":1614437227,"event":{"mods":["2.2 Compatiblity","AchievementEnabler","Act Like it!","Aspiration","BaseMod","Better Note","Better Sensory Stone","Block Reminder","Challenge The Spire","Colored Map","Colored Powertips","Conspire","Curses Come First","Elementarium","Highlight Path","Hubris","Infinite Spire","Mad Scientist","Minty Spire (QoL Compilation)","Permanent Neow","Quick Restart","Rare Cards Sparkle","Reliquary","Replay The Spire","Ruina","Spire Arcade","StSLib","SuperFastMode","The Cursed","TheFirefly","slay the spire mod where everything is the same but ironclad has a cowboy hat"],"gold_per_floor":[113,129,145,21,40,67,67,101,156,156,175,175,190,200,200,298,298,317,337,337,337],"floor_reached":20,"language":"ENG","playtime":679,"items_purged":[],"score":188,"play_id":"9177835f-dcdd-4542-8cb4-03473edb2a69","local_time":"20210227094707","is_ascension_mode":false,"campfire_choices":[{"floor":7,"key":"REST"},{"floor":10,"key":"REST"},{"floor":15,"key":"REST"}],"circlet_count":0,"master_deck":["Strike_B","Strike_B","Strike_B","Strike_B","Defend_B","Defend_B","Defend_B","Defend_B","Zap","Dualcast","Capacitor","Conserve Battery","Inflame","Rebound","Leap","Streamline","ReplayRNGCard","Ball Lightning","White Noise","Gash","Dual Wield","Streamline","ReplayRNGCard","FIFO Queue","Steam+1"],"relics":["Cracked Core","aspiration:Nostalgia","Iron Core","reliquary:JackalopeAntler","Strawberry","reliquary:RosewoodLute","infinitespire:Joker Card","aspiration:Stellarator"],"acts_visited":["Exordium","Exordium"],"potions_floor_usage":[6,8,16,16,19],"damage_taken":[{"damage":0,"enemies":"Small Slimes","floor":1,"turns":3},{"damage":6,"enemies":"Jaw Worm","floor":2,"turns":3},{"damage":0,"enemies":"Cultist","floor":3,"turns":3},{"damage":12,"enemies":"Exordium Wildlife","floor":5,"turns":4},{"damage":34,"enemies":"Lagavulin","floor":6,"turns":7},{"damage":10,"enemies":"3 Sentries","floor":8,"turns":5},{"damage":10,"enemies":"Looter","floor":11,"turns":2},{"damage":19,"enemies":"3 Louse","floor":13,"turns":2},{"damage":12,"enemies":"Blue Slaver","floor":14,"turns":3},{"damage":29,"enemies":"Fading Forest","floor":16,"turns":11},{"damage":10,"enemies":"Elementarium:2_ELEMENTALS","floor":18,"turns":5},{"damage":64,"enemies":"Elementarium:Cyclone","floor":19,"turns":11},{"damage":18,"enemies":"Elementarium:VOID_CORRUPTION_AND_TAR_GOLEM","floor":20,"turns":1}],"seed_played":"-7889320045020678614","potions_obtained":[{"floor":1,"key":"PowerPotion"},{"floor":6,"key":"SteroidPotion"},{"floor":11,"key":"FearPotion"},{"floor":14,"key":"Explosive Potion"},{"floor":16,"key":"ColorlessPotion"}],"is_trial":false,"path_per_floor":["M","M","M","$","M","E","R","E","T","R","M","?","M","M","R","B",null,"M","M","M"],"character_chosen":"DEFECT","items_purchased":["Rebound","Leap","Streamline"],"campfire_rested":3,"item_purchase_floors":[4,4,4],"current_hp_per_floor":[75,69,69,69,57,23,45,42,42,66,56,49,30,18,42,35,82,72,8,0,0],"gold":337,"neow_bonus":"NOSTALGIA","is_daily":false,"chose_seed":false,"campfire_upgraded":0,"win_rate":0.0,"timestamp":1614437227,"path_taken":["M","M","M","$","M","E","R","E","T","R","M","?","M","M","R","BOSS","M","M","M"],"items_purchased_type":["Card","Card","Card"],"build_version":"2020-12-22","purchased_purges":0,"victory":false,"max_hp_per_floor":[75,75,75,75,75,75,75,82,82,82,82,82,82,82,82,82,82,82,82,82,82],"card_choices":[{"not_picked":["Leap","Steam"],"picked":"Capacitor","floor":1},{"not_picked":["Streamline","Warcry"],"picked":"Conserve Battery","floor":2},{"not_picked":["Coolheaded","Warcry"],"picked":"Inflame","floor":3},{"not_picked":["Streamline","aspiration:Polymerization"],"picked":"ReplayRNGCard","floor":5},{"not_picked":["Clash","Cold Snap"],"picked":"Ball Lightning","floor":6},{"not_picked":["Fission","Stack"],"picked":"White Noise","floor":8},{"not_picked":["Headbutt","Steam Power"],"picked":"Gash","floor":11},{"not_picked":["Self Repair","Panic Button"],"picked":"Dual Wield","floor":13},{"not_picked":["Cold Snap","ReplayTheSpireMod:System Scan"],"picked":"Streamline","floor":14},{"not_picked":["Fission","Reboot"],"picked":"ReplayRNGCard","floor":16},{"not_picked":["Turbo","Sweeping Beam"],"picked":"FIFO Queue","floor":18},{"not_picked":["Coolheaded","Compile Driver"],"picked":"Steam+1","floor":19}],"player_experience":84005,"relics_obtained":[{"floor":6,"key":"reliquary:JackalopeAntler"},{"floor":8,"key":"Strawberry"},{"floor":9,"key":"reliquary:RosewoodLute"}],"event_choices":[{"damage_healed":0,"gold_gain":0,"player_choice":"Success","damage_taken":7,"relics_obtained":["infinitespire:Joker Card"],"max_hp_gain":0,"max_hp_loss":0,"event_name":"Scrap Ooze","floor":12,"gold_loss":0}],"is_beta":false,"boss_relics":[{"not_picked":["Replay:Bronze Core","conspire:RunicOctahedron"],"picked":"aspiration:Stellarator"}],"items_purged_floors":[],"is_endless":false,"potions_floor_spawned":[1,6,11,14,16],"killed_by":"Elementarium:VOID_CORRUPTION_AND_TAR_GOLEM","ascension_level":0}}