{"host":"e7sl0pd4xxdbbdh2","time":1614387093,"event":{"mods":["AchievementEnabler","BaseMod","Colored Map","Colored Powertips","Minty Spire (QoL Compilation)","StSLib"],"gold_per_floor":[116,127,147,157,157,157,226,252,252,264,264,12,12,12],"floor_reached":13,"language":"SPA","playtime":903,"items_purged":[],"score":220,"play_id":"6b9cb25d-06c6-49a8-9485-536cdb3d1ce6","local_time":"20210226215133","daily_mods":["Insanity","Diverse","DeadlyEvents"],"is_ascension_mode":true,"campfire_choices":[{"data":"Predator","floor":6,"key":"SMITH"},{"floor":11,"key":"REST"}],"circlet_count":0,"master_deck":["AscendersBane","Armaments","Dagger Throw","Clothesline","Predator+1","Streamline","Noxious Fumes","Rebound","Escape Plan","Armaments","Prepared","Searing Blow","Wild Strike","Tempest","Crescendo","Shockwave","Deadly Poison","Reflex","Loop","Sanctity","PiercingWail","FollowUp","EmptyBody","Loop","ForeignInfluence","Outmaneuver","Evolve","Clothesline","Wireheading","Dagger Spray","Heavy Blade","Wild Strike","Flying Knee+1","Steam","Crescendo","Armaments","ThirdEye","Prepared","CutThroughFate","ThirdEye","Cleave","Beam Cell+1","LikeWater","Twin Strike","Redo","Battle Trance","Streamline","EmptyBody","Bane","Searing Blow","PathToVictory","Warcry","Power Through","Thunderclap","FlyingSleeves","Beam Cell","Dagger Spray","Dash"],"relics":["Cracked Core","Blood Vial","Pear","Pen Nib"],"acts_visited":["Exordium"],"potions_floor_usage":[],"damage_taken":[{"damage":0,"enemies":"Cultist","floor":1,"turns":3},{"damage":0,"enemies":"2 Louse","floor":2,"turns":2},{"damage":5,"enemies":"Small Slimes","floor":3,"turns":2},{"damage":6,"enemies":"2 Fungi Beasts","floor":4,"turns":2},{"damage":27,"enemies":"Lagavulin","floor":8,"turns":5},{"damage":2,"enemies":"Looter","floor":10,"turns":2},{"damage":88,"enemies":"Gremlin Nob","floor":13,"turns":3}],"seed_played":"-5052424990291058997","potions_obtained":[{"floor":3,"key":"BlessingOfTheForge"},{"floor":8,"key":"DuplicationPotion"}],"is_trial":true,"path_per_floor":["M","M","M","M","?","R","?","E","T","M","R","$","E"],"character_chosen":"DEFECT","items_purchased":["Dash","Pen Nib"],"campfire_rested":1,"item_purchase_floors":[12,12],"current_hp_per_floor":[64,64,59,53,32,32,32,5,15,15,39,39,0,0],"gold":12,"neow_bonus":"","is_daily":false,"chose_seed":false,"campfire_upgraded":1,"win_rate":0.0,"timestamp":1614387093,"path_taken":["M","M","M","M","?","R","?","E","T","M","R","$","E"],"items_purchased_type":["Card","Relic"],"build_version":"2020-12-22","purchased_purges":0,"victory":false,"max_hp_per_floor":[71,71,71,71,71,71,71,71,81,81,81,81,81,81],"card_choices":[{"not_picked":["Protect","All Out Attack"],"picked":"Warcry","floor":1},{"not_picked":["Perfected Strike","Go for the Eyes"],"picked":"Power Through","floor":2},{"not_picked":["Shockwave","Tempest"],"picked":"Thunderclap","floor":3},{"not_picked":["Stack","FlurryOfBlows"],"picked":"FlyingSleeves","floor":4},{"not_picked":["Tactician","Shockwave"],"picked":"Beam Cell","floor":8},{"not_picked":["Rebound","Wild Strike"],"picked":"Dagger Spray","floor":10}],"player_experience":1703941,"relics_obtained":[{"floor":8,"key":"Blood Vial"},{"floor":9,"key":"Pear"}],"event_choices":[{"damage_healed":0,"gold_gain":0,"player_choice":"Entered Light","damage_taken":21,"max_hp_gain":0,"max_hp_loss":0,"event_name":"Shining Light","floor":5,"gold_loss":0,"cards_upgraded":["Beam Cell","Flying Knee"]},{"damage_healed":0,"gold_gain":69,"player_choice":"Gained Gold","damage_taken":0,"max_hp_gain":0,"max_hp_loss":0,"event_name":"Golden Wing","floor":7,"gold_loss":0}],"is_beta":false,"boss_relics":[],"items_purged_floors":[],"is_endless":false,"potions_floor_spawned":[3,8,10],"killed_by":"Gremlin Nob","ascension_level":20}}