{"host":"zksvs3x2ysy9npnz","time":1614384523,"event":{"mods":["Aspiration","BaseMod","Beaked The Cultist","BetterRewards","Clockwork Mod","Colored Map","Conspire","Downfall","Halation","Highlight Path","Hubris","Infinite Spire","Jedi Mod","Magitek Elite","Minty Spire (QoL Compilation)","Permanent Neow","Quick Restart","Relic Stats","Shop Mod","StSLib","The Runesmith","The Witch"],"gold_per_floor":[116,266,43,60,60,60,60,60,85,85,105,105,117,17,17,17,17],"floor_reached":16,"language":"FRA","playtime":859,"items_purged":["Doubt","Clockwork:Strike"],"score":154,"play_id":"451ec32e-c9ba-41ea-bb43-0e4932256964","local_time":"20210227010843","is_ascension_mode":true,"campfire_choices":[{"data":"Clockwork:Improve","floor":6,"key":"SMITH"},{"data":"Good Instincts","floor":10,"key":"SMITH"},{"data":"Clockwork:Shield","floor":12,"key":"SMITH"},{"data":"Clockwork:HeadStart","floor":15,"key":"SMITH"}],"circlet_count":0,"master_deck":["AscendersBane","Clockwork:Strike","Clockwork:Shield","Clockwork:Shield+1","Clockwork:Shield","Clockwork:Tinker","Clockwork:WarmUp","Clockwork:Improve+1","Good Instincts+1","Clockwork:SnapKeep","Clockwork:HeadStart+1"],"relics":["Clockwork:MomentumEngine","jedi:HeartOfTheCards","aspiration:TomeofQuesting"],"acts_visited":["Exordium"],"potions_floor_usage":[16,16],"damage_taken":[{"damage":0,"enemies":"Cultist","floor":1,"turns":7},{"damage":9,"enemies":"2 Louse","floor":4,"turns":4},{"damage":0,"enemies":"Small Slimes","floor":11,"turns":7},{"damage":0,"enemies":"Exordium Thugs","floor":13,"turns":12},{"damage":43,"enemies":"Slime Boss","floor":16,"turns":16}],"seed_played":"-4942430771246319583","potions_obtained":[{"floor":1,"key":"bronze:BurnAndBuffPotion"},{"floor":4,"key":"Dexterity Potion"}],"is_trial":false,"path_per_floor":["M","?","$","M","?","R","T","?","T","R","M","R","M","$","R","B"],"character_chosen":"CLOCKWORK","items_purchased":["Clockwork:Improve","Good Instincts"],"campfire_rested":0,"item_purchase_floors":[3,3],"current_hp_per_floor":[50,50,50,41,41,41,41,41,41,41,41,41,41,41,41,0,0],"gold":17,"neow_bonus":"REMOVE_TWO","is_daily":false,"chose_seed":false,"campfire_upgraded":4,"win_rate":0.0,"timestamp":1614384523,"path_taken":["M","?","$","M","?","R","?","?","T","R","M","R","?","$","R","BOSS"],"items_purchased_type":["Card","Card"],"build_version":"2020-12-22","purchased_purges":2,"victory":false,"max_hp_per_floor":[79,79,79,79,79,79,79,79,79,79,79,79,79,79,79,79,79],"relic_stats":{"counters":[5,46],"obtain_stats":[{"Clockwork:MomentumEngine":0,"aspiration:TomeofQuesting":9,"jedi:HeartOfTheCards":7},{"Clockwork:MomentumEngine":0,"aspiration:TomeofQuesting":2,"jedi:HeartOfTheCards":2},{"Clockwork:MomentumEngine":0,"aspiration:TomeofQuesting":11,"jedi:HeartOfTheCards":11}]},"card_choices":[{"not_picked":["Clockwork:ForgeStrike","Clockwork:PerfectedStrike","Clockwork:TestingEnvironment"],"picked":"SKIP","floor":1},{"not_picked":["Clockwork:SystemHardening","Clockwork:Roundhouse"],"picked":"Clockwork:SnapKeep","floor":4},{"not_picked":["Clockwork:ChargingBlade","Clockwork:Redundancy","Clockwork:CogToss"],"picked":"SKIP","floor":11},{"not_picked":["Clockwork:SystemHardening","Clockwork:AdaptiveShield"],"picked":"Clockwork:HeadStart","floor":13}],"player_experience":1974946,"relics_obtained":[{"floor":7,"key":"jedi:HeartOfTheCards"},{"floor":9,"key":"aspiration:TomeofQuesting"}],"event_choices":[{"damage_healed":0,"gold_gain":150,"player_choice":"AGREE","damage_taken":0,"max_hp_gain":0,"max_hp_loss":0,"event_name":"Liars Game","floor":2,"gold_loss":0,"cards_obtained":["Doubt"]},{"damage_healed":0,"gold_gain":0,"player_choice":"Disagree","damage_taken":0,"max_hp_gain":0,"max_hp_loss":0,"event_name":"conspire:LoneGhost","floor":5,"gold_loss":0},{"cards_removed":["Clockwork:Strike"],"damage_healed":0,"gold_gain":0,"player_choice":"Purged","damage_taken":0,"max_hp_gain":0,"max_hp_loss":0,"event_name":"Purifier","floor":8,"gold_loss":0}],"is_beta":false,"boss_relics":[],"items_purged_floors":[3,14],"is_endless":false,"potions_floor_spawned":[1,4],"killed_by":"Slime Boss","ascension_level":15}}