{"host":"uy3vg6glkp8m6iit","time":1614410681,"event":{"mods":["AchievementEnabler","BaseMod","Colored Map","DeckTracker","Highlight Path","Keyboard Shortcuts","Minty Spire (QoL Compilation)","Quick Restart","Random Character Button","Rare Cards Sparkle","Relic Stats","StSLib","everything is the same but u backflip on backflip"],"gold_per_floor":[12,22,37,37,56,56,92,92,92,108,135,135,135,151,151,151,151],"floor_reached":16,"language":"KOR","playtime":506,"items_purged":[],"score":204,"play_id":"578407f0-758f-447d-84b9-b88a3c00a2b6","local_time":"20210227162441","is_ascension_mode":true,"campfire_choices":[{"data":"Blade Dance","floor":6.0,"key":"SMITH"},{"data":"Dagger Spray","floor":12.0,"key":"SMITH"},{"data":"Footwork","floor":15.0,"key":"SMITH"}],"circlet_count":0,"master_deck":["AscendersBane","Strike_G","Strike_G","Strike_G","Defend_G+1","Defend_G","Defend_G","Defend_G","Survivor+1","Neutralize","Poisoned Stab","Footwork+1","Predator","Blade Dance+1","Dagger Spray+1","Backflip","Burst"],"relics":["Ring of the Snake","Golden Idol","War Paint","Boot","Potion Belt"],"acts_visited":["Exordium"],"potions_floor_usage":[16,16],"damage_taken":[{"damage":5.0,"enemies":"Small Slimes","floor":1.0,"turns":6.0},{"damage":0.0,"enemies":"Jaw Worm","floor":2.0,"turns":5.0},{"damage":0.0,"enemies":"2 Louse","floor":3.0,"turns":5.0},{"damage":4.0,"enemies":"2 Fungi Beasts","floor":5.0,"turns":4.0},{"damage":15.0,"enemies":"3 Sentries","floor":7.0,"turns":8.0},{"damage":3.0,"enemies":"Looter","floor":10.0,"turns":3.0},{"damage":0.0,"enemies":"Exordium Wildlife","floor":14.0,"turns":2.0},{"damage":31,"enemies":"Hexaghost","floor":16,"turns":11}],"seed_played":"-6325403934075247420","potions_obtained":[{"floor":5.0,"key":"DistilledChaos"},{"floor":7.0,"key":"Block Potion"},{"floor":14.0,"key":"CunningPotion"}],"is_trial":false,"path_per_floor":["M","M","M","?","M","R","E","?","T","M","T","R","?","M","R","B"],"character_chosen":"THE_SILENT","items_purchased":[],"campfire_rested":0,"item_purchase_floors":[],"current_hp_per_floor":[54,54,54,54,50,50,35,35,35,32,32,32,25,25,25,0,0],"gold":151,"neow_bonus":"REMOVE_TWO","is_daily":false,"chose_seed":false,"campfire_upgraded":3,"win_rate":0.0,"timestamp":1614410681,"path_taken":["M","M","M","?","M","R","E","?","T","M","?","R","?","M","R","BOSS"],"items_purchased_type":[],"build_version":"2020-12-22","purchased_purges":0,"victory":false,"max_hp_per_floor":[66,66,66,60,60,60,60,60,60,60,60,60,60,60,60,60,60],"relic_stats":{"counters":[8,44],"Golden Idol":24,"War Paint":["Defend_G","Survivor"],"Boot":[26],"obtain_stats":[{"Potion Belt":11,"Golden Idol":4,"War Paint":7,"Boot":9,"Ring of the Snake":0},{"Potion Belt":6,"Golden Idol":3,"War Paint":5,"Boot":5,"Ring of the Snake":0},{"Potion Belt":31,"Golden Idol":16,"War Paint":28,"Boot":28,"Ring of the Snake":0}],"Ring of the Snake":[16]},"card_choices":[{"not_picked":["Cloak And Dagger","Deadly Poison"],"picked":"Poisoned Stab","floor":1.0},{"not_picked":["Flying Knee","Backflip"],"picked":"Footwork","floor":2.0},{"not_picked":["Catalyst","Dodge and Roll"],"picked":"Predator","floor":3.0},{"not_picked":["Eviscerate","Slice"],"picked":"Blade Dance","floor":5.0},{"not_picked":["All Out Attack","Distraction"],"picked":"Dagger Spray","floor":7.0},{"not_picked":["Acrobatics","Quick Slash"],"picked":"Backflip","floor":10.0},{"not_picked":["Backflip","Dodge and Roll"],"picked":"Burst","floor":14.0}],"player_experience":1529193,"relics_obtained":[{"floor":7.0,"key":"War Paint"},{"floor":9.0,"key":"Boot"},{"floor":11.0,"key":"Potion Belt"}],"event_choices":[{"damage_healed":0.0,"max_hp_gain":0.0,"max_hp_loss":6.0,"gold_gain":0.0,"event_name":"Golden Idol","player_choice":"Lose Max HP","floor":4.0,"gold_loss":0.0,"damage_taken":0.0,"relics_obtained":["Golden Idol"]},{"damage_healed":0.0,"max_hp_gain":0.0,"max_hp_loss":0.0,"gold_gain":0.0,"event_name":"Shining Light","player_choice":"Ignored","floor":8.0,"gold_loss":0.0,"damage_taken":0.0},{"cards_removed":["Strike_G"],"damage_healed":0.0,"max_hp_gain":0.0,"max_hp_loss":0.0,"gold_gain":0.0,"event_name":"Golden Wing","player_choice":"Card Removal","floor":13.0,"gold_loss":0.0,"damage_taken":7.0}],"is_beta":false,"boss_relics":[],"items_purged_floors":[],"is_endless":false,"potions_floor_spawned":[5,7,14],"killed_by":"Hexaghost","ascension_level":20}}