{"host":"sc0o2qwpf9j16a4i","time":1614422223,"event":{"mods":["AchievementEnabler","BaseMod","BetterRewards","Block Reminder","Colored Map","Colored Powertips","Custom Start","Highlight Path","Minty Spire (QoL Compilation)","Relic Stats"],"gold_per_floor":[112,130,130,147,0,0,28,28,28,28,40,56,56,66,66,162,462,472,491,491,509,542,568,568,613,613,528,548,578,619,630,630,733,733,778,778,778,778],"floor_reached":37,"language":"ENG","playtime":1106,"items_purged":[],"score":613,"play_id":"f1ced7da-e3c7-4f33-aa4d-7f86e3b6071e","local_time":"20210227123703","is_ascension_mode":false,"campfire_choices":[{"data":"FollowUp","floor":6,"key":"SMITH"},{"data":"Protect","floor":8,"key":"SMITH"},{"data":"MentalFortress","floor":15,"key":"SMITH"},{"data":"Wish","floor":24,"key":"SMITH"},{"data":"Devotion","floor":32,"key":"SMITH"}],"circlet_count":0,"master_deck":["Adaptation+1","Halt+1","Tantrum+1","TalkToTheHand+1","Meditate+1","SpiritShield+1","Scrawl+1","Protect+1","FollowUp+1","Swivel","MentalFortress+1","CurseOfTheBell","DeceiveReality","Wish+1","TalkToTheHand+1","FlurryOfBlows+1","MentalFortress","Blasphemy"],"relics":["PureWater","Lantern","Bottled Flame","Mercury Hourglass","Calling Bell","Regal Pillow","Singing Bowl","Old Coin","Red Mask","Vajra","HornCleat","Molten Egg 2","FossilizedHelix","Empty Cage"],"acts_visited":["Exordium","TheCity","TheBeyond"],"potions_floor_usage":[23,23,33,37,37],"damage_taken":[{"damage":0,"enemies":"Cultist","floor":1,"turns":2},{"damage":0,"enemies":"Jaw Worm","floor":2,"turns":2},{"damage":0,"enemies":"Small Slimes","floor":4,"turns":1},{"damage":0,"enemies":"Gremlin Nob","floor":7,"turns":1},{"damage":0,"enemies":"Exordium Thugs","floor":11,"turns":2},{"damage":0,"enemies":"Looter","floor":12,"turns":2},{"damage":0,"enemies":"3 Louse","floor":14,"turns":2},{"damage":0,"enemies":"The Guardian","floor":16,"turns":4},{"damage":0,"enemies":"Spheric Guardian","floor":18,"turns":1},{"damage":0,"enemies":"Chosen","floor":19,"turns":3},{"damage":0,"enemies":"Shelled Parasite and Fungi","floor":21,"turns":3},{"damage":11,"enemies":"Masked Bandits","floor":22,"turns":3},{"damage":0,"enemies":"Slavers","floor":23,"turns":3},{"damage":0,"enemies":"Chosen and Byrds","floor":25,"turns":4},{"damage":0,"enemies":"Snake Plant","floor":28,"turns":2},{"damage":0,"enemies":"Book of Stabbing","floor":29,"turns":3},{"damage":0,"enemies":"Shelled Parasite and Fungi","floor":30,"turns":3},{"damage":0,"enemies":"3 Cultists","floor":31,"turns":3},{"damage":0,"enemies":"Champ","floor":33,"turns":6},{"damage":0,"enemies":"3 Darklings","floor":35,"turns":4},{"damage":99999,"enemies":"2 Orb Walkers","floor":37,"turns":3}],"seed_played":"-306830360754960252","potions_obtained":[{"floor":1,"key":"Fire Potion"},{"floor":12,"key":"Fire Potion"},{"floor":16,"key":"SneckoOil"},{"floor":23,"key":"Explosive Potion"},{"floor":28,"key":"StancePotion"},{"floor":29,"key":"EssenceOfSteel"},{"floor":33,"key":"Energy Potion"}],"is_trial":true,"path_per_floor":["M","M","?","M","$","R","E","R","T","?","M","M","?","M","R","B",null,"M","M","?","M","?","E","R","M","T","?","M","E","M","M","R","B",null,"M","?","?"],"character_chosen":"WATCHER","items_purchased":["Lantern"],"campfire_rested":0,"item_purchase_floors":[5],"current_hp_per_floor":[72,72,65,65,65,65,65,65,65,65,65,65,58,58,58,58,72,72,74,60,62,53,53,53,53,53,53,55,55,55,57,57,57,87,89,89,0,0],"gold":778,"neow_bonus":"","is_daily":false,"chose_seed":false,"campfire_upgraded":5,"win_rate":0.0,"timestamp":1614422223,"path_taken":["M","?","?","M","$","R","E","R","T","?","M","M","?","M","R","BOSS","M","M","?","M","?","E","R","M","T","?","M","E","?","M","R","BOSS","M","?","?"],"items_purchased_type":["Relic"],"build_version":"2020-12-22","purchased_purges":0,"victory":false,"max_hp_per_floor":[72,72,72,72,72,72,72,72,72,72,72,72,72,72,72,72,72,72,74,79,81,83,83,83,83,83,83,85,85,85,87,87,87,87,89,89,89,89],"relic_stats":{"Regal Pillow":0,"Singing Bowl":12,"counters":[21,55],"obtain_stats":[{"Lantern":5,"Regal Pillow":17,"Singing Bowl":17,"Vajra":23,"Empty Cage":34,"Mercury Hourglass":9,"Old Coin":17,"Calling Bell":17,"Bottled Flame":7,"HornCleat":26,"Molten Egg 2":27,"Red Mask":22,"PureWater":0,"FossilizedHelix":29},{"Lantern":3,"Regal Pillow":8,"Singing Bowl":8,"Vajra":13,"Empty Cage":19,"Mercury Hourglass":4,"Old Coin":8,"Calling Bell":8,"Bottled Flame":4,"HornCleat":14,"Molten Egg 2":14,"Red Mask":12,"PureWater":0,"FossilizedHelix":16},{"Lantern":5,"Regal Pillow":16,"Singing Bowl":16,"Vajra":29,"Empty Cage":49,"Mercury Hourglass":6,"Old Coin":16,"Calling Bell":16,"Bottled Flame":6,"HornCleat":33,"Molten Egg 2":33,"Red Mask":26,"PureWater":0,"FossilizedHelix":38}],"Mercury Hourglass":[219]},"card_choices":[{"not_picked":["WreathOfFlame","ClearTheMind"],"picked":"Protect","floor":1},{"not_picked":["PathToVictory","Fasting2"],"picked":"FollowUp","floor":2},{"not_picked":["JustLucky","Wireheading","CutThroughFate"],"picked":"SKIP","floor":4},{"not_picked":["WaveOfTheHand","DeceiveReality"],"picked":"Consecrate","floor":7},{"not_picked":["BowlingBash","Adaptation"],"picked":"Swivel","floor":11},{"not_picked":["Study","CrushJoints","Conclude"],"picked":"SKIP","floor":12},{"not_picked":["Evaluate","CrushJoints"],"picked":"MentalFortress","floor":14},{"not_picked":["LessonLearned","DeusExMachina"],"picked":"Devotion","floor":16},{"not_picked":["ReachHeaven+1","BattleHymn+1"],"picked":"DeceiveReality","floor":18},{"not_picked":["BowlingBash","JustLucky","Protect"],"picked":"Singing Bowl","floor":19},{"not_picked":["Consecrate","FollowUp","ThirdEye"],"picked":"Singing Bowl","floor":21},{"not_picked":["Adaptation+1","Conclude","FlyingSleeves+1"],"picked":"Singing Bowl","floor":22},{"not_picked":["ClearTheMind+1","Wireheading"],"picked":"Wish","floor":23},{"not_picked":["JustLucky","ClearTheMind"],"picked":"TalkToTheHand+1","floor":25},{"not_picked":["FollowUp+1","Halt","CutThroughFate+1"],"picked":"Singing Bowl","floor":28},{"not_picked":["ClearTheMind","Weave+1"],"picked":"FlurryOfBlows+1","floor":29},{"not_picked":["Pray","Perseverance"],"picked":"MentalFortress","floor":30},{"not_picked":["Consecrate+1","Crescendo","SignatureMove+1"],"picked":"Singing Bowl","floor":31},{"not_picked":["Alpha","DevaForm"],"picked":"Blasphemy","floor":33},{"not_picked":["EmptyFist+1","JustLucky+1","CrushJoints+1"],"picked":"Singing Bowl","floor":35}],"player_experience":1584270,"relics_obtained":[{"floor":7,"key":"Bottled Flame"},{"floor":9,"key":"Mercury Hourglass"},{"floor":17,"key":"Regal Pillow"},{"floor":17,"key":"Singing Bowl"},{"floor":17,"key":"Old Coin"},{"floor":22,"key":"Red Mask"},{"floor":23,"key":"Vajra"},{"floor":26,"key":"HornCleat"},{"floor":29,"key":"FossilizedHelix"}],"event_choices":[{"cards_removed":["Wallop"],"damage_healed":0,"gold_gain":0,"player_choice":"Card Removal","damage_taken":7,"max_hp_gain":0,"max_hp_loss":0,"event_name":"Golden Wing","floor":3,"gold_loss":0},{"damage_healed":0,"gold_gain":0,"player_choice":"Grow","damage_taken":0,"max_hp_gain":0,"max_hp_loss":0,"event_name":"Living Wall","floor":10,"gold_loss":0,"cards_upgraded":["Consecrate"]},{"damage_healed":0,"gold_gain":0,"player_choice":"Damaged","damage_taken":7,"max_hp_gain":0,"max_hp_loss":0,"event_name":"Wheel of Change","floor":13,"gold_loss":0},{"damage_healed":0,"gold_gain":0,"player_choice":"Shed Blood","damage_taken":19,"max_hp_gain":5,"max_hp_loss":0,"event_name":"Forgotten Altar","floor":20,"gold_loss":0},{"damage_healed":0,"gold_gain":0,"player_choice":"Fought Bandits","damage_taken":0,"max_hp_gain":0,"max_hp_loss":0,"event_name":"Masked Bandits","floor":22,"gold_loss":0},{"damage_healed":0,"gold_gain":0,"player_choice":"Obtained Relic","damage_taken":0,"relics_obtained":["Molten Egg 2"],"max_hp_gain":0,"max_hp_loss":0,"event_name":"Addict","floor":27,"gold_loss":85},{"cards_removed":["Consecrate"],"damage_healed":0,"gold_gain":0,"player_choice":"Removed Attack","damage_taken":0,"max_hp_gain":0,"max_hp_loss":0,"event_name":"Falling","floor":36,"gold_loss":0},{"damage_healed":0,"gold_gain":0,"player_choice":"Fight","damage_taken":0,"max_hp_gain":0,"max_hp_loss":0,"event_name":"Mysterious Sphere","floor":37,"gold_loss":0}],"is_beta":false,"boss_relics":[{"not_picked":["Coffee Dripper","Cursed Key"],"picked":"Calling Bell"},{"not_picked":["SacredBark","Velvet Choker"],"picked":"Empty Cage"}],"items_purged_floors":[],"is_endless":false,"potions_floor_spawned":[1,12,16,21,23,28,29,30,33,35],"killed_by":"2 Orb Walkers","ascension_level":0}}