{"host":"f7915vm1ahl7kex1","time":1614459254,"event":{"mods":["BaseMod","Colored Map","Downfall","Minty Spire (QoL Compilation)","Quick Restart","Spire Arcade","StSLib"],"gold_per_floor":[99,99,129,129,129,129,129,129,156,66,66,96,107,133,151,254,254,254,264,274,274,107,125,149,174,74,87,97,97,97,130,144,239,239,239,252,267,404,404,438,476,488,488,488],"floor_reached":42,"language":"ENG","playtime":1986,"items_purged":["downfall:Icky","Slimebound:Tackle","Slimebound:CorrosiveSpit"],"score":557,"play_id":"905482d6-a0f5-4d2e-95d2-e117ae9827e7","local_time":"20210227145414","is_ascension_mode":true,"campfire_choices":[{"data":"Slimebound:Split","floor":1.0,"key":"SMITH"},{"data":"Slimebound:Repurpose","floor":11.0,"key":"SMITH"},{"data":"Slimebound:MinionMaster","floor":18.0,"key":"SMITH"},{"data":"Slimebound:TagTeam","floor":26.0,"key":"SMITH"},{"floor":29.0,"key":"REST"},{"data":"Slimebound:LeadByExample","floor":35.0,"key":"SMITH"}],"circlet_count":0,"master_deck":["Slimebound:Strike_Slimebound","Slimebound:Defend_Slimebound+1","Slimebound:Defend_Slimebound","Slimebound:Defend_Slimebound","Slimebound:Split+1","Slimebound:Repurpose+1","Slimebound:SplitLeeching","Slimebound:LevelUp","Slimebound:GoopSpray+1","Slimebound:PressTheAttack","Slimebound:MinionMaster+1","Slimebound:SlimeSpikes","Slimebound:SlimeBarrage","Slimebound:TagTeam+1","Slimebound:SlimeSpikes","Slimebound:Teamwork","Slimebound:LeadByExample+1","Slimebound:SplitSpecialist+1","Slimebound:PressTheAttack+1"],"relics":["Slimebound:AbsorbEndCombat","downfall:HeartsMalice","Ancient Tea Set","InkBottle","PreservedInsect","Orichalcum","Philosopher\u0027s Stone","Tiny Chest","Smiling Mask","downfall:HeartBlessingGreen","Omamori","Black Star","Strawberry","downfall:TeleportStone","MawBank","Singing Bowl","War Paint"],"acts_visited":["Exordium","TheCity","TheBeyond"],"potions_floor_usage":[],"damage_taken":[{"damage":0.0,"enemies":"Cultist","floor":2.0,"turns":1.0},{"damage":0.0,"enemies":"Small Slimes","floor":6.0,"turns":1.0},{"damage":0.0,"enemies":"3 Sentries","floor":9.0,"turns":1.0},{"damage":2.0,"enemies":"downfall:FleeingMerchant","floor":10.0,"turns":4.0},{"damage":10.0,"enemies":"Gremlin Nob","floor":12.0,"turns":3.0},{"damage":0.0,"enemies":"2 Louse","floor":13.0,"turns":3.0},{"damage":12.0,"enemies":"3 Sentries","floor":14.0,"turns":6.0},{"damage":10.0,"enemies":"Exordium Thugs","floor":15.0,"turns":5.0},{"damage":47.0,"enemies":"WA_ARCHETYPE_RETAIN","floor":16.0,"turns":8.0},{"damage":4.0,"enemies":"Shell Parasite","floor":19.0,"turns":5.0},{"damage":37.0,"enemies":"downfall:LooterAlt2","floor":20.0,"turns":5.0},{"damage":5.0,"enemies":"downfall:FleeingMerchant","floor":22.0,"turns":4.0},{"damage":15.0,"enemies":"Centurion and Healer","floor":23.0,"turns":4.0},{"damage":9.0,"enemies":"Slavers","floor":25.0,"turns":5.0},{"damage":0.0,"enemies":"Cultist and Chosen","floor":27.0,"turns":3.0},{"damage":0.0,"enemies":"Sentry and Sphere","floor":28.0,"turns":4.0},{"damage":0.0,"enemies":"Gremlin Leader","floor":31.0,"turns":5.0},{"damage":16.0,"enemies":"Centurion and Healer","floor":32.0,"turns":5.0},{"damage":12.0,"enemies":"IC_MUSHROOM_ARCHETYPE","floor":33.0,"turns":6.0},{"damage":16.0,"enemies":"3 Shapes","floor":36.0,"turns":4.0},{"damage":19.0,"enemies":"3 Darklings","floor":37.0,"turns":6.0},{"damage":0.0,"enemies":"downfall:FleeingMerchant","floor":38.0,"turns":4.0},{"damage":15.0,"enemies":"Giant Head","floor":40.0,"turns":7.0},{"damage":0,"enemies":"Jaw Worm Horde","floor":42,"turns":1}],"seed_played":"-6382966907610888256","potions_obtained":[{"floor":8.0,"key":"downfall:CursedFountainPotion"},{"floor":12.0,"key":"Explosive Potion"},{"floor":13.0,"key":"sneckomod:MuddlingPotion"},{"floor":15.0,"key":"Dexterity Potion"},{"floor":28.0,"key":"hexamod:SoulburnPotion"},{"floor":32.0,"key":"AttackPotion"},{"floor":37.0,"key":"EntropicBrew"},{"floor":40.0,"key":"Explosive Potion"}],"is_trial":false,"path_per_floor":["R","M","?","?","?","M","T","?","E","$","R","E","M","E","M","B",null,"R","M","M","?","$","M","T","E","R","M","M","R","?","E","M","B",null,"R","M","M","$","?","E","T","M"],"character_chosen":"SLIMEBOUND","items_purchased":["Slimebound:SlimeSpikes","Strawberry"],"campfire_rested":1,"item_purchase_floors":[22,38],"current_hp_per_floor":[65,65,65,65,65,65,65,65,65,65,65,57,61,53,47,8,65,65,65,34,34,31,18,18,15,15,17,17,36,36,42,30,24,65,65,51,36,43,43,38,38,38,38,38],"gold":488,"neow_bonus":"THREE_ENEMY_KILL","is_daily":false,"chose_seed":false,"campfire_upgraded":5,"win_rate":0.0,"timestamp":1614459254,"path_taken":["R","M","?","?","?","?","T","?","E","?","R","E","M","E","M","BOSS","R","M","M","?","$","M","T","E","R","M","M","R","?","E","M","BOSS","R","M","M","$","?","E","T","M"],"items_purchased_type":["Card","Relic"],"build_version":"2020-12-22","purchased_purges":3,"victory":false,"max_hp_per_floor":[65,65,65,65,65,65,65,65,65,65,65,65,65,65,65,65,65,65,65,65,65,65,65,65,65,65,65,65,65,65,65,65,65,65,65,65,65,72,72,74,74,74,74,74],"card_choices":[{"not_picked":["Slimebound:HauntingLick","Slimebound:PressTheAttack"],"picked":"Slimebound:Repurpose","floor":2.0},{"not_picked":["Slimebound:Chomp","Slimebound:HauntingLick","Slimebound:RollThrough"],"picked":"SKIP","floor":6.0},{"not_picked":["Slimebound:Gluttony","Slimebound:TongueLash"],"picked":"Slimebound:SplitLeeching","floor":9.0},{"not_picked":["Slimebound:HauntingLick","Slimebound:GoopTackle"],"picked":"Slimebound:LevelUp","floor":10.0},{"not_picked":["Slimebound:Repurpose","Slimebound:FinishingTackle"],"picked":"Slimebound:GoopSpray","floor":12.0},{"not_picked":["Slimebound:MegaLick","Slimebound:LeechEnergy","Slimebound:LivingWall"],"picked":"SKIP","floor":13.0},{"not_picked":["Slimebound:FinishingTackle","Slimebound:RainOfGoop","Slimebound:ViciousTackle"],"picked":"SKIP","floor":14.0},{"not_picked":["Slimebound:LivingWall","Slimebound:SpikyOuterGoop"],"picked":"Slimebound:PressTheAttack","floor":15.0},{"not_picked":["Slimebound:FirmFortitude","Slimebound:SelfFormingGoo"],"picked":"Slimebound:MinionMaster","floor":16.0},{"not_picked":["Slimebound:Chomp+1","Slimebound:RollThrough"],"picked":"Slimebound:SlimeSpikes","floor":19.0},{"not_picked":["Slimebound:ServeAndProtect","Slimebound:Dissolve"],"picked":"Slimebound:SlimeBarrage","floor":20.0},{"not_picked":["Slimebound:Prepare","Slimebound:LeadByExample+1"],"picked":"Slimebound:TagTeam","floor":22.0},{"not_picked":["Slimebound:ViciousTackle","Slimebound:GoopSpray+1","Slimebound:Equalize"],"picked":"SKIP","floor":23.0},{"not_picked":["Slimebound:GoopTackle","Slimebound:FinishingTackle","Slimebound:RainOfGoop"],"picked":"SKIP","floor":25.0},{"not_picked":["Slimebound:SlimeBrawl","Slimebound:ViciousTackle","Slimebound:ProtectTheBoss"],"picked":"SKIP","floor":27.0},{"not_picked":["Slimebound:SlimeBrawl","Slimebound:ViciousTackle","Slimebound:ProtectTheBoss"],"picked":"SKIP","floor":27.0},{"not_picked":["Slimebound:SlimeBrawl","Slimebound:ViciousTackle","Slimebound:ProtectTheBoss"],"picked":"SKIP","floor":27.0},{"not_picked":["Slimebound:ViciousTackle","Slimebound:HauntingLick"],"picked":"Slimebound:Teamwork","floor":28.0},{"not_picked":["Slimebound:FinishingTackle","Slimebound:SplitLeeching","Slimebound:SplitAcid"],"picked":"SKIP","floor":31.0},{"not_picked":["Slimebound:GoopTackle+1","Slimebound:SlimeSpikes"],"picked":"Slimebound:LeadByExample","floor":32.0},{"not_picked":["Slimebound:Schlurp+1","Slimebound:GoopSpray"],"picked":"Slimebound:SplitSpecialist+1","floor":36.0},{"not_picked":["Slimebound:ViciousTackle","Slimebound:LeechEnergy+1","Slimebound:BestDefense+1"],"picked":"SKIP","floor":37.0},{"not_picked":["Slimebound:ComboTackle+1","Slimebound:SplitBruiser"],"picked":"Slimebound:PressTheAttack+1","floor":38.0},{"not_picked":["Slimebound:ViciousTackle","Slimebound:LeadByExample","Slimebound:AcidTongue"],"picked":"Singing Bowl","floor":40.0}],"player_experience":1257383,"relics_obtained":[{"floor":9.0,"key":"InkBottle"},{"floor":12.0,"key":"PreservedInsect"},{"floor":14.0,"key":"Orichalcum"},{"floor":24.0,"key":"Tiny Chest"},{"floor":25.0,"key":"Smiling Mask"},{"floor":31.0,"key":"Omamori"},{"floor":40.0,"key":"MawBank"},{"floor":40.0,"key":"Singing Bowl"},{"floor":41.0,"key":"War Paint"}],"event_choices":[],"is_beta":false,"boss_relics":[{"not_picked":["Calling Bell","SacredBark"],"picked":"Philosopher\u0027s Stone"},{"not_picked":["Snecko Eye","Pandora\u0027s Box"],"picked":"Black Star"}],"items_purged_floors":[10,22,38],"is_endless":false,"potions_floor_spawned":[12,13,15,16,19,28,32,37,40],"killed_by":"Jaw Worm Horde","ascension_level":1}}