{"host":"6xghz2lkudss8si6","time":1614419732,"event":{"mods":["AchievementEnabler","BaseMod","Colored Map","DeckTracker","Minty Spire (QoL Compilation)","Quick Restart","StSLib","SuperFastMode"],"gold_per_floor":[11,11,26,39,59,59,94,109,187,187,204,204,235,249,249,346,346,364,63,63,82,99,128,128,142,142,142,142,169,269,279,279,374,374,384,384,384,398,398,398,429,345,345,370,370,390,390,425,425,425,425],"floor_reached":50,"language":"KOR","playtime":2098,"items_purged":["Parasite"],"score":870,"play_id":"0846fdb3-e723-4477-a699-2ab108eaeded","local_time":"20210227185532","is_ascension_mode":true,"campfire_choices":[{"data":"Sunder","floor":6,"key":"SMITH"},{"data":"Defragment","floor":10,"key":"SMITH"},{"data":"Sweeping Beam","floor":15,"key":"SMITH"},{"floor":24,"key":"REST"},{"data":"Fission","floor":27,"key":"SMITH"},{"data":"Thunder Strike","floor":32,"key":"SMITH"},{"floor":40,"key":"REST"},{"floor":45,"key":"REST"},{"floor":47,"key":"REST"},{"floor":49,"key":"REST"}],"circlet_count":0,"master_deck":["AscendersBane","Strike_B","Defend_B","Defend_B","Defend_B","Defend_B+1","Zap","Dualcast+1","Sunder+1","Self Repair","Sweeping Beam+1","Defragment+1","Fission+1","Chill","Lockon","Thunder Strike+1","Ball Lightning+1","Melter","All For One","Compile Driver","Ball Lightning+1","Fission","Hologram+1","Capacitor","Defragment","Creative AI","Capacitor+1","Barrage"],"relics":["Cracked Core","Shuriken","White Beast Statue","Torii","Snecko Eye","DataDisk","Lantern","Smiling Mask","Nunchaku","Regal Pillow","Fusion Hammer","Boot","Thread and Needle","Toy Ornithopter","Happy Flower"],"acts_visited":["Exordium","TheCity","TheBeyond"],"potions_floor_usage":[13,16,21,23,23,29,29,29,29,33,35,41,44,50,50],"damage_taken":[{"damage":4,"enemies":"Jaw Worm","floor":1,"turns":4},{"damage":0,"enemies":"Cultist","floor":3,"turns":3},{"damage":4,"enemies":"Small Slimes","floor":4,"turns":3},{"damage":0,"enemies":"2 Fungi Beasts","floor":5,"turns":3},{"damage":21,"enemies":"Gremlin Nob","floor":7,"turns":4},{"damage":9,"enemies":"Exordium Thugs","floor":8,"turns":4},{"damage":13,"enemies":"Large Slime","floor":11,"turns":4},{"damage":14,"enemies":"Lagavulin","floor":13,"turns":7},{"damage":1,"enemies":"Blue Slaver","floor":14,"turns":4},{"damage":2,"enemies":"The Guardian","floor":16,"turns":11},{"damage":1,"enemies":"Chosen","floor":18,"turns":3},{"damage":0,"enemies":"2 Thieves","floor":21,"turns":4},{"damage":2,"enemies":"Chosen and Byrds","floor":22,"turns":5},{"damage":52,"enemies":"Book of Stabbing","floor":23,"turns":7},{"damage":0,"enemies":"Cultist and Chosen","floor":25,"turns":4},{"damage":10,"enemies":"Slavers","floor":29,"turns":4},{"damage":1,"enemies":"3 Cultists","floor":31,"turns":4},{"damage":29,"enemies":"Champ","floor":33,"turns":6},{"damage":10,"enemies":"3 Darklings","floor":35,"turns":4},{"damage":1,"enemies":"Orb Walker","floor":38,"turns":2},{"damage":38,"enemies":"Giant Head","floor":41,"turns":6},{"damage":17,"enemies":"Reptomancer","floor":44,"turns":5},{"damage":9,"enemies":"3 Darklings","floor":46,"turns":3},{"damage":63,"enemies":"Giant Head","floor":48,"turns":7},{"damage":76,"enemies":"Time Eater","floor":50,"turns":5}],"seed_played":"7921891462033329869","potions_obtained":[{"floor":5,"key":"SteroidPotion"},{"floor":8,"key":"BlessingOfTheForge"},{"floor":11,"key":"Strength Potion"},{"floor":13,"key":"Dexterity Potion"},{"floor":16,"key":"SpeedPotion"},{"floor":18,"key":"GamblersBrew"},{"floor":21,"key":"ColorlessPotion"},{"floor":23,"key":"EntropicBrew"},{"floor":25,"key":"Energy Potion"},{"floor":29,"key":"FearPotion"},{"floor":33,"key":"ColorlessPotion"},{"floor":35,"key":"AttackPotion"},{"floor":38,"key":"SkillPotion"},{"floor":41,"key":"PotionOfCapacity"},{"floor":44,"key":"PotionOfCapacity"},{"floor":48,"key":"SpeedPotion"}],"is_trial":false,"path_per_floor":["M","?","M","M","M","R","E","M","T","R","M","?","E","M","R","B",null,"M","$","?","M","M","E","R","M","T","R","?","E","?","M","R","B",null,"M","?","?","M","?","R","E","$","T","E","R","M","R","E","R","B"],"character_chosen":"DEFECT","items_purchased":["DataDisk","Lantern","Defragment"],"campfire_rested":5,"item_purchase_floors":[19,19,42],"current_hp_per_floor":[64,64,64,67,74,74,60,51,51,51,45,30,23,29,29,34,65,64,64,64,71,75,30,52,59,59,59,59,56,56,62,62,40,66,63,63,63,62,62,71,40,40,40,23,58,49,68,12,47,0,0],"gold":425,"neow_bonus":"REMOVE_TWO","is_daily":false,"chose_seed":false,"campfire_upgraded":5,"win_rate":0.0,"timestamp":1614419732,"path_taken":["M","?","M","?","M","R","E","M","T","R","M","?","E","M","R","BOSS","M","$","?","?","M","E","R","M","T","R","?","E","?","M","R","BOSS","M","?","?","M","?","R","E","$","T","E","R","M","R","E","R","BOSS"],"items_purchased_type":["Relic","Relic","Card"],"build_version":"2020-12-22","purchased_purges":1,"victory":false,"max_hp_per_floor":[75,75,75,75,75,75,75,75,75,75,75,75,75,75,75,75,75,75,75,75,75,75,75,75,75,75,75,75,75,75,75,75,75,75,75,75,75,75,71,71,71,68,68,68,68,68,68,68,68,68,68],"card_choices":[{"not_picked":["Steam","Hologram"],"picked":"Sunder","floor":1},{"not_picked":["Double Energy","Sweeping Beam"],"picked":"Self Repair","floor":3},{"not_picked":["Steam","Hologram","Streamline"],"picked":"SKIP","floor":4},{"not_picked":["Auto Shields","Steam"],"picked":"Sweeping Beam","floor":5},{"not_picked":["Storm","Coolheaded"],"picked":"Defragment","floor":7},{"not_picked":["Turbo","Gash","Hello World"],"picked":"SKIP","floor":8},{"not_picked":["Leap","Steam Power"],"picked":"Fission","floor":11},{"not_picked":["Streamline","Conserve Battery"],"picked":"Chill","floor":13},{"not_picked":["Redo","Self Repair"],"picked":"Lockon","floor":14},{"not_picked":["Meteor Strike","Rainbow"],"picked":"Thunder Strike","floor":16},{"not_picked":["Turbo","Tempest"],"picked":"Ball Lightning+1","floor":18},{"not_picked":["Go for the Eyes","Streamline","Melter"],"picked":"SKIP","floor":21},{"not_picked":["BootSequence","Self Repair"],"picked":"Cold Snap+1","floor":22},{"not_picked":["Stack","Chill"],"picked":"All For One","floor":23},{"not_picked":["Rebound","Gash"],"picked":"Compile Driver","floor":25},{"not_picked":["Aggregate","Rip and Tear"],"picked":"Ball Lightning+1","floor":29},{"not_picked":["FTL+1","White Noise","Streamline+1"],"picked":"SKIP","floor":31},{"not_picked":["Amplify","Reboot"],"picked":"Fission","floor":33},{"not_picked":["Redo+1","Streamline"],"picked":"Hologram+1","floor":35},{"not_picked":["Beam Cell","Gash","Redo+1"],"picked":"SKIP","floor":38},{"not_picked":["Coolheaded","Chill"],"picked":"Capacitor","floor":41},{"not_picked":["Storm+1","Streamline+1"],"picked":"Creative AI","floor":44},{"not_picked":["Compile Driver+1","Hologram+1"],"picked":"Capacitor+1","floor":46},{"not_picked":["Ball Lightning+1","Melter","Barrage"],"picked":"SKIP","floor":48},{"not_picked":["Ball Lightning+1","Melter"],"picked":"Barrage","floor":48}],"player_experience":268705,"relics_obtained":[{"floor":7,"key":"Shuriken"},{"floor":9,"key":"White Beast Statue"},{"floor":13,"key":"Torii"},{"floor":23,"key":"Smiling Mask"},{"floor":26,"key":"Nunchaku"},{"floor":29,"key":"Regal Pillow"},{"floor":41,"key":"Boot"},{"floor":43,"key":"Thread and Needle"},{"floor":44,"key":"Toy Ornithopter"},{"floor":48,"key":"Happy Flower"}],"event_choices":[{"cards_removed":["Strike_B"],"damage_healed":0,"gold_gain":0,"player_choice":"Purged","damage_taken":0,"max_hp_gain":0,"max_hp_loss":0,"event_name":"Purifier","floor":2,"gold_loss":0},{"damage_healed":0,"gold_gain":0,"player_choice":"Entered Light","damage_taken":15,"max_hp_gain":0,"max_hp_loss":0,"event_name":"Shining Light","floor":12,"gold_loss":0,"cards_upgraded":["Dualcast","Defend_B"]},{"damage_healed":0,"gold_gain":0,"player_choice":"2 cards matched","damage_taken":0,"max_hp_gain":0,"max_hp_loss":0,"event_name":"Match and Keep!","floor":20,"gold_loss":0,"cards_obtained":["Parasite","Melter"]},{"damage_healed":0,"gold_gain":0,"player_choice":"Ignored","damage_taken":0,"max_hp_gain":0,"max_hp_loss":0,"event_name":"Ghosts","floor":28,"gold_loss":0},{"damage_healed":0,"gold_gain":100,"player_choice":"Pray","damage_taken":0,"max_hp_gain":0,"max_hp_loss":0,"event_name":"Golden Shrine","floor":30,"gold_loss":0},{"cards_removed":["Cold Snap"],"damage_healed":0,"gold_gain":0,"player_choice":"Removed Attack","damage_taken":0,"max_hp_gain":0,"max_hp_loss":0,"event_name":"Falling","floor":36,"gold_loss":0},{"damage_healed":0,"gold_gain":0,"player_choice":"Ignored","damage_taken":0,"max_hp_gain":0,"max_hp_loss":0,"event_name":"Mysterious Sphere","floor":37,"gold_loss":0},{"damage_healed":0,"gold_gain":0,"player_choice":"Max HP","damage_taken":0,"max_hp_gain":0,"max_hp_loss":4,"event_name":"Winding Halls","floor":39,"gold_loss":0}],"is_beta":false,"boss_relics":[{"not_picked":["Philosopher\u0027s Stone","Pandora\u0027s Box"],"picked":"Snecko Eye"},{"not_picked":["Astrolabe","Runic Dome"],"picked":"Fusion Hammer"}],"items_purged_floors":[42],"is_endless":false,"potions_floor_spawned":[5,8,11,13,14,16,18,21,22,23,25,29,31,33,35,38,41,44,46,48],"killed_by":"Time Eater","ascension_level":10}}