{"host":"d02vqrhhew441p6s","time":1614393357,"event":{"mods":["BaseMod","Downfall","Duelist Mod","Halation","Infinite Spire","Minty Spire (QoL Compilation)","StSLib"],"gold_per_floor":[125,141,141,154,154,154,154,183,197,208,236,236,253,108,126,229,229,229,245,262,179,17,17,17],"floor_reached":23,"language":"ENG","playtime":819,"items_purged":["theDuelist:ToonWorld"],"score":350,"play_id":"1978eaaa-1d96-4049-916e-22f24ff5665c","local_time":"20210227033557","is_ascension_mode":true,"campfire_choices":[{"data":"theDuelist:ToonSummonedSkull","floor":1,"key":"SMITH"},{"data":"theDuelist:FuryFire","floor":6,"key":"SMITH"},{"data":"theDuelist:TributeDoomed","floor":12,"key":"SMITH"},{"floor":18,"key":"RECALL"}],"circlet_count":0,"master_deck":["AscendersBane","theDuelist:CastleWalls","theDuelist:CastleWalls","theDuelist:MangaRyuRan","theDuelist:Sparks","theDuelist:Sparks","theDuelist:Sparks","theDuelist:ToonAncientGear","theDuelist:ToonMermaid","theDuelist:ToonSummonedSkull+1","theDuelist:FuryFire+1","theDuelist:PotGreed","theDuelist:BlueEyesToon","theDuelist:RedEyesToon","theDuelist:ToonAncientGear","theDuelist:TributeDoomed+1","theDuelist:Fissure","theDuelist:RedEyesToon","theDuelist:ToonCannonSoldier","theDuelist:BlockGolem","theDuelist:SlotMachine","theDuelist:ShadowToon","theDuelist:SmashingGround","theDuelist:ToonBarrelDragon","theDuelist:ToonKingdom","theDuelist:ToonGeminiElf"],"relics":["theDuelist:MillenniumPuzzle","theDuelist:CardPoolRelic","theDuelist:CardPoolBasicRelic","theDuelist:BoosterPackPoolRelic","theDuelist:CardPoolAddRelic","theDuelist:CardPoolMinusRelic","theDuelist:CardPoolSaveRelic","theDuelist:CardPoolOptionsRelic","infinitespire:WardingShard","theDuelist:ElectricToken","Gremlin Horn","theDuelist:ShopToken","halation:Risk"],"acts_visited":["Exordium","TheCity"],"potions_floor_usage":[11,13,16,23],"damage_taken":[{"damage":2,"enemies":"Jaw Worm","floor":2,"turns":2},{"damage":9,"enemies":"Small Slimes","floor":4,"turns":4},{"damage":26,"enemies":"Gremlin Nob","floor":8,"turns":4},{"damage":7,"enemies":"Cultist","floor":9,"turns":3},{"damage":12,"enemies":"Red Slaver","floor":10,"turns":4},{"damage":2,"enemies":"Lagavulin","floor":11,"turns":2},{"damage":3,"enemies":"Lots of Slimes","floor":13,"turns":1},{"damage":18,"enemies":"downfall:FleeingMerchant","floor":14,"turns":4},{"damage":6,"enemies":"2 Fungi Beasts","floor":15,"turns":2},{"damage":4,"enemies":"WA_ARCHETYPE_RETAIN","floor":16,"turns":3},{"damage":35,"enemies":"Spheric Guardian","floor":19,"turns":4},{"damage":24,"enemies":"downfall:LooterAlt2","floor":20,"turns":3},{"damage":18,"enemies":"downfall:FleeingMerchant","floor":22,"turns":4},{"damage":7,"enemies":"Centurion and Healer","floor":23,"turns":2}],"seed_played":"2483047709858288667","potions_obtained":[{"floor":2,"key":"SteroidPotion"},{"floor":10,"key":"theDuelist:SealedPackB"},{"floor":11,"key":"theDuelist:FreezingPotion"},{"floor":16,"key":"Dexterity Potion"}],"is_trial":false,"path_per_floor":["R","M","?","M","?","R","T","E","M","M","E","R","M","$","M","B",null,"R","M","M","?","$","M"],"character_chosen":"THE_DUELIST","items_purchased":["theDuelist:ShopToken","theDuelist:ToonCannonSoldier","theDuelist:ToonGeminiElf"],"campfire_rested":0,"item_purchase_floors":[14,14,22],"current_hp_per_floor":[72,70,70,61,90,90,90,64,57,45,43,43,40,22,16,12,71,71,36,12,12,6,0,0],"gold":17,"neow_bonus":"ONE_RANDOM_RARE_CARD","is_daily":false,"chose_seed":false,"campfire_upgraded":3,"win_rate":0.0,"timestamp":1614393357,"path_taken":["R","M","?","M","?","R","T","E","M","?","E","R","M","?","M","BOSS","R","M","?","?","$","M"],"items_purchased_type":["Relic","Card","Card"],"build_version":"2020-12-22","purchased_purges":1,"victory":false,"max_hp_per_floor":[80,80,80,80,90,90,90,90,90,90,90,90,90,90,90,90,90,90,90,90,90,90,90,90],"card_choices":[{"not_picked":["theDuelist:BattleguardKing","theDuelist:LightningRodLord","theDuelist:PowerGiant","theDuelist:Hinotama"],"picked":"theDuelist:FuryFire","floor":2},{"not_picked":["theDuelist:RainbowOverdragon","theDuelist:RainbowGravity","theDuelist:DarkCreator","theDuelist:RedMedicine"],"picked":"theDuelist:PotGreed","floor":4},{"not_picked":["theDuelist:RedEyesToon","theDuelist:GreyGreedOni","theDuelist:RainbowOverdragon","theDuelist:RedHeadedOni"],"picked":"theDuelist:BlueEyesToon","floor":8},{"not_picked":["theDuelist:BlueEyesToon","theDuelist:GreenGraveOni","theDuelist:RainbowOverdragon","theDuelist:RedHeadedOni"],"picked":"theDuelist:RedEyesToon","floor":9},{"not_picked":["theDuelist:SpellShatteringArrow","theDuelist:FlyingSaucer","theDuelist:ToonBarrelDragon","theDuelist:CheerfulCoffin"],"picked":"theDuelist:ToonAncientGear","floor":10},{"not_picked":["theDuelist:SwordsConcealing","theDuelist:PotGreed"],"picked":"theDuelist:TributeDoomed","floor":11},{"not_picked":["theDuelist:DarklordSuperbia","theDuelist:PowerGiant","theDuelist:GaiaMidNightSun","theDuelist:LightningRodLord"],"picked":"theDuelist:Fissure","floor":13},{"not_picked":["theDuelist:CheerfulCoffin","theDuelist:MangaRyuRan","theDuelist:SpellShatteringArrow","theDuelist:ToonAncientGear"],"picked":"theDuelist:RedEyesToon","floor":14},{"not_picked":["theDuelist:GraniteLoyalist","theDuelist:MillenniumGolem","theDuelist:DummyGolem","theDuelist:TimeSeal"],"picked":"theDuelist:BlockGolem","floor":15},{"not_picked":["theDuelist:Mathematician","theDuelist:MillenniumShield","theDuelist:ObeliskTormentor","theDuelist:Raigeki"],"picked":"theDuelist:SlotMachine","floor":16},{"not_picked":["theDuelist:FlyingSaucer+1","theDuelist:CheerfulCoffin","theDuelist:GiantTrunade+1","theDuelist:ToonGeminiElf"],"picked":"theDuelist:ShadowToon","floor":19},{"not_picked":["theDuelist:GauntletWarrior","theDuelist:MillenniumGolem","theDuelist:MudGolem","theDuelist:MudragonSwamp"],"picked":"theDuelist:SmashingGround","floor":20},{"not_picked":["theDuelist:TrapHole","theDuelist:ToonBriefcase","theDuelist:ToonCannonSoldier"],"picked":"theDuelist:ToonKingdom","floor":22}],"player_experience":641860,"relics_obtained":[{"floor":7,"key":"infinitespire:WardingShard"},{"floor":8,"key":"theDuelist:ElectricToken"},{"floor":11,"key":"Gremlin Horn"}],"event_choices":[{"cards_removed":["theDuelist:SwordsConcealing"],"damage_healed":19,"gold_gain":0,"player_choice":"Offered Rare","damage_taken":0,"max_hp_gain":10,"max_hp_loss":0,"event_name":"Bonfire Elementals","floor":5,"gold_loss":0},{"damage_healed":0,"gold_gain":0,"player_choice":"Purchased Toon Barrel Dragon for 83 Gold.","duelist":true,"damage_taken":0,"max_hp_gain":0,"max_hp_loss":0,"event_name":"Card Trader","floor":21,"gold_loss":0}],"is_beta":false,"boss_relics":[{"not_picked":["halation:ForbiddenBikini","Snecko Eye"],"picked":"halation:Risk"}],"items_purged_floors":[22],"is_endless":false,"potions_floor_spawned":[2,10,11,16,20],"killed_by":"Centurion and Healer","ascension_level":11}}