{"host":"kh6fvhxn285ncg0o","time":1614392793,"event":{"mods":["Act Like it!","BaseMod","Colored Map","Friendly Minions","Keyboard Shortcuts","Minty Spire (QoL Compilation)","Quick Restart","Relic Stats","StSLib","SuperFastMode","UnlockEverythingMod"],"gold_per_floor":[115,115,40,40,55,87,106,132,132,71,85,85,10,37,37,109,109,126,126,146,164,174,174,74,91,91,117,136,165,185,213,213,292,292,303,178,178,194,211,244,244,244,294,322,339,373,373,373,373,373,373,373,373,0,29,29],"floor_reached":57,"language":"KOR","playtime":1593,"items_purged":["Strike_R","Rampage","Bludgeon+1","Offering"],"score":3540,"play_id":"72923af9-d468-4b6b-846a-4dec8f30e3aa","local_time":"20210227112633","is_ascension_mode":true,"campfire_choices":[{"data":"Immolate","floor":12,"key":"SMITH"},{"data":"Battle Trance","floor":15,"key":"SMITH"},{"data":"Body Slam","floor":23,"key":"SMITH"},{"data":"Entrench","floor":32,"key":"SMITH"},{"data":"Offering","floor":47,"key":"SMITH"},{"floor":49,"key":"RECALL"},{"data":"Second Wind","floor":53,"key":"SMITH"}],"circlet_count":0,"master_deck":["AscendersBane","Defend_R","Defend_R","Defend_R","Defend_R","Bash+1","Double Tap","Battle Trance+1","Second Wind+1","Shrug It Off","Evolve+1","Feel No Pain+1","Ghostly Armor+1","Body Slam+1","Flame Barrier","Shockwave","Entrench+1","Barricade+1","Disarm","Finesse","Impatience","Offering+1"],"relics":["Burning Blood","NeowsBlessing","Juzu Bracelet","Frozen Egg 2","Vajra","Pen Nib","Ancient Tea Set","Turnip","Astrolabe","Whetstone","White Beast Statue","Anchor","Runic Dome","Kunai","Oddly Smooth Stone","Bag of Marbles","Darkstone Periapt","Art of War","Lantern"],"acts_visited":["Exordium","TheCity","TheBeyond","TheEnding"],"potions_floor_usage":[11,27,30,30,38,40,45,46,50,51,56,56],"damage_taken":[{"damage":0,"enemies":"Jaw Worm","floor":1,"turns":1},{"damage":0,"enemies":"Cultist","floor":5,"turns":1},{"damage":0,"enemies":"Lagavulin","floor":6,"turns":1},{"damage":0,"enemies":"2 Louse","floor":7,"turns":3},{"damage":54,"enemies":"Gremlin Nob","floor":8,"turns":5},{"damage":15,"enemies":"Exordium Thugs","floor":11,"turns":5},{"damage":12,"enemies":"Lagavulin","floor":14,"turns":3},{"damage":0,"enemies":"Slime Boss","floor":16,"turns":5},{"damage":0,"enemies":"Spheric Guardian","floor":18,"turns":2},{"damage":12,"enemies":"Shell Parasite","floor":20,"turns":4},{"damage":0,"enemies":"Cultist and Chosen","floor":21,"turns":5},{"damage":0,"enemies":"Snecko","floor":22,"turns":3},{"damage":0,"enemies":"Centurion and Healer","floor":25,"turns":5},{"damage":36,"enemies":"Slavers","floor":27,"turns":6},{"damage":12,"enemies":"Shelled Parasite and Fungi","floor":28,"turns":3},{"damage":6,"enemies":"Book of Stabbing","floor":29,"turns":4},{"damage":16,"enemies":"Snake Plant","floor":30,"turns":3},{"damage":9,"enemies":"Slavers","floor":31,"turns":6},{"damage":6,"enemies":"Champ","floor":33,"turns":7},{"damage":0,"enemies":"3 Darklings","floor":35,"turns":1},{"damage":0,"enemies":"3 Shapes","floor":38,"turns":3},{"damage":6,"enemies":"Maw","floor":39,"turns":6},{"damage":6,"enemies":"Nemesis","floor":40,"turns":7},{"damage":6,"enemies":"Giant Head","floor":44,"turns":5},{"damage":0,"enemies":"Transient","floor":45,"turns":6},{"damage":26,"enemies":"Nemesis","floor":46,"turns":5},{"damage":6,"enemies":"Donu and Deca","floor":50,"turns":4},{"damage":12,"enemies":"Time Eater","floor":51,"turns":6},{"damage":11,"enemies":"Shield and Spear","floor":55,"turns":5},{"damage":6,"enemies":"The Heart","floor":56,"turns":5}],"seed_played":"334551967209765525","potions_obtained":[{"floor":7,"key":"PowerPotion"},{"floor":8,"key":"Fire Potion"},{"floor":11,"key":"ElixirPotion"},{"floor":14,"key":"BlessingOfTheForge"},{"floor":20,"key":"Explosive Potion"},{"floor":27,"key":"PowerPotion"},{"floor":30,"key":"Fire Potion"},{"floor":31,"key":"SpeedPotion"},{"floor":38,"key":"Block Potion"},{"floor":39,"key":"ColorlessPotion"},{"floor":40,"key":"Block Potion"},{"floor":45,"key":"Energy Potion"},{"floor":46,"key":"BlessingOfTheForge"},{"floor":55,"key":"Swift Potion"}],"is_trial":false,"path_per_floor":["M","?","?","?","M","E","M","E","T","?","M","R","$","E","R","B",null,"M","?","M","M","M","R","$","M","T","E","M","E","M","E","R","B",null,"M","$","?","M","M","E","?","?","T","E","M","E","R","?","R","B","B",null,"R","$","E","B",null],"character_chosen":"IRONCLAD","items_purchased":["Art of War","PowerPotion"],"campfire_rested":0,"item_purchase_floors":[54,54],"current_hp_per_floor":[74,74,74,74,75,75,75,27,27,27,18,18,18,12,12,18,61,67,67,61,67,73,73,73,75,75,45,39,39,29,26,26,26,63,69,69,69,71,71,71,61,61,61,61,67,47,47,47,47,47,41,64,64,64,59,59],"gold":29,"neow_bonus":"THREE_ENEMY_KILL","is_daily":false,"chose_seed":false,"campfire_upgraded":6,"win_rate":0.0,"timestamp":1614392793,"path_taken":["M","?","?","?","M","E","M","E","T","?","M","R","?","E","R","BOSS","M","?","M","M","M","R","?","M","T","E","M","E","M","E","R","BOSS","M","$","?","M","M","E","?","?","T","E","M","E","R","?","R","BOSS","BOSS","R","$","E","BOSS"],"items_purchased_type":["Relic","Potion"],"build_version":"2020-12-22","purchased_purges":4,"victory":true,"max_hp_per_floor":[75,75,75,75,75,75,75,75,75,75,75,75,75,75,75,75,75,75,75,75,75,75,75,75,75,75,75,75,75,75,75,75,75,75,75,75,71,71,71,71,71,71,71,71,71,71,71,71,71,71,71,71,71,71,71,71],"relic_stats":{"Darkstone Periapt":0,"counters":[30,125],"Astrolabe":["Bludgeon","Feel No Pain","Ghostly Armor"],"Pen Nib":[11],"Turnip":[18],"Juzu Bracelet":3,"Art of War":[2],"Whetstone":["Bash"],"Kunai":[1],"obtain_stats":[{"Darkstone Periapt":46,"Lantern":55,"NeowsBlessing":0,"Astrolabe":17,"Vajra":8,"Oddly Smooth Stone":43,"Pen Nib":9,"Juzu Bracelet":2,"Whetstone":27,"Frozen Egg 2":6,"Ancient Tea Set":10,"Burning Blood":0,"White Beast Statue":29,"Runic Dome":34,"Anchor":31,"Turnip":14,"Bag of Marbles":44,"Art of War":54,"Kunai":40},{"Darkstone Periapt":26,"Lantern":29,"NeowsBlessing":0,"Astrolabe":8,"Vajra":5,"Oddly Smooth Stone":23,"Pen Nib":5,"Juzu Bracelet":1,"Whetstone":14,"Frozen Egg 2":3,"Ancient Tea Set":5,"Burning Blood":0,"White Beast Statue":16,"Runic Dome":19,"Anchor":18,"Turnip":7,"Bag of Marbles":24,"Art of War":28,"Kunai":23},{"Darkstone Periapt":105,"Lantern":120,"NeowsBlessing":0,"Astrolabe":24,"Vajra":11,"Oddly Smooth Stone":89,"Pen Nib":11,"Juzu Bracelet":1,"Whetstone":49,"Frozen Egg 2":3,"Ancient Tea Set":11,"Burning Blood":0,"White Beast Statue":56,"Runic Dome":72,"Anchor":65,"Turnip":19,"Bag of Marbles":94,"Art of War":115,"Kunai":89}],"Burning Blood":155},"card_choices":[{"not_picked":["Armaments","Uppercut"],"picked":"Battle Trance","floor":5},{"not_picked":["Thunderclap","Headbutt"],"picked":"Second Wind","floor":6},{"not_picked":["Clothesline","Bloodletting"],"picked":"Rampage","floor":7},{"not_picked":["Intimidate","Reckless Charge"],"picked":"Shrug It Off","floor":8},{"not_picked":["Flame Barrier","Hemokinesis"],"picked":"Immolate","floor":11},{"not_picked":["Iron Wave","Cleave"],"picked":"Evolve+1","floor":14},{"not_picked":["Demon Form+1","Brutality+1"],"picked":"Offering","floor":16},{"not_picked":["Flex","Armaments"],"picked":"Body Slam","floor":18},{"not_picked":["Flex","Sword Boomerang"],"picked":"Shockwave","floor":20},{"not_picked":["Blood for Blood","Pummel+1","Rupture+1"],"picked":"SKIP","floor":21},{"not_picked":["Armaments","Body Slam"],"picked":"Entrench","floor":22},{"not_picked":["Intimidate","Ghostly Armor"],"picked":"Barricade+1","floor":25},{"not_picked":["Spot Weakness","Sentinel","Shockwave"],"picked":"SKIP","floor":27},{"not_picked":["Iron Wave+1","Twin Strike+1","Searing Blow"],"picked":"SKIP","floor":28},{"not_picked":["Reckless Charge","Fiend Fire","Evolve+1"],"picked":"SKIP","floor":29},{"not_picked":["Entrench","Dropkick"],"picked":"Disarm","floor":30},{"not_picked":["Shrug It Off","Clothesline","Sword Boomerang+1"],"picked":"SKIP","floor":31},{"not_picked":["Sword Boomerang","Reckless Charge","Armaments"],"picked":"SKIP","floor":35},{"not_picked":["Havoc","Clothesline+1","Iron Wave"],"picked":"SKIP","floor":38},{"not_picked":["Cleave","Combust+1","Headbutt"],"picked":"SKIP","floor":39},{"not_picked":["Cleave","Combust+1","Headbutt"],"picked":"SKIP","floor":39},{"not_picked":["Evolve+1","Barricade+1","Blood for Blood"],"picked":"SKIP","floor":40},{"not_picked":["Metamorphosis","Dramatic Entrance"],"picked":"Finesse","floor":41},{"not_picked":["Swift Strike","Flash of Steel"],"picked":"Impatience","floor":41},{"not_picked":["Shrug It Off","Combust+1","Sword Boomerang"],"picked":"SKIP","floor":44},{"not_picked":["Perfected Strike","Anger","Clothesline"],"picked":"SKIP","floor":45},{"not_picked":["Flex","Fiend Fire","Sword Boomerang"],"picked":"SKIP","floor":46},{"not_picked":["Havoc","Searing Blow","Perfected Strike"],"picked":"SKIP","floor":55}],"player_experience":1562840,"relics_obtained":[{"floor":2,"key":"Juzu Bracelet"},{"floor":6,"key":"Frozen Egg 2"},{"floor":8,"key":"Vajra"},{"floor":9,"key":"Pen Nib"},{"floor":14,"key":"Turnip"},{"floor":27,"key":"Whetstone"},{"floor":29,"key":"White Beast Statue"},{"floor":31,"key":"Anchor"},{"floor":40,"key":"Kunai"},{"floor":43,"key":"Oddly Smooth Stone"},{"floor":44,"key":"Bag of Marbles"},{"floor":46,"key":"Darkstone Periapt"},{"floor":55,"key":"Lantern"}],"event_choices":[{"damage_healed":0,"gold_gain":0,"player_choice":"Relic","damage_taken":0,"max_hp_gain":0,"max_hp_loss":0,"event_name":"Wheel of Change","floor":2,"gold_loss":0},{"cards_removed":["Strike_R"],"damage_healed":0,"gold_gain":0,"player_choice":"Card Removal","damage_taken":0,"max_hp_gain":0,"max_hp_loss":0,"event_name":"The Cleric","floor":3,"gold_loss":75},{"damage_healed":0,"gold_gain":0,"player_choice":"1 cards matched","damage_taken":0,"max_hp_gain":0,"max_hp_loss":0,"event_name":"Match and Keep!","floor":4,"gold_loss":0,"cards_obtained":["Double Tap"]},{"damage_healed":0,"gold_gain":0,"player_choice":"Paid Gold","damage_taken":0,"relics_obtained":["Ancient Tea Set"],"max_hp_gain":0,"max_hp_loss":0,"event_name":"WeMeetAgain","floor":10,"gold_loss":61},{"damage_healed":0,"gold_gain":0,"player_choice":"1 cards matched","damage_taken":0,"max_hp_gain":0,"max_hp_loss":0,"event_name":"Match and Keep!","floor":19,"gold_loss":0,"cards_obtained":["Flame Barrier"]},{"damage_healed":0,"gold_gain":0,"player_choice":"Max HP","damage_taken":0,"max_hp_gain":0,"max_hp_loss":4,"event_name":"Winding Halls","floor":37,"gold_loss":0},{"damage_healed":0,"gold_gain":0,"player_choice":"Memory 3","damage_taken":10,"max_hp_gain":0,"max_hp_loss":0,"event_name":"SensoryStone","floor":41,"gold_loss":0},{"damage_healed":0,"gold_gain":0,"player_choice":"Copied","damage_taken":0,"max_hp_gain":0,"max_hp_loss":0,"event_name":"Duplicator","floor":42,"gold_loss":0,"cards_obtained":["Offering"]},{"cards_removed":["Immolate"],"damage_healed":0,"gold_gain":0,"player_choice":"Removed Attack","damage_taken":0,"max_hp_gain":0,"max_hp_loss":0,"event_name":"Falling","floor":48,"gold_loss":0}],"is_beta":false,"boss_relics":[{"not_picked":["Runic Cube","Runic Pyramid"],"picked":"Astrolabe"},{"not_picked":["SlaversCollar","Black Star"],"picked":"Runic Dome"}],"items_purged_floors":[13,24,36,54],"is_endless":false,"potions_floor_spawned":[7,8,11,14,18,20,25,27,28,30,31,33,35,38,39,40,44,45,46,55],"ascension_level":20}}