{"host":"jfbo3eu2ui08ej1u","time":1614429873,"event":{"mods":["2.2 Compatiblity","AchievementEnabler","Act Like it!","Aspiration","BaseMod","Better Altar","Better Match","Better Note","Better Sensory Stone","Better Skull","Better Third Choice","Block Reminder","Colored Map","Colored Powertips","Conspire","DeckTracker","Displayed Cursed Tome","Energized Spire","Fox Events","GifTheSpireLib","Hermit","Hubris","Infinite Spire","Marked Mod","Minty Spire (QoL Compilation)","Monster B Gone","Pale of the Ancients","Poor People Problems","Quick Restart","Relic Filter","Reliquary","Reorder Act Four","Replay The Spire","Shop Mod","Spicy Shops","Spire Arcade","StSLib","Stuff the Spire","The Blue Laboratory","The Disciple","The Forsaken","The Hierophant","The Marked","Uncapped","Unceasing Turn Reminder","Wandering Minibosses"],"gold_per_floor":[116,127,127,146,163,163,189,189,212,229,42,71,71,84,84,84,84],"floor_reached":16,"language":"ENG","playtime":442,"items_purged":["Strike_B"],"score":224,"play_id":"a555b142-9957-4657-970e-b3314cc7ae11","local_time":"20210227074433","is_ascension_mode":true,"campfire_choices":[{"data":"Loop","floor":6.0,"key":"SMITH"},{"floor":8.0,"key":"REST"},{"floor":15.0,"key":"REST"}],"circlet_count":0,"master_deck":["AscendersBane","Strike_B","Defend_B+1","Defend_B+1","Defend_B+1","Defend_B+1","Zap+1","Dualcast+1","Streamline","Gash","Loop+1","ReplayGash","Chill+1","Coolheaded+1","Beam Cell","Self Repair","Tempest+1"],"relics":["Cracked Core","Replay:Mystery Machine"],"acts_visited":["Exordium"],"potions_floor_usage":[],"damage_taken":[{"damage":5.0,"enemies":"Small Slimes","floor":1.0,"turns":4.0},{"damage":4.0,"enemies":"Jaw Worm","floor":2.0,"turns":4.0},{"damage":1.0,"enemies":"Cultist","floor":4.0,"turns":3.0},{"damage":5.0,"enemies":"3 Louse","floor":5.0,"turns":4.0},{"damage":20.0,"enemies":"Lagavulin","floor":7.0,"turns":5.0},{"damage":18.0,"enemies":"Red Slaver","floor":10.0,"turns":4.0},{"damage":7.0,"enemies":"Gremlin Nob","floor":12.0,"turns":3.0},{"damage":7.0,"enemies":"Gremlin Gang","floor":14.0,"turns":5.0},{"damage":50,"enemies":"Fading Forest","floor":16,"turns":7}],"seed_played":"-2928117830206044668","potions_obtained":[{"floor":1.0,"key":"Energy Potion"},{"floor":4.0,"key":"Weak Potion"},{"floor":7.0,"key":"Strength Potion"},{"floor":10.0,"key":"Toxic Potion"}],"is_trial":false,"path_per_floor":["M","M","?","M","M","R","E","R","T","M","$","E","?","M","R","B"],"character_chosen":"DEFECT","items_purchased":["Beam Cell","Self Repair"],"campfire_rested":2,"item_purchase_floors":[11,11],"current_hp_per_floor":[59,55,48,47,42,42,22,43,43,25,25,18,18,18,39,0,0],"gold":84,"neow_bonus":"REMOVE_CARD","is_daily":false,"chose_seed":false,"campfire_upgraded":1,"win_rate":0.0,"timestamp":1614429873,"path_taken":["M","M","?","M","M","R","E","R","T","M","$","E","?","M","R","BOSS"],"items_purchased_type":["Card","Card"],"build_version":"2020-12-22","purchased_purges":1,"victory":false,"max_hp_per_floor":[71,71,71,71,71,71,71,71,71,71,71,71,71,71,71,71,71],"card_choices":[{"not_picked":["Panic Button","Rip and Tear"],"picked":"Streamline","floor":1.0},{"not_picked":["Consume","Leap"],"picked":"Gash","floor":2.0},{"not_picked":["Cold Snap","ReplayTheSpireMod:GoodbyeWorld"],"picked":"Loop","floor":4.0},{"not_picked":["Hologram","Streamline"],"picked":"ReplayGash","floor":5.0},{"not_picked":["ReplayTheSpireMod:GoodbyeWorld","StuffTheSpire:EventHorizon"],"picked":"Chill","floor":7.0},{"not_picked":["Redo","Time Bomb"],"picked":"Coolheaded","floor":10.0},{"not_picked":["Redo","ReplayTheSpireMod:Reroute Power"],"picked":"Tempest","floor":12.0},{"not_picked":["BasicCrystalCard","Leap","Barrage"],"picked":"SKIP","floor":14.0}],"player_experience":1394097,"relics_obtained":[{"floor":7.0,"key":"Geode"},{"floor":9.0,"key":"Replay:Mystery Machine"}],"event_choices":[{"cards_removed":["Strike_B"],"damage_healed":0.0,"max_hp_gain":0.0,"max_hp_loss":0.0,"gold_gain":0.0,"event_name":"Golden Wing","player_choice":"Card Removal","floor":3.0,"gold_loss":0.0,"damage_taken":7.0}],"is_beta":false,"boss_relics":[],"items_purged_floors":[11],"is_endless":false,"potions_floor_spawned":[1,4,7,10],"killed_by":"Fading Forest","ascension_level":20}}