{"host":"1c52r9kaxdyo25eq","time":1614441632,"event":{"mods":["AchievementEnabler","BaseMod","DeckTracker","Minty Spire (QoL Compilation)","Rare Cards Sparkle","SuperFastMode","everything is the same but u backflip on backflip"],"gold_per_floor":[17,37,48,48,65,65,82,108,132,132,407,50,70,81,81,155,155,167,39,39,58,76,76,87,87,157,172,172,199,199,216,216,292,292,308,208,208,226,226,226,258,283,329,551,551,570,570,582,582,582,582],"floor_reached":50,"language":"KOR","playtime":1898,"items_purged":["Regret","Strike_G"],"score":1273,"play_id":"9c8bd475-3b1c-46d2-bd42-ea0111925917","local_time":"20210228010032","is_ascension_mode":true,"campfire_choices":[{"data":"Prepared","floor":6.0,"key":"SMITH"},{"data":"Calculated Gamble","floor":10.0,"key":"SMITH"},{"data":"Reflex","floor":15.0,"key":"SMITH"},{"floor":23.0,"key":"REST"},{"data":"Prepared","floor":28.0,"key":"SMITH"},{"data":"Acrobatics","floor":32.0,"key":"SMITH"},{"data":"Tactician","floor":40,"key":"SMITH"},{"floor":45,"key":"RECALL"},{"data":"Acrobatics","floor":47,"key":"SMITH"},{"floor":49,"key":"DIG"}],"circlet_count":0,"master_deck":["AscendersBane","Strike_G","Defend_G","Defend_G","Defend_G","Defend_G","Survivor","Neutralize+1","Eviscerate","Dagger Throw+1","Prepared+1","Underhanded Strike","Calculated Gamble+1","Reflex+1","Prepared+1","Malaise","Tactician+1","Deflect","Prepared+1","Acrobatics+1","After Image","Acrobatics+1"],"relics":["Ring of the Snake","Happy Flower","Orichalcum","Shuriken","Runic Pyramid","Ornamental Fan","Red Mask","Sozu","Lantern","Shovel","Whetstone"],"acts_visited":["Exordium","TheCity","TheBeyond"],"potions_floor_usage":[33,33,34,38,41],"damage_taken":[{"damage":0.0,"enemies":"2 Louse","floor":1.0,"turns":3.0},{"damage":4.0,"enemies":"Cultist","floor":2.0,"turns":4.0},{"damage":4.0,"enemies":"Jaw Worm","floor":3.0,"turns":3.0},{"damage":4.0,"enemies":"2 Fungi Beasts","floor":5.0,"turns":4.0},{"damage":0.0,"enemies":"Exordium Wildlife","floor":7.0,"turns":3.0},{"damage":17.0,"enemies":"Lagavulin","floor":8.0,"turns":5.0},{"damage":2.0,"enemies":"Large Slime","floor":13.0,"turns":3.0},{"damage":0.0,"enemies":"Looter","floor":14.0,"turns":1.0},{"damage":0.0,"enemies":"Slime Boss","floor":16.0,"turns":4.0},{"damage":21.0,"enemies":"Spheric Guardian","floor":18.0,"turns":5.0},{"damage":17.0,"enemies":"Chosen","floor":21.0,"turns":4.0},{"damage":8.0,"enemies":"Centurion and Healer","floor":22.0,"turns":5.0},{"damage":0.0,"enemies":"Snake Plant","floor":24.0,"turns":4.0},{"damage":0.0,"enemies":"3 Cultists","floor":27.0,"turns":4.0},{"damage":4.0,"enemies":"Masked Bandits","floor":29.0,"turns":3.0},{"damage":9.0,"enemies":"Snecko","floor":31.0,"turns":3.0},{"damage":0,"enemies":"Champ","floor":33,"turns":7},{"damage":0,"enemies":"3 Darklings","floor":35,"turns":3},{"damage":0,"enemies":"3 Shapes","floor":38,"turns":8},{"damage":0,"enemies":"Reptomancer","floor":41,"turns":2},{"damage":0,"enemies":"Mind Bloom Boss Battle","floor":42,"turns":3},{"damage":1,"enemies":"Jaw Worm Horde","floor":46,"turns":3},{"damage":0,"enemies":"Maw","floor":48,"turns":4},{"damage":46,"enemies":"Time Eater","floor":50,"turns":9}],"seed_played":"-3333650561596646941","potions_obtained":[{"floor":1.0,"key":"AttackPotion"},{"floor":2.0,"key":"SkillPotion"},{"floor":8.0,"key":"Explosive Potion"},{"floor":14.0,"key":"PowerPotion"},{"floor":16.0,"key":"BlessingOfTheForge"},{"floor":18.0,"key":"LiquidBronze"},{"floor":27.0,"key":"Strength Potion"},{"floor":31.0,"key":"Explosive Potion"},{"floor":33,"key":"EntropicBrew"}],"is_trial":false,"path_per_floor":["M","M","M","?","M","R","M","E","T","R","?","$","M","M","R","B",null,"M","$","?","M","M","R","M","$","T","M","R","?","?","M","R","B",null,"M","$","?","M","?","R","E","?","T","?","R","M","R","M","R","B"],"character_chosen":"THE_SILENT","items_purchased":["Shuriken","Tactician","Deflect"],"campfire_rested":1,"item_purchase_floors":[12,19,19],"current_hp_per_floor":[59,55,51,44,40,40,40,23,23,23,23,23,21,21,21,21,55,34,34,34,17,9,28,28,28,28,28,28,24,24,15,15,15,53,53,53,53,53,53,53,53,53,53,53,53,52,52,52,52,6,6],"gold":582,"neow_bonus":"REMOVE_TWO","is_daily":false,"chose_seed":false,"campfire_upgraded":7,"win_rate":0.0,"timestamp":1614441632,"path_taken":["M","M","M","?","M","R","M","E","T","R","?","$","?","M","R","BOSS","M","$","?","?","M","R","M","?","T","M","R","?","?","?","R","BOSS","M","$","?","M","?","R","E","?","T","?","R","?","R","M","R","BOSS"],"items_purchased_type":["Relic","Card","Card"],"build_version":"2020-12-22","purchased_purges":2,"victory":false,"max_hp_per_floor":[66,66,66,66,66,66,66,66,66,66,66,66,66,66,66,66,66,66,66,66,66,66,66,66,66,66,66,66,66,66,66,66,66,66,66,66,66,66,63,63,63,63,63,63,63,63,63,63,63,63,63],"card_choices":[{"not_picked":["Blur","Backstab"],"picked":"Eviscerate","floor":1.0},{"not_picked":["Underhanded Strike","Distraction"],"picked":"Dagger Throw","floor":2.0},{"not_picked":["PiercingWail","Sucker Punch"],"picked":"Prepared","floor":3.0},{"not_picked":["Prepared","Crippling Poison"],"picked":"Underhanded Strike","floor":5.0},{"not_picked":["Bane","PiercingWail"],"picked":"Calculated Gamble","floor":7.0},{"not_picked":["Tactician","Terror"],"picked":"Reflex","floor":8.0},{"not_picked":["Leg Sweep","Dagger Throw","Bouncing Flask"],"picked":"SKIP","floor":13.0},{"not_picked":["All Out Attack","Poisoned Stab"],"picked":"Prepared","floor":14.0},{"not_picked":["Unload","Doppelganger"],"picked":"Malaise","floor":16.0},{"not_picked":["Sucker Punch","Finisher","Deflect"],"picked":"SKIP","floor":18.0},{"not_picked":["Deflect","Dagger Throw","Dodge and Roll"],"picked":"SKIP","floor":21.0},{"not_picked":["Footwork","Leg Sweep","Bouncing Flask"],"picked":"SKIP","floor":22.0},{"not_picked":["Dagger Throw+1","Quick Slash","Infinite Blades"],"picked":"SKIP","floor":24.0},{"not_picked":["Poisoned Stab","Underhanded Strike","Well Laid Plans+1"],"picked":"SKIP","floor":27.0},{"not_picked":["Poisoned Stab","Underhanded Strike","Well Laid Plans+1"],"picked":"SKIP","floor":27.0},{"not_picked":["Flying Knee","Blade Dance"],"picked":"Acrobatics","floor":29.0},{"not_picked":["Eviscerate","Predator","Caltrops+1"],"picked":"SKIP","floor":31.0},{"not_picked":["Venomology","Die Die Die"],"picked":"After Image","floor":33},{"not_picked":["Predator","Finisher"],"picked":"Acrobatics","floor":35},{"not_picked":["Terror+1","Slice","Heel Hook"],"picked":"SKIP","floor":38},{"not_picked":["Bouncing Flask","Quick Slash","Deadly Poison+1"],"picked":"SKIP","floor":41},{"not_picked":["Calculated Gamble+1","Crippling Poison","Flying Knee+1"],"picked":"SKIP","floor":46},{"not_picked":["Underhanded Strike","Cloak And Dagger","Choke"],"picked":"SKIP","floor":48}],"player_experience":662651,"relics_obtained":[{"floor":8.0,"key":"Happy Flower"},{"floor":9.0,"key":"Orichalcum"},{"floor":26.0,"key":"Ornamental Fan"},{"floor":29.0,"key":"Red Mask"},{"floor":41,"key":"Lantern"},{"floor":42,"key":"Shovel"},{"floor":49,"key":"Whetstone"}],"event_choices":[{"cards_removed":["Strike_G"],"damage_healed":0.0,"max_hp_gain":0.0,"max_hp_loss":0.0,"gold_gain":0.0,"event_name":"Golden Wing","player_choice":"Card Removal","floor":4.0,"gold_loss":0.0,"damage_taken":7.0},{"damage_healed":0.0,"max_hp_gain":0.0,"max_hp_loss":0.0,"gold_gain":275.0,"event_name":"Golden Shrine","player_choice":"Desecrate","floor":11.0,"gold_loss":0.0,"damage_taken":0.0,"cards_obtained":["Regret"]},{"damage_healed":0.0,"max_hp_gain":0.0,"max_hp_loss":0.0,"gold_gain":0.0,"event_name":"Duplicator","player_choice":"Copied","floor":20.0,"gold_loss":0.0,"damage_taken":0.0,"cards_obtained":["Prepared"]},{"damage_healed":0.0,"max_hp_gain":0.0,"max_hp_loss":0.0,"gold_gain":0.0,"event_name":"Masked Bandits","player_choice":"Fought Bandits","floor":29.0,"gold_loss":0.0,"damage_taken":0.0},{"damage_healed":0.0,"max_hp_gain":0.0,"max_hp_loss":0.0,"gold_gain":0.0,"event_name":"Vampires","player_choice":"Ignored","floor":30.0,"gold_loss":0.0,"damage_taken":0.0},{"cards_removed":["Strike_G"],"damage_healed":0,"gold_gain":0,"player_choice":"Removed Attack","damage_taken":0,"max_hp_gain":0,"max_hp_loss":0,"event_name":"Falling","floor":37,"gold_loss":0},{"damage_healed":0,"gold_gain":0,"player_choice":"Max HP","damage_taken":0,"max_hp_gain":0,"max_hp_loss":3,"event_name":"Winding Halls","floor":39,"gold_loss":0},{"damage_healed":0,"gold_gain":0,"player_choice":"Fight","damage_taken":0,"max_hp_gain":0,"max_hp_loss":0,"event_name":"MindBloom","floor":42,"gold_loss":0},{"damage_healed":0,"gold_gain":222,"player_choice":"Wore Mask","damage_taken":0,"max_hp_gain":0,"max_hp_loss":0,"event_name":"Tomb of Lord Red Mask","floor":44,"gold_loss":0}],"is_beta":false,"boss_relics":[{"not_picked":["Runic Dome","Coffee Dripper"],"picked":"Runic Pyramid"},{"not_picked":["Snecko Eye","Calling Bell"],"picked":"Sozu"}],"items_purged_floors":[12,36],"is_endless":false,"potions_floor_spawned":[1,2,8,14,16,18,27,31,33,38,46,48],"killed_by":"Time Eater","ascension_level":20}}