{"host":"q9718omregw4er46","time":1614459505,"event":{"mods":["BaseMod","Minty Spire (QoL Compilation)","Quick Restart","Relic Stats"],"gold_per_floor":[118,130,146,163,179,179,213,231,231,242,272,272,306,276,276,276,276],"floor_reached":16,"language":"ENG","playtime":615,"items_purged":[],"score":298,"play_id":"f9a74b9d-ac55-4107-818a-9e89eaef9325","local_time":"20210228015825","is_ascension_mode":true,"campfire_choices":[{"data":"TalkToTheHand","floor":6,"key":"SMITH"},{"data":"TalkToTheHand","floor":15,"key":"SMITH"}],"circlet_count":0,"master_deck":["AscendersBane","Strike_P","Strike_P","Strike_P","Strike_P","Defend_P","Defend_P","Defend_P","Defend_P","Eruption","Vigilance","Swivel","TalkToTheHand+1","CrushJoints","Omniscience","DeusExMachina","EmptyMind","TalkToTheHand+1","CutThroughFate","Protect"],"relics":["Snecko Eye","Damaru","Shuriken","Ornamental Fan","Omamori"],"acts_visited":["Exordium"],"potions_floor_usage":[11,16,16,16,16],"damage_taken":[{"damage":0,"enemies":"Small Slimes","floor":1,"turns":2},{"damage":4,"enemies":"Jaw Worm","floor":2,"turns":2},{"damage":2,"enemies":"Cultist","floor":3,"turns":3},{"damage":8,"enemies":"Lots of Slimes","floor":4,"turns":7},{"damage":14,"enemies":"3 Louse","floor":5,"turns":5},{"damage":12,"enemies":"Gremlin Nob","floor":7,"turns":4},{"damage":0,"enemies":"Blue Slaver","floor":8,"turns":1},{"damage":0,"enemies":"Looter","floor":10,"turns":2},{"damage":27,"enemies":"3 Sentries","floor":11,"turns":7},{"damage":0,"enemies":"Lagavulin","floor":13,"turns":4},{"damage":25,"enemies":"Slime Boss","floor":16,"turns":5}],"seed_played":"-3377480724406908817","potions_obtained":[{"floor":4,"key":"FairyPotion"},{"floor":5,"key":"SmokeBomb"},{"floor":7,"key":"AttackPotion"},{"floor":13,"key":"EntropicBrew"},{"floor":14,"key":"BlessingOfTheForge"}],"is_trial":true,"path_per_floor":["M","M","M","M","M","R","E","M","T","M","E","?","E","?","R","B"],"character_chosen":"WATCHER","items_purchased":[],"campfire_rested":0,"item_purchase_floors":[],"current_hp_per_floor":[61,57,55,47,33,33,21,21,21,21,20,20,20,20,20,0,0],"gold":276,"neow_bonus":"","is_daily":false,"chose_seed":false,"campfire_upgraded":2,"win_rate":0.0,"timestamp":1614459505,"path_taken":["M","M","M","M","M","R","E","M","T","M","E","?","E","?","R","BOSS"],"items_purchased_type":[],"build_version":"2020-12-22","purchased_purges":0,"victory":false,"max_hp_per_floor":[68,68,68,68,68,68,68,68,68,68,68,68,68,68,68,68,68],"relic_stats":{"counters":[11,42],"Shuriken":[6],"Ornamental Fan":[16],"Snecko Eye":[60,68,72,81],"obtain_stats":[{"Shuriken":9,"Ornamental Fan":11,"Snecko Eye":0,"Damaru":7,"Omamori":13},{"Shuriken":7,"Ornamental Fan":9,"Snecko Eye":0,"Damaru":6,"Omamori":10},{"Shuriken":24,"Ornamental Fan":33,"Snecko Eye":0,"Damaru":23,"Omamori":37}]},"card_choices":[{"not_picked":["Consecrate","JustLucky","Prostrate"],"picked":"SKIP","floor":1},{"not_picked":["Consecrate","FlyingSleeves"],"picked":"Swivel","floor":2},{"not_picked":["Crescendo","SignatureMove"],"picked":"TalkToTheHand","floor":3},{"not_picked":["ClearTheMind","PathToVictory"],"picked":"CrushJoints","floor":4},{"not_picked":["ReachHeaven","EmptyFist"],"picked":"Omniscience","floor":5},{"not_picked":["JustLucky","Tantrum"],"picked":"DeusExMachina","floor":7},{"not_picked":["Consecrate","ClearTheMind"],"picked":"EmptyMind","floor":8},{"not_picked":["EmptyFist","Protect"],"picked":"TalkToTheHand","floor":10},{"not_picked":["ForeignInfluence","CarveReality"],"picked":"CutThroughFate","floor":11},{"not_picked":["ClearTheMind","SashWhip"],"picked":"Protect","floor":13}],"player_experience":859348,"relics_obtained":[{"floor":7,"key":"Damaru"},{"floor":9,"key":"Shuriken"},{"floor":11,"key":"Ornamental Fan"},{"floor":13,"key":"Omamori"}],"event_choices":[{"damage_healed":0,"gold_gain":0,"player_choice":"Ignored","damage_taken":0,"max_hp_gain":0,"max_hp_loss":0,"event_name":"Liars Game","floor":12,"gold_loss":0},{"damage_healed":0,"gold_gain":0,"player_choice":"Bought 2 Potions","damage_taken":0,"max_hp_gain":0,"max_hp_loss":0,"event_name":"The Woman in Blue","floor":14,"gold_loss":0}],"is_beta":false,"boss_relics":[],"items_purged_floors":[],"is_endless":false,"potions_floor_spawned":[4,5,7,8,13],"killed_by":"Slime Boss","ascension_level":20}}