{"host":"8e3sp1tozjyrh64l","time":1614405090,"event":{"mods":["Act Like it!","BaseMod","Better Altar","Better Match","Better Note","Better Sensory Stone","Better Silent Start","Better Skull","Better Third Choice","BetterRewards","Conspire","Curses Come First","Defuse TimeMaze Blight","Infinite Spire","Minty Spire (QoL Compilation)","Permanent Neow","Rare Cards Sparkle","Relic Sorter","Reliquary","Replay The Spire","Shop Mod","Spicy Shops","StSLib","SuperFastMode","The Jungle","Wandering Minibosses"],"gold_per_floor":[117,117,135,135,152,182,182,207,207,207,207],"floor_reached":10,"language":"ENG","playtime":206,"items_purged":[],"score":80,"play_id":"e0f58412-af1e-4eef-9b59-b615159fbf59","local_time":"20210226225130","is_ascension_mode":true,"campfire_choices":[{"data":"Eviscerate","floor":7,"key":"SMITH"}],"circlet_count":0,"master_deck":["Strike_G","Strike_G","Strike_G","Strike_G","Defend_G","Defend_G","Defend_G","Defend_G","Survivor","Neutralize","Eviscerate+1"],"relics":["Ring of the Snake","conspire:DeflatedDodgeball","Durian","Pet Ghost","conspire:Boomerang"],"acts_visited":["Exordium"],"potions_floor_usage":[1,5,8,8],"damage_taken":[{"damage":1,"enemies":"Cultist","floor":1,"turns":5},{"damage":0,"enemies":"Jaw Worm","floor":3,"turns":6},{"damage":2,"enemies":"Small Slimes","floor":5,"turns":3},{"damage":33,"enemies":"Gremlin Nob","floor":6,"turns":6},{"damage":20,"enemies":"Lagavulin","floor":8,"turns":6},{"damage":0,"enemies":"3 Sentries","floor":10,"turns":1}],"seed_played":"-5337303194440255339","potions_obtained":[{"floor":0,"key":"GhostInAJar"},{"floor":0,"key":"FairyPotion"},{"floor":0,"key":"ColorlessPotion"},{"floor":1,"key":"Poison Potion"},{"floor":6,"key":"Swift Potion"},{"floor":8,"key":"BlessingOfTheForge"}],"is_trial":false,"path_per_floor":["M","?","M","?","M","E","R","E","T","E"],"character_chosen":"THE_SILENT","items_purchased":[],"campfire_rested":0,"item_purchase_floors":[],"current_hp_per_floor":[69,57,57,57,55,27,27,7,7,7,7],"gold":207,"neow_bonus":"THREE_SMALL_POTIONS","is_daily":false,"chose_seed":false,"campfire_upgraded":1,"win_rate":0.0,"timestamp":1614405090,"path_taken":["M","?","M","?","M","E","R","E","T","E"],"items_purchased_type":[],"build_version":"2020-12-22","purchased_purges":0,"victory":false,"max_hp_per_floor":[70,70,70,70,70,75,75,75,75,75,75],"card_choices":[{"not_picked":["Deflect","Slice","Dodge and Roll"],"picked":"SKIP","floor":1},{"not_picked":["Cloak And Dagger","Hidden Blade"],"picked":"Eviscerate","floor":3},{"not_picked":["Dagger Throw","Underhanded Strike","Hidden Blade"],"picked":"SKIP","floor":5},{"not_picked":["Acrobatics","Poisoned Stab","Dagger Throw"],"picked":"SKIP","floor":6},{"not_picked":["Blade Dance","Choke","Night Terror"],"picked":"SKIP","floor":8}],"player_experience":946793,"relics_obtained":[{"floor":6,"key":"Durian"},{"floor":8,"key":"Pet Ghost"},{"floor":9,"key":"conspire:Boomerang"}],"event_choices":[{"damage_healed":0,"gold_gain":0,"player_choice":"Relic ","damage_taken":12,"max_hp_gain":0,"max_hp_loss":0,"event_name":"betterThird:BetterScrap","floor":2,"gold_loss":0,"cards_obtained":["Aggregate"]}],"is_beta":false,"boss_relics":[],"items_purged_floors":[],"is_endless":false,"potions_floor_spawned":[1,6,8],"killed_by":"3 Sentries","ascension_level":1}}