{"host":"sad","time":1614428454,"event":{"mods":["AchievementEnabler","BaseMod","Colored Map","Googly Eyes","Minty Spire (QoL Compilation)","Permanent Neow","Relic Stats","The IronCluck"],"gold_per_floor":[115,115,115,135,135,166,248,291,303,328,340,377,389,425,437,449,449],"floor_reached":16,"language":"ENG","playtime":521,"items_purged":[],"score":220,"play_id":"c34c99c3-ea92-4d56-8d3b-5676e6153df0","local_time":"20210227042054","is_ascension_mode":true,"campfire_choices":[{"data":"Eruption","floor":11,"key":"SMITH"},{"data":"Tantrum","floor":13,"key":"SMITH"},{"data":"EmptyFist","floor":15,"key":"SMITH"}],"circlet_count":0,"master_deck":["AscendersBane","Strike_P","Strike_P","Strike_P","Strike_P","Defend_P","Defend_P","Defend_P+1","Defend_P","Eruption+1","Vigilance","CurseOfTheBell","Conclude+1","Tantrum+1","FlurryOfBlows","EmptyBody+1","EmptyFist+1","CutThroughFate","Prostrate+1"],"relics":["Calling Bell","Regal Pillow","Eternal Feather","WingedGreaves","Golden Idol","Vajra","Toxic Egg 2","MawBank","Torii"],"acts_visited":["Exordium"],"potions_floor_usage":[16,16],"damage_taken":[{"damage":1,"enemies":"2 Louse","floor":1,"turns":4},{"damage":10,"enemies":"Small Slimes","floor":4,"turns":3},{"damage":12,"enemies":"3 Sentries","floor":6,"turns":4},{"damage":8,"enemies":"Gremlin Nob","floor":8,"turns":3},{"damage":0,"enemies":"Jaw Worm","floor":10,"turns":3},{"damage":0,"enemies":"2 Fungi Beasts","floor":12,"turns":2},{"damage":1,"enemies":"Red Slaver","floor":14,"turns":2},{"damage":40,"enemies":"Hexaghost","floor":16,"turns":9}],"seed_played":"7324760510267585294","potions_obtained":[{"floor":10,"key":"Swift Potion"},{"floor":12,"key":"Weak Potion"}],"is_trial":false,"path_per_floor":["M","?","?","M","?","E","T","E","T","M","R","M","R","M","R","B"],"character_chosen":"WATCHER","items_purchased":[],"campfire_rested":0,"item_purchase_floors":[],"current_hp_per_floor":[60,60,41,31,31,19,19,11,11,11,20,20,29,28,37,0,0],"gold":449,"neow_bonus":"BOSS_RELIC","is_daily":false,"chose_seed":false,"campfire_upgraded":3,"win_rate":0.0,"timestamp":1614428454,"path_taken":["M","?","?","M","?","E","?","E","T","?","R","M","R","M","R","BOSS"],"items_purchased_type":[],"build_version":"2020-12-18","purchased_purges":0,"victory":false,"max_hp_per_floor":[68,62,62,62,62,62,62,62,62,62,62,62,62,62,62,62,62],"relic_stats":{"Regal Pillow":0,"Torii":18,"counters":[8,30],"Golden Idol":32,"Eternal Feather":27,"MawBank":96,"obtain_stats":[{"Calling Bell":0,"Regal Pillow":0,"Torii":9,"Golden Idol":2,"Vajra":6,"Eternal Feather":0,"WingedGreaves":0,"PureWater":0,"Toxic Egg 2":7,"MawBank":8},{"Calling Bell":0,"Regal Pillow":0,"Torii":4,"Golden Idol":1,"Vajra":3,"Eternal Feather":0,"WingedGreaves":0,"PureWater":0,"Toxic Egg 2":3,"MawBank":4},{"Calling Bell":0,"Regal Pillow":0,"Torii":14,"Golden Idol":4,"Vajra":11,"Eternal Feather":0,"WingedGreaves":0,"PureWater":0,"Toxic Egg 2":11,"MawBank":14}]},"card_choices":[{"not_picked":["SandsOfTime","PathToVictory"],"picked":"Conclude","floor":1},{"not_picked":["WindmillStrike","FlurryOfBlows"],"picked":"Tantrum","floor":4},{"not_picked":["Scrawl","SandsOfTime"],"picked":"FlurryOfBlows","floor":6},{"not_picked":["Worship+1","BowlingBash"],"picked":"EmptyBody+1","floor":8},{"not_picked":["ClearTheMind+1","Sanctity+1"],"picked":"EmptyFist","floor":10},{"not_picked":["Nirvana","SandsOfTime"],"picked":"CutThroughFate","floor":12},{"not_picked":["Perseverance+1","WreathOfFlame+1"],"picked":"Prostrate+1","floor":14}],"player_experience":1374058,"relics_obtained":[{"floor":0,"key":"Regal Pillow"},{"floor":0,"key":"Eternal Feather"},{"floor":0,"key":"WingedGreaves"},{"floor":6,"key":"Vajra"},{"floor":7,"key":"Toxic Egg 2"},{"floor":8,"key":"MawBank"},{"floor":9,"key":"Torii"}],"event_choices":[{"damage_healed":0,"gold_gain":0,"player_choice":"Lose Max HP","damage_taken":0,"relics_obtained":["Golden Idol"],"max_hp_gain":0,"max_hp_loss":6,"event_name":"Golden Idol","floor":2,"gold_loss":0},{"damage_healed":0,"gold_gain":0,"player_choice":"Entered Light","damage_taken":19,"max_hp_gain":0,"max_hp_loss":0,"event_name":"Shining Light","floor":3,"gold_loss":0,"cards_upgraded":["Defend_P","Conclude"]},{"damage_healed":0,"gold_gain":0,"player_choice":"Ignored","damage_taken":0,"max_hp_gain":0,"max_hp_loss":0,"event_name":"Liars Game","floor":5,"gold_loss":0}],"is_beta":true,"boss_relics":[],"items_purged_floors":[],"is_endless":false,"potions_floor_spawned":[10,12,14],"killed_by":"Hexaghost","ascension_level":20}}