{"host":"ad59wuc8ynh8u2z6","time":1614439784,"event":{"mods":["AchievementEnabler","BaseMod","Colored Powertips","DeckTracker","Highlight Path","Minty Spire (QoL Compilation)","Permanent Neow"],"gold_per_floor":[115,25,36,52,67,93,93,113,166,192,212,241,254,128,128,223,223,239,338,354,371,127,127,160,177,259,270,270,298,312,339,339,442,442,461,478,199,210,210,210,210,60,60,60,94,113,148,158,158,158],"floor_reached":51,"language":"ENG","playtime":4475,"items_purged":["Strike_B","Strike_B","Strike_B","Defend_B"],"score":1219,"play_id":"4bd547fd-8a59-4e87-a0f9-473a1941785c","local_time":"20210227162944","is_ascension_mode":true,"campfire_choices":[{"data":"Defragment","floor":7,"key":"SMITH"},{"data":"Capacitor","floor":15,"key":"SMITH"},{"data":"Coolheaded","floor":23,"key":"SMITH"},{"data":"Defragment","floor":28,"key":"SMITH"},{"data":"Coolheaded","floor":32,"key":"SMITH"},{"data":"Echo Form","floor":40,"key":"SMITH"},{"data":"Electrodynamics","floor":49,"key":"SMITH"}],"circlet_count":0,"master_deck":["Defend_B","Defend_B","Zap","Dualcast","Coolheaded+1","Capacitor+1","Coolheaded+1","Defragment+1","Electrodynamics+1","Defragment+1","Echo Form+1","Coolheaded+1"],"relics":["Velvet Choker","Toy Ornithopter","Happy Flower","Pear","Blood Vial","Coffee Dripper","Runic Capacitor","Lizard Tail","Symbiotic Virus","Unceasing Top","Gremlin Horn","SacredBark","Omamori","Toxic Egg 2","Smiling Mask","Bag of Marbles"],"acts_visited":["Exordium","TheCity","TheBeyond"],"potions_floor_usage":[10,11,13,16,50],"damage_taken":[{"damage":0,"enemies":"Cultist","floor":1,"turns":3},{"damage":0,"enemies":"Jaw Worm","floor":3,"turns":4},{"damage":3,"enemies":"Small Slimes","floor":4,"turns":5},{"damage":3,"enemies":"Exordium Wildlife","floor":5,"turns":7},{"damage":0,"enemies":"Lagavulin","floor":6,"turns":12},{"damage":4,"enemies":"3 Louse","floor":8,"turns":5},{"damage":4,"enemies":"3 Sentries","floor":10,"turns":10},{"damage":0,"enemies":"Lots of Slimes","floor":11,"turns":3},{"damage":0,"enemies":"Lagavulin","floor":12,"turns":8},{"damage":0,"enemies":"Large Slime","floor":13,"turns":6},{"damage":16,"enemies":"The Guardian","floor":16,"turns":16},{"damage":5,"enemies":"Spheric Guardian","floor":18,"turns":5},{"damage":4,"enemies":"3 Byrds","floor":20,"turns":2},{"damage":2,"enemies":"Cultist and Chosen","floor":21,"turns":6},{"damage":6,"enemies":"Gremlin Leader","floor":24,"turns":6},{"damage":2,"enemies":"Sentry and Sphere","floor":25,"turns":6},{"damage":0,"enemies":"Snecko","floor":27,"turns":6},{"damage":13,"enemies":"Book of Stabbing","floor":29,"turns":5},{"damage":14,"enemies":"Snake Plant","floor":30,"turns":4},{"damage":26,"enemies":"Slavers","floor":31,"turns":5},{"damage":0,"enemies":"Automaton","floor":33,"turns":12},{"damage":0,"enemies":"3 Shapes","floor":35,"turns":5},{"damage":4,"enemies":"3 Darklings","floor":36,"turns":4},{"damage":38,"enemies":"Jaw Worm Horde","floor":38,"turns":3},{"damage":9,"enemies":"Giant Head","floor":45,"turns":8},{"damage":18,"enemies":"4 Shapes","floor":46,"turns":5},{"damage":18,"enemies":"Reptomancer","floor":47,"turns":6},{"damage":0,"enemies":"Maw","floor":48,"turns":6},{"damage":13,"enemies":"Time Eater","floor":50,"turns":8}],"seed_played":"4334664152230698529","potions_obtained":[{"floor":5,"key":"Block Potion"},{"floor":6,"key":"BlessingOfTheForge"},{"floor":8,"key":"Explosive Potion"},{"floor":11,"key":"LiquidMemories"},{"floor":12,"key":"Fire Potion"},{"floor":20,"key":"Energy Potion"},{"floor":25,"key":"FairyPotion"},{"floor":30,"key":"DuplicationPotion"},{"floor":31,"key":"FairyPotion"}],"is_trial":false,"path_per_floor":["M","$","M","M","M","E","R","M","T","E","M","E","M","$","R","B",null,"M","?","M","M","$","R","E","M","T","M","R","E","M","E","R","B",null,"M","M","$","M","?","R","?","$","T","?","E","M","E","M","R","B",null],"character_chosen":"DEFECT","items_purchased":["Capacitor","Coolheaded","FocusPotion","Runic Capacitor","Omamori"],"campfire_rested":0,"item_purchase_floors":[2,2,14,22,37],"current_hp_per_floor":[68,68,68,65,62,62,62,58,58,69,74,74,81,81,81,69,81,78,78,76,76,76,76,72,72,72,74,74,63,51,27,27,29,71,73,71,71,35,35,35,35,35,35,35,28,12,51,53,53,47],"gold":158,"neow_bonus":"BOSS_RELIC","is_daily":false,"chose_seed":false,"campfire_upgraded":7,"win_rate":0.0,"timestamp":1614439784,"path_taken":["M","$","M","M","M","E","R","?","T","E","M","E","M","$","R","BOSS","M","?","M","M","$","R","E","M","T","M","R","E","M","E","R","BOSS","M","M","$","M","?","R","?","?","T","?","E","M","E","M","R","BOSS"],"items_purchased_type":["Card","Card","Potion","Relic","Relic"],"build_version":"2020-12-22","purchased_purges":4,"victory":true,"max_hp_per_floor":[75,75,75,75,75,75,75,75,75,85,85,85,85,85,85,85,85,85,85,85,85,85,85,85,85,85,85,85,85,85,85,85,85,85,85,85,85,85,85,85,85,85,85,85,85,85,85,85,85,85],"card_choices":[{"not_picked":["Beam Cell","Hologram"],"picked":"Coolheaded","floor":1},{"not_picked":["BootSequence","Cold Snap","Ball Lightning"],"picked":"SKIP","floor":3},{"not_picked":["Ball Lightning","Sweeping Beam"],"picked":"Defragment","floor":4},{"not_picked":["Leap","Turbo","Barrage"],"picked":"SKIP","floor":5},{"not_picked":["Barrage","Steam","Multi-Cast"],"picked":"SKIP","floor":6},{"not_picked":["Cold Snap","Reinforced Body","Redo"],"picked":"SKIP","floor":8},{"not_picked":["Turbo","Reinforced Body","Conserve Battery"],"picked":"SKIP","floor":10},{"not_picked":["Hologram","Stack","Barrage"],"picked":"SKIP","floor":11},{"not_picked":["Turbo","Sweeping Beam","Conserve Battery"],"picked":"SKIP","floor":12},{"not_picked":["Compile Driver","Auto Shields","Skim"],"picked":"SKIP","floor":13},{"not_picked":["Thunder Strike","Multi-Cast"],"picked":"Electrodynamics","floor":16},{"not_picked":["Stack","Gash","Ball Lightning"],"picked":"SKIP","floor":18},{"not_picked":["FTL","Hello World","Conserve Battery"],"picked":"SKIP","floor":20},{"not_picked":["Sweeping Beam","Rainbow","Conserve Battery"],"picked":"SKIP","floor":21},{"not_picked":["Hologram","Force Field"],"picked":"Defragment","floor":24},{"not_picked":["Conserve Battery","Blizzard"],"picked":"Echo Form","floor":25},{"not_picked":["Storm","Hologram+1","Fusion"],"picked":"SKIP","floor":27},{"not_picked":["Reprogram","Streamline","Conserve Battery"],"picked":"SKIP","floor":29},{"not_picked":["Ball Lightning","Undo","Turbo"],"picked":"SKIP","floor":30},{"not_picked":["Hello World+1","Conserve Battery","Tempest+1"],"picked":"SKIP","floor":31},{"not_picked":["Conserve Battery+1","Self Repair+1","Force Field+1"],"picked":"SKIP","floor":35},{"not_picked":["Stack","Genetic Algorithm","Sweeping Beam+1"],"picked":"SKIP","floor":36},{"not_picked":["Melter+1","Redo+1","Cold Snap+1"],"picked":"SKIP","floor":38},{"not_picked":["Static Discharge+1","Force Field+1","Streamline"],"picked":"SKIP","floor":45},{"not_picked":["Reprogram+1","Rebound+1","Lockon+1"],"picked":"SKIP","floor":46},{"not_picked":["Rebound","Conserve Battery+1"],"picked":"Coolheaded+1","floor":47},{"not_picked":["Scrape","Double Energy+1","Darkness+1"],"picked":"SKIP","floor":48}],"player_experience":149685,"relics_obtained":[{"floor":6,"key":"Toy Ornithopter"},{"floor":9,"key":"Happy Flower"},{"floor":10,"key":"Pear"},{"floor":12,"key":"Blood Vial"},{"floor":24,"key":"Lizard Tail"},{"floor":26,"key":"Symbiotic Virus"},{"floor":29,"key":"Unceasing Top"},{"floor":31,"key":"Gremlin Horn"},{"floor":43,"key":"Toxic Egg 2"},{"floor":45,"key":"Smiling Mask"},{"floor":47,"key":"Bag of Marbles"}],"event_choices":[{"damage_healed":0,"gold_gain":99,"player_choice":"Stole From Cult","damage_taken":0,"max_hp_gain":0,"max_hp_loss":0,"event_name":"Nest","floor":19,"gold_loss":0},{"cards_removed":["Strike_B"],"damage_healed":0,"gold_gain":0,"player_choice":"Removed Attack","damage_taken":0,"max_hp_gain":0,"max_hp_loss":0,"event_name":"Falling","floor":39,"gold_loss":0},{"damage_healed":0,"gold_gain":0,"player_choice":"Ignored","damage_taken":0,"max_hp_gain":0,"max_hp_loss":0,"event_name":"The Moai Head","floor":41,"gold_loss":0},{"cards_removed":["Defend_B"],"damage_healed":0,"gold_gain":0,"player_choice":"Purged","damage_taken":0,"max_hp_gain":0,"max_hp_loss":0,"event_name":"Purifier","floor":44,"gold_loss":0}],"is_beta":false,"boss_relics":[{"not_picked":["Cursed Key","Pandora\u0027s Box"],"picked":"Coffee Dripper"},{"not_picked":["Runic Pyramid","Nuclear Battery"],"picked":"SacredBark"}],"items_purged_floors":[14,22,37,42],"is_endless":false,"potions_floor_spawned":[5,6,8,11,12,20,25,27,30,31,45],"ascension_level":9}}