{"host":"hemqwg9ve6welna9","time":1614394453,"event":{"mods":["2.2 Compatiblity","AchievementEnabler","Act Like it!","Aya Shameimaru","BaseMod","Beaked The Cultist","Bestiary","Better Match","Better Note","Better Third Choice","BetterRewards","Bossed Relics","Conspire","Curses Come First","Dio Mod","Downfall","Gremlin Mod","GungeonMod","Hermit","Highlight Path","Hubris","Marisa????????","Melee Mod","Minty Spire (QoL Compilation)","Morshu Shopkeeper","Morshu Shopkeeper - ENHANCED","Permanent Neow","Potionbrewer","Quick Restart","Rare Cards Sparkle","Relic Stats","Reliquary","Robot Space Explorer","Ruina","SOS???????","Shop Mod","Small Relic Pack","StSLib","SuperFastMode","Td1madao Mod","The Animator","The Bug Knight","The Construct","The Cursed","The Disciple","The Forsaken","The Hierophant","The Jungle","The Marked","The Runesmith","The Senshi","The Servant 0.9.4","The Wild Card","TheBandit","TheVacant","Transform Curses","UnlockEverythingMod","everything is the same but u backflip on backflip"],"gold_per_floor":[116,116,37,78,96,96,125,125,125,151,171,171,171,193,193,289,289,308,327,84,94,104,104,104,120,120,133,133,162,181,181,181,282,307,343,343,343,343],"floor_reached":37,"language":"ENG","playtime":3731,"items_purged":[],"score":426,"play_id":"8375d934-363f-493b-964b-a0e0f82970b4","local_time":"20210226205413","is_ascension_mode":false,"campfire_choices":[{"data":"animator:Sloth","floor":6.0,"key":"SMITH"},{"data":"animator:YunYun","floor":15.0,"key":"SMITH"},{"floor":23,"key":"RECALL"},{"data":"animator:Father","floor":32,"key":"SMITH"}],"circlet_count":0,"master_deck":["animator:Strike_Konosuba","animator:Defend_Konosuba","animator:Strike","animator:Strike","animator:Strike","animator:Defend","animator:Defend","animator:Defend+1","animator:Kazuma","animator:Aqua","animator:Sloth+1","animator:Kaijin","animator:Caster","animator:SilverFang","animator:Aqua","animator:WinryRockbell","animator:Mitsurugi","animator:Mikaela","animator:Mitsuba","animator:Mitsuba","animator:LizardPriest","animator:Verdia","animator:WinryRockbell","animator:ElricEdward","animator:YunYun+1","animator:Greed","animator:RoyMustang","animator:Archer+1","animator:Sebas+1","animator:Gluttony","animator:MisakiNakahara","animator:Melzalgald","animator:Sloth+1","animator:Envy","animator:ElricAlphonse","animator:Assassin+1","animator:Megumin","animator:TukaLunaMarceau","animator:RoyMustang","animator:MaesHughes+1","animator:Gilgamesh+2","animator:Mikaela","animator:YunYun"],"relics":["animator:LivingPicture","animator:TheMissingPiece","animator:PurgingStone","DemoMod:MeatBun","Prayer Wheel","TheAbacus","DemoMod:WhiteGuonStone","Paper Crane","HollowMod:PaleOreRelic","animator:Buoy","Mango","reliquary:RedPaperclip","relicPack:InfinityGauntlet","Akabeko","Philosopher\u0027s Stone","animator:HolyGrailRelic"],"acts_visited":["Exordium","TheCity","TheBeyond"],"potions_floor_usage":[18,22,30,33,33,37,37],"damage_taken":[{"damage":0.0,"enemies":"conspire:RoseBush","floor":1.0,"turns":1.0},{"damage":0.0,"enemies":"Cultist","floor":4.0,"turns":3.0},{"damage":0.0,"enemies":"2 Louse","floor":5.0,"turns":2.0},{"damage":27.0,"enemies":"Gremlin Nob","floor":7.0,"turns":5.0},{"damage":7.0,"enemies":"HollowMod:MossKnight","floor":10.0,"turns":7.0},{"damage":11.0,"enemies":"Gremlin Gang","floor":11.0,"turns":3.0},{"damage":3.0,"enemies":"Looter","floor":14.0,"turns":3.0},{"damage":18,"enemies":"The Guardian","floor":16,"turns":12},{"damage":0,"enemies":"Chosen","floor":18,"turns":7},{"damage":9,"enemies":"Spheric Guardian","floor":19,"turns":6},{"damage":8,"enemies":"3 Cultists","floor":21,"turns":5},{"damage":18,"enemies":"Shelled Parasite and Fungi","floor":22,"turns":4},{"damage":11,"enemies":"Centurion and Healer","floor":25,"turns":6},{"damage":20,"enemies":"Sentry and Sphere","floor":27,"turns":6},{"damage":12,"enemies":"HollowMod:Nosk","floor":29,"turns":9},{"damage":5,"enemies":"Snake Plant","floor":30,"turns":3},{"damage":25,"enemies":"conspire:MysteriousRune","floor":33,"turns":12},{"damage":8,"enemies":"Orb Walker","floor":35,"turns":3},{"damage":55,"enemies":"conspire:OrnateMirror","floor":37,"turns":4}],"seed_played":"8933124673031854597","potions_obtained":[{"floor":1.0,"key":"Dexterity Potion"},{"floor":5.0,"key":"Energy Potion"},{"floor":10.0,"key":"FearPotion"},{"floor":21,"key":"LiquidMemories"},{"floor":22,"key":"potionbrewer:BarricadePotion"},{"floor":29,"key":"potionbrewer:StunPotion"},{"floor":31,"key":"DuplicationPotion"},{"floor":33,"key":"champ:CounterPotion"}],"is_trial":false,"path_per_floor":["M","?","$","M","M","R","E","?","T","E","M","?","?","M","R","B",null,"M","M","$","M","M","R","?","M","T","M","?","E","M","?","R","B",null,"M","?","B"],"character_chosen":"THE_ANIMATOR","items_purchased":["DemoMod:MeatBun","animator:Sloth","TheAbacus","animator:Kaijin","animator:Caster","animator:WinryRockbell","relicPack:InfinityGauntlet","animator:MisakiNakahara"],"campfire_rested":0,"item_purchase_floors":[0,0,0,0,0,3,20,20],"current_hp_per_floor":[49,66,66,66,67,67,42,42,42,39,31,34,34,33,33,19,82,82,73,73,67,57,57,57,50,50,37,37,34,31,31,31,12,56,50,50,0,0],"gold":343,"neow_bonus":"","is_daily":false,"chose_seed":false,"campfire_upgraded":3,"win_rate":0.0,"timestamp":1614394453,"path_taken":["M","?","$","?","M","R","E","?","T","E","M","?","?","M","R","BOSS","M","M","$","?","M","R","?","M","T","M","?","E","M","?","R","BOSS","M","?","BOSS"],"items_purchased_type":["Relic","Card","Relic","Card","Card","Card","Relic","Card"],"build_version":"2020-12-22","purchased_purges":0,"victory":false,"max_hp_per_floor":[66,66,66,66,67,67,67,67,67,67,68,82,82,82,82,82,82,82,82,82,82,82,82,82,82,82,83,83,83,83,83,83,48,56,58,58,58,58],"relic_stats":{"TheAbacus":[66],"counters":[26,130],"Prayer Wheel":13,"obtain_stats":[{"animator:TheMissingPiece":0,"Mango":12,"DemoMod:GlassGuonStoneRelic":7,"DemoMod:WhiteGuonStone":8,"Ancient Tea Set":10,"relicPack:InfinityGauntlet":20,"potionbrewer:RamsHorn":13,"TheAbacus":0,"animator:PurgingStone":0,"Prayer Wheel":0,"hubris:DeckOfHolding":7,"Philosopher\u0027s Stone":33,"DemoMod:GnawedKey":8,"HollowMod:PaleOreRelic":10,"theSenshi:SailorFukuRelic":8,"InkBottle":4,"animator:Buoy":12,"NeowsBlessing":0,"DemoMod:OrangeGuonStone":9,"The Courier":5,"Paper Crane":9,"Akabeko":29,"potionbrewer:Torch":7,"animator:HolyGrailRelic":34,"reliquary:RedPaperclip":17,"DemoMod:MeatBun":0,"animator:LivingPicture":0},{"animator:TheMissingPiece":0,"Mango":13,"DemoMod:GlassGuonStoneRelic":4,"DemoMod:WhiteGuonStone":11,"Ancient Tea Set":5,"relicPack:InfinityGauntlet":17,"potionbrewer:RamsHorn":13,"TheAbacus":7,"animator:PurgingStone":0,"Prayer Wheel":7,"hubris:DeckOfHolding":11,"Philosopher\u0027s Stone":24,"DemoMod:GnawedKey":4,"HollowMod:PaleOreRelic":12,"theSenshi:SailorFukuRelic":4,"InkBottle":3,"animator:Buoy":13,"NeowsBlessing":0,"DemoMod:OrangeGuonStone":4,"The Courier":3,"Paper Crane":11,"Akabeko":22,"potionbrewer:Torch":4,"animator:HolyGrailRelic":24,"reliquary:RedPaperclip":15,"DemoMod:MeatBun":7,"animator:LivingPicture":0},{"animator:TheMissingPiece":0,"Mango":50,"DemoMod:GlassGuonStoneRelic":18,"DemoMod:WhiteGuonStone":40,"Ancient Tea Set":26,"relicPack:InfinityGauntlet":78,"potionbrewer:RamsHorn":50,"TheAbacus":29,"animator:PurgingStone":0,"Prayer Wheel":29,"hubris:DeckOfHolding":40,"Philosopher\u0027s Stone":117,"DemoMod:GnawedKey":18,"HollowMod:PaleOreRelic":47,"theSenshi:SailorFukuRelic":18,"InkBottle":3,"animator:Buoy":50,"NeowsBlessing":0,"DemoMod:OrangeGuonStone":18,"The Courier":3,"Paper Crane":40,"Akabeko":108,"potionbrewer:Torch":18,"animator:HolyGrailRelic":123,"reliquary:RedPaperclip":65,"DemoMod:MeatBun":29,"animator:LivingPicture":0}]},"card_choices":[{"not_picked":["animator:Chris","animator:GazelDwargon"],"picked":"animator:SilverFang","floor":1.0},{"not_picked":["animator:LeleiLaLalena","animator:Hakurou"],"picked":"animator:Aqua","floor":1.0},{"not_picked":["animator:Chris","animator:TukaLunaMarceau"],"picked":"animator:Mitsurugi","floor":4.0},{"not_picked":["animator:Arpeggio","animator:Priestess"],"picked":"animator:Mikaela","floor":4.0},{"not_picked":["animator:Ainz","animator:CowGirl"],"picked":"animator:Mitsuba","floor":5.0},{"not_picked":["animator:GuildGirl","animator:Assassin"],"picked":"animator:Mitsuba","floor":5.0},{"not_picked":["animator:ElricAlphonse","animator:WinryRockbell"],"picked":"animator:RoyMustang","floor":7.0},{"not_picked":["animator:Sonic","animator:DwarfShaman"],"picked":"animator:LizardPriest","floor":10.0},{"not_picked":["animator:Chris","animator:Bozes"],"picked":"animator:Verdia","floor":11.0},{"not_picked":["animator:Archer","animator:Shizu"],"picked":"animator:WinryRockbell","floor":11.0},{"not_picked":["animator:Mitsuba","animator:Shuna"],"picked":"animator:ElricEdward","floor":14.0},{"not_picked":["animator:DwarfShaman","animator:Souei"],"picked":"animator:YunYun","floor":14.0},{"not_picked":["animator:Saitama","animator:Gilgamesh"],"picked":"animator:Greed","floor":16},{"not_picked":["animator:MaesHughes","animator:ElricAlphonse"],"picked":"animator:RoyMustang","floor":18},{"not_picked":["animator:Demiurge","animator:DwarfShaman"],"picked":"animator:Archer+1","floor":18},{"not_picked":["animator:ShinjiMatou","animator:Tatsumaki"],"picked":"animator:Sebas+1","floor":19},{"not_picked":["animator:Souei","animator:ShinjiMatou"],"picked":"animator:Gluttony","floor":19},{"not_picked":["animator:Shizu","animator:Sonic"],"picked":"animator:Melzalgald","floor":21},{"not_picked":["animator:Kaijin","animator:Kazuma","animator:KrulTepes"],"picked":"SKIP","floor":21},{"not_picked":["animator:Alexander","animator:ElricEdward+1"],"picked":"animator:Sloth+1","floor":22},{"not_picked":["animator:Shalltear","animator:KrulTepes+1"],"picked":"animator:Envy","floor":22},{"not_picked":["animator:Gluttony","animator:RoyMustang"],"picked":"animator:ElricAlphonse","floor":25},{"not_picked":["animator:Yoichi","animator:Shigure"],"picked":"animator:Assassin+1","floor":25},{"not_picked":["animator:Cocytus","animator:Shinoa"],"picked":"animator:Megumin","floor":27},{"not_picked":["animator:EmiyaShirou","animator:Gluttony"],"picked":"animator:TukaLunaMarceau","floor":27},{"not_picked":["animator:Shinoa","animator:SilverFang"],"picked":"animator:RoyMustang","floor":29},{"not_picked":["animator:RoyMustang","animator:Hakurou"],"picked":"animator:MaesHughes+1","floor":30},{"not_picked":["animator:Mikaela","animator:SilverFang"],"picked":"animator:Father","floor":30},{"not_picked":["animator:Guren","animator:Saitama"],"picked":"animator:Gilgamesh","floor":33},{"not_picked":["animator:Kazuma","animator:RinTohsaka+1"],"picked":"animator:Mikaela","floor":35},{"not_picked":["animator:Mitsurugi","animator:Verdia"],"picked":"animator:YunYun","floor":35}],"player_experience":58447,"relics_obtained":[{"floor":7.0,"key":"hubris:DeckOfHolding"},{"floor":9.0,"key":"Paper Crane"},{"floor":10.0,"key":"HollowMod:PaleOreRelic"},{"floor":29,"key":"Akabeko"}],"event_choices":[{"damage_healed":17.0,"max_hp_gain":0.0,"max_hp_loss":0.0,"gold_gain":0.0,"event_name":"Wheel of Change","player_choice":"Full Heal","floor":2.0,"gold_loss":0.0,"damage_taken":0.0},{"damage_healed":0.0,"max_hp_gain":0.0,"max_hp_loss":0.0,"gold_gain":0.0,"event_name":"Big Fish","player_choice":"Box","floor":8.0,"gold_loss":0.0,"damage_taken":0.0,"relics_obtained":["DemoMod:WhiteGuonStone"],"cards_obtained":["Regret"]},{"damage_healed":0.0,"max_hp_gain":0.0,"max_hp_loss":0.0,"gold_gain":1.0,"event_name":"betterThird:BetterScrap","player_choice":"Relic Relic ","floor":12.0,"gold_loss":0.0,"damage_taken":11.0,"cards_obtained":["Glacier"]},{"cards_removed":["animator:RoyMustang"],"damage_healed":0.0,"max_hp_gain":0.0,"max_hp_loss":0.0,"gold_gain":0.0,"event_name":"WeMeetAgain","player_choice":"Gave Card","floor":13.0,"gold_loss":0.0,"damage_taken":0.0,"relics_obtained":["potionbrewer:RamsHorn"]},{"cards_removed":["Regret"],"damage_healed":0,"gold_gain":0,"player_choice":"Purged","damage_taken":0,"max_hp_gain":0,"max_hp_loss":0,"event_name":"Purifier","floor":24,"gold_loss":0},{"damage_healed":0,"gold_gain":0,"player_choice":"Bought 0 Potions","damage_taken":0,"max_hp_gain":0,"max_hp_loss":0,"event_name":"The Woman in Blue","floor":28,"gold_loss":0},{"damage_healed":0,"gold_gain":0,"player_choice":"Got Potions","damage_taken":0,"max_hp_gain":0,"max_hp_loss":0,"event_name":"Lab","floor":31,"gold_loss":0},{"damage_healed":0,"gold_gain":0,"player_choice":"Portal","damage_taken":0,"max_hp_gain":0,"max_hp_loss":0,"event_name":"betterThird:BetterPortal","floor":36,"gold_loss":0}],"is_beta":false,"boss_relics":[{"not_picked":["Black Star","Runesmith:UraniumAnvil"],"picked":"reliquary:RedPaperclip"},{"not_picked":["beaked:SacredDeck","animator:CursedBlade"],"picked":"animator:HolyGrailRelic"}],"items_purged_floors":[],"is_endless":false,"potions_floor_spawned":[1,5,10,21,22,27,29,33,35],"killed_by":"conspire:OrnateMirror","ascension_level":0}}