{"host":"wbs0wzz0alz01mnq","time":1614406931,"event":{"mods":["2.2 Compatiblity","AchievementEnabler","BaseMod","Bestiary","Colored Map","Colored Powertips","Curses Come First","Dark Map","DeckTracker","GifTheSpireLib","Googly Eyes","Highlight Path","Minty Spire (QoL Compilation)","Morshu Shopkeeper - ENHANCED","Permanent Neow","Quick Restart","RNG Fix","Rare Cards Sparkle","Robot Space Explorer","Smile Girya","StSLib","UnlockEverythingMod","Waifu the Spire","Weighted Paths"],"gold_per_floor":[113,127,144,164,264,292,306,335,335,335,60,60,88,102,102,197,197,208,220,63,63,63,63,94,94,94,94,109,109,109,120,120,218,218,234,245,245,295,308,308,339,339,365,22,72,72,72,72],"floor_reached":47,"language":"ENG","playtime":2036,"items_purged":[],"score":593,"play_id":"be8816d5-11d4-40e2-8060-9e5be6f95ce3","local_time":"20210227012211","is_ascension_mode":true,"campfire_choices":[{"data":"RobotSpaceExplorer:ExhaustFan","floor":10,"key":"SMITH"},{"data":"RobotSpaceExplorer:Discharger","floor":12,"key":"SMITH"},{"data":"RobotSpaceExplorer:Scanner","floor":15,"key":"SMITH"},{"data":"RobotSpaceExplorer:Fix","floor":23,"key":"SMITH"},{"data":"RobotSpaceExplorer:Fix","floor":25,"key":"SMITH"},{"data":"RobotSpaceExplorer:SelfCleaning","floor":27,"key":"SMITH"},{"data":"RobotSpaceExplorer:StarLightning","floor":32,"key":"SMITH"},{"data":"RobotSpaceExplorer:StarDust","floor":40,"key":"SMITH"},{"data":"RobotSpaceExplorer:StarDust","floor":46,"key":"SMITH"}],"circlet_count":0,"master_deck":["RobotSpaceExplorer:Strike","RobotSpaceExplorer:Strike","RobotSpaceExplorer:Strike","RobotSpaceExplorer:Defend","RobotSpaceExplorer:Defend","RobotSpaceExplorer:Defend","RobotSpaceExplorer:Defend","RobotSpaceExplorer:Scan","RobotSpaceExplorer:MiniLasers","RobotSpaceExplorer:Blaster","RobotSpaceExplorer:SurgingStrike","RobotSpaceExplorer:SurgingShield","RobotSpaceExplorer:ShockKick","RobotSpaceExplorer:ChargingLaser","RobotSpaceExplorer:SurgingShield","RobotSpaceExplorer:ExhaustFan+1","RobotSpaceExplorer:Scanner+1","RobotSpaceExplorer:Discharger+1","RobotSpaceExplorer:SurgingShield","RobotSpaceExplorer:Smokescreen","RobotSpaceExplorer:StarLightning+1","RobotSpaceExplorer:Blaster","RobotSpaceExplorer:Pulsar+1","RobotSpaceExplorer:SlimeMissile+1","RobotSpaceExplorer:Fix+1","RobotSpaceExplorer:Fix+1","RobotSpaceExplorer:SelfCleaning+1","RobotSpaceExplorer:HighVoltage+1","RobotSpaceExplorer:Pulsar","RobotSpaceExplorer:StarDust+1","RobotSpaceExplorer:ShockKick","RobotSpaceExplorer:Pulsar","RobotSpaceExplorer:ScrapMissile","RobotSpaceExplorer:Electroshield+1","RobotSpaceExplorer:StarDust+1","RobotSpaceExplorer:ScrapToss","RobotSpaceExplorer:Jetpack","RobotSpaceExplorer:SelfCleaning"],"relics":["RobotSpaceExplorer:TurboCore","RobotSpaceExplorer:PlasmaHourglass","Smiling Mask","Kunai","ClockworkSouvenir","PreservedInsect","Juzu Bracelet","Akabeko","Blue Candle","RobotSpaceExplorer:Reprocessor","Lizard Tail","Mercury Hourglass","Regal Pillow","Medical Kit","RobotSpaceExplorer:ToughPlating"],"acts_visited":["Exordium","TheCity","TheBeyond"],"potions_floor_usage":[8,8,16,16,33,45,45,45,47],"damage_taken":[{"damage":0.0,"enemies":"Cultist","floor":1.0,"turns":3.0},{"damage":0.0,"enemies":"2 Louse","floor":2.0,"turns":3.0},{"damage":0.0,"enemies":"Small Slimes","floor":3.0,"turns":2.0},{"damage":0.0,"enemies":"Blue Slaver","floor":4.0,"turns":2.0},{"damage":17.0,"enemies":"Gremlin Nob","floor":6.0,"turns":4.0},{"damage":1.0,"enemies":"Large Slime","floor":7.0,"turns":4.0},{"damage":0,"enemies":"3 Sentries","floor":8,"turns":8},{"damage":16,"enemies":"Lagavulin","floor":13,"turns":5},{"damage":23,"enemies":"Gremlin Gang","floor":14,"turns":5},{"damage":10,"enemies":"Slime Boss","floor":16,"turns":6},{"damage":11,"enemies":"Chosen","floor":18,"turns":4},{"damage":3,"enemies":"Shell Parasite","floor":19,"turns":3},{"damage":44,"enemies":"Slavers","floor":24,"turns":5},{"damage":14,"enemies":"Snake Plant","floor":28,"turns":4},{"damage":2,"enemies":"3 Cultists","floor":31,"turns":2},{"damage":24,"enemies":"Champ","floor":33,"turns":12},{"damage":6,"enemies":"Orb Walker","floor":35,"turns":3},{"damage":25,"enemies":"3 Darklings","floor":36,"turns":6},{"damage":20,"enemies":"Mind Bloom Boss Battle","floor":38,"turns":7},{"damage":2,"enemies":"4 Shapes","floor":39,"turns":5},{"damage":21,"enemies":"Reptomancer","floor":41,"turns":3},{"damage":57,"enemies":"2 Orb Walkers","floor":45,"turns":5},{"damage":79,"enemies":"Nemesis","floor":47,"turns":4}],"seed_played":"-1554168541831680425","potions_obtained":[{"floor":3.0,"key":"BlessingOfTheForge"},{"floor":6.0,"key":"RobotSpaceExplorer:LiquidFusion"},{"floor":8,"key":"SmokeBomb"},{"floor":13,"key":"PowerPotion"},{"floor":14,"key":"DistilledChaos"},{"floor":16,"key":"GamblersBrew"},{"floor":24,"key":"LiquidBronze"},{"floor":28,"key":"Block Potion"},{"floor":30,"key":"Explosive Potion"},{"floor":35,"key":"Regen Potion"},{"floor":41,"key":"EssenceOfSteel"},{"floor":45,"key":"FearPotion"}],"is_trial":false,"path_per_floor":["M","M","M","M","?","E","M","E","T","R","$","R","E","M","R","B",null,"M","M","$","?","?","R","E","R","T","R","M","?","?","M","R","B",null,"M","M","?","?","M","R","E","?","T","$","?","R","E"],"character_chosen":"RobotSpaceExplorer","items_purchased":["RobotSpaceExplorer:Discharger","RobotSpaceExplorer:SurgingShield","ClockworkSouvenir","Juzu Bracelet","Medical Kit","RobotSpaceExplorer:StarDust","RobotSpaceExplorer:ScrapToss","RobotSpaceExplorer:Jetpack"],"campfire_rested":0,"item_purchase_floors":[11,11,11,20,44,44,44,44],"current_hp_per_floor":[75,75,75,75,75,58,57,57,57,57,57,57,41,18,18,8,75,64,61,61,61,61,61,27,27,27,27,25,25,25,23,23,11,75,69,56,56,48,52,52,31,31,31,31,44,44,0,0],"gold":72,"neow_bonus":"ONE_RANDOM_RARE_CARD","is_daily":false,"chose_seed":false,"campfire_upgraded":9,"win_rate":0.0,"timestamp":1614406931,"path_taken":["M","M","M","M","?","E","M","E","T","R","$","R","E","M","R","BOSS","M","M","$","?","?","R","E","R","T","R","M","?","?","M","R","BOSS","M","M","?","?","M","R","E","?","T","$","?","R","E"],"items_purchased_type":["Card","Card","Relic","Relic","Relic","Card","Card","Card"],"build_version":"2020-12-22","purchased_purges":0,"victory":false,"max_hp_per_floor":[75,75,75,75,75,75,75,75,75,75,75,75,75,75,75,75,75,75,75,75,75,75,75,75,75,75,75,75,75,75,75,75,75,75,75,75,75,75,75,75,75,75,75,75,75,75,75,75],"card_choices":[{"not_picked":["RobotSpaceExplorer:ShovelStrike","RobotSpaceExplorer:SlimeMissile"],"picked":"RobotSpaceExplorer:SurgingStrike","floor":1.0},{"not_picked":["RobotSpaceExplorer:MetalStrike","RobotSpaceExplorer:BigMissile"],"picked":"RobotSpaceExplorer:SurgingShield","floor":2.0},{"not_picked":["RobotSpaceExplorer:PlasmaMissile","RobotSpaceExplorer:SurgingStrike"],"picked":"RobotSpaceExplorer:ShockKick","floor":3.0},{"not_picked":["RobotSpaceExplorer:MiniDrones","RobotSpaceExplorer:PlasmaMissile"],"picked":"RobotSpaceExplorer:ChargingLaser","floor":4.0},{"not_picked":["RobotSpaceExplorer:Smokescreen","RobotSpaceExplorer:BlastShield"],"picked":"RobotSpaceExplorer:SurgingShield","floor":6.0},{"not_picked":["RobotSpaceExplorer:ImprovisedAttack","RobotSpaceExplorer:SurgingShield"],"picked":"RobotSpaceExplorer:ExhaustFan","floor":7.0},{"not_picked":["RobotSpaceExplorer:Pulsar","RobotSpaceExplorer:FreezingShield"],"picked":"RobotSpaceExplorer:Scanner","floor":8},{"not_picked":["RobotSpaceExplorer:LaserBurst","RobotSpaceExplorer:Counterblock"],"picked":"RobotSpaceExplorer:Smokescreen","floor":13},{"not_picked":["RobotSpaceExplorer:Counterblock","RobotSpaceExplorer:IronShell"],"picked":"RobotSpaceExplorer:StarLightning","floor":14},{"not_picked":["RobotSpaceExplorer:ShockMissile","RobotSpaceExplorer:Multitool"],"picked":"RobotSpaceExplorer:Blaster","floor":16},{"not_picked":["RobotSpaceExplorer:Reload+1","RobotSpaceExplorer:ShovelStrike+1"],"picked":"RobotSpaceExplorer:Pulsar+1","floor":18},{"not_picked":["RobotSpaceExplorer:Calculate","RobotSpaceExplorer:ImprovisedAttack"],"picked":"RobotSpaceExplorer:SlimeMissile+1","floor":19},{"not_picked":["RobotSpaceExplorer:SurgingStrike","RobotSpaceExplorer:ShovelStrike"],"picked":"RobotSpaceExplorer:SelfCleaning","floor":24},{"not_picked":["RobotSpaceExplorer:SurgingStrike","RobotSpaceExplorer:LuckyStrike"],"picked":"RobotSpaceExplorer:HighVoltage","floor":28},{"not_picked":["RobotSpaceExplorer:ImprovisedAttack","RobotSpaceExplorer:MiniBoosters+1"],"picked":"RobotSpaceExplorer:Pulsar","floor":31},{"not_picked":["RobotSpaceExplorer:BlastShield","RobotSpaceExplorer:Asteroid"],"picked":"RobotSpaceExplorer:ShockMissile","floor":33},{"not_picked":["RobotSpaceExplorer:GlueSpray+1","RobotSpaceExplorer:ImprovisedAttack"],"picked":"RobotSpaceExplorer:StarDust","floor":35},{"not_picked":["RobotSpaceExplorer:StunGrenade","RobotSpaceExplorer:MakeshiftVolley+1"],"picked":"RobotSpaceExplorer:ShockKick","floor":36},{"not_picked":["RobotSpaceExplorer:TurboDodge+1","RobotSpaceExplorer:MakeshiftVolley"],"picked":"RobotSpaceExplorer:Pulsar","floor":38},{"not_picked":["RobotSpaceExplorer:StunGrenade","RobotSpaceExplorer:GlueShot"],"picked":"RobotSpaceExplorer:ScrapMissile","floor":39},{"not_picked":["RobotSpaceExplorer:DoubleBlock","RobotSpaceExplorer:SurgingShield+1"],"picked":"RobotSpaceExplorer:Electroshield+1","floor":41},{"not_picked":["RobotSpaceExplorer:SlimeMissile","RobotSpaceExplorer:RigExplosive+1"],"picked":"RobotSpaceExplorer:SelfCleaning","floor":45}],"player_experience":73346,"relics_obtained":[{"floor":6.0,"key":"RobotSpaceExplorer:PlasmaHourglass"},{"floor":8,"key":"Smiling Mask"},{"floor":9,"key":"Kunai"},{"floor":13,"key":"PreservedInsect"},{"floor":24,"key":"Akabeko"},{"floor":26,"key":"Blue Candle"},{"floor":38,"key":"Lizard Tail"},{"floor":41,"key":"Mercury Hourglass"},{"floor":43,"key":"Regal Pillow"},{"floor":45,"key":"RobotSpaceExplorer:ToughPlating"}],"event_choices":[{"damage_healed":0.0,"max_hp_gain":0.0,"max_hp_loss":0.0,"gold_gain":100.0,"event_name":"Wheel of Change","player_choice":"Gold","floor":5.0,"gold_loss":0.0,"damage_taken":0.0},{"damage_healed":0,"gold_gain":0,"cards_transformed":["RobotSpaceExplorer:Strike"],"player_choice":"Transformed","damage_taken":0,"max_hp_gain":0,"max_hp_loss":0,"event_name":"Transmorgrifier","floor":21,"gold_loss":0,"cards_obtained":["RobotSpaceExplorer:Fix"]},{"damage_healed":0,"gold_gain":0,"player_choice":"Read","damage_taken":0,"max_hp_gain":0,"max_hp_loss":0,"event_name":"The Library","floor":22,"gold_loss":0,"cards_obtained":["RobotSpaceExplorer:Fix"]},{"damage_healed":0,"gold_gain":0,"player_choice":"Forge","damage_taken":0,"max_hp_gain":0,"max_hp_loss":0,"event_name":"Accursed Blacksmith","floor":29,"gold_loss":0,"cards_upgraded":["RobotSpaceExplorer:HighVoltage"]},{"damage_healed":0,"gold_gain":0,"player_choice":"Got Potions","damage_taken":0,"max_hp_gain":0,"max_hp_loss":0,"event_name":"Lab","floor":30,"gold_loss":0},{"cards_removed":["RobotSpaceExplorer:ShockMissile"],"damage_healed":0,"gold_gain":0,"player_choice":"Removed Attack","damage_taken":0,"max_hp_gain":0,"max_hp_loss":0,"event_name":"Falling","floor":37,"gold_loss":0},{"damage_healed":0,"gold_gain":0,"player_choice":"Fight","damage_taken":0,"max_hp_gain":0,"max_hp_loss":0,"event_name":"MindBloom","floor":38,"gold_loss":0},{"damage_healed":0,"gold_gain":0,"player_choice":"Ignored","damage_taken":0,"max_hp_gain":0,"max_hp_loss":0,"event_name":"Tomb of Lord Red Mask","floor":42,"gold_loss":0},{"damage_healed":0,"gold_gain":0,"player_choice":"Fight","damage_taken":0,"max_hp_gain":0,"max_hp_loss":0,"event_name":"Mysterious Sphere","floor":45,"gold_loss":0}],"is_beta":false,"boss_relics":[{"not_picked":["RobotSpaceExplorer:SearchSpecs","Philosopher\u0027s Stone"],"picked":"RobotSpaceExplorer:TurboCore"},{"not_picked":["Tiny House","Busted Crown"],"picked":"RobotSpaceExplorer:Reprocessor"}],"items_purged_floors":[],"is_endless":false,"potions_floor_spawned":[3,6,8,13,14,16,24,28,35,41,45],"killed_by":"Nemesis","ascension_level":2}}