{"host":"89ki4406vw77ltpv","time":1614443348,"event":{"mods":["BaseMod","Colored Map","Downfall","Minty Spire (QoL Compilation)","StSLib"],"gold_per_floor":[99,112,11,24,24,24,94,120,120,120,154,167,167,47,67,67,67,67],"floor_reached":16,"language":"ENG","playtime":1467,"items_purged":[],"score":113,"play_id":"520fb721-ea86-4ac7-b426-8ebd0a107949","local_time":"20210227112908","is_ascension_mode":true,"campfire_choices":[{"data":"Madness","floor":1,"key":"SMITH"},{"data":"Guardian:TimeBomb","floor":9,"key":"SMITH"}],"circlet_count":0,"master_deck":["Guardian:Strike_Guardian+1","Guardian:Strike_Guardian","Guardian:Strike_Guardian","Guardian:Strike_Guardian+1","Guardian:Defend_Guardian","Guardian:Defend_Guardian","Guardian:Defend_Guardian","Guardian:Defend_Guardian","Guardian:CurlUp","Guardian:TwinSlam","Madness+1","Guardian:TimeBomb+1","Guardian:ShieldCharger","Guardian:Repulse","Guardian:Reroute","Guardian:TemporalShield","Guardian:Gem_Green","Guardian:Suspension","Guardian:ArmoredProtocol","Guardian:Gem_Orange","Guardian:Gem_Green","Guardian:PrismaticBeam","Guardian:Incinerate","Guardian:Emergency","Guardian:Incinerate"],"relics":["Guardian:ModeShifter","Guardian:PickAxe","InkBottle","Whetstone","Orichalcum"],"acts_visited":["Exordium"],"potions_floor_usage":[16,16],"damage_taken":[{"damage":2,"enemies":"Small Slimes","floor":2,"turns":4},{"damage":0,"enemies":"downfall:FleeingMerchant","floor":3,"turns":4},{"damage":6,"enemies":"Jaw Worm","floor":4,"turns":5},{"damage":29,"enemies":"Jaw Worm","floor":5,"turns":5},{"damage":18,"enemies":"Lagavulin","floor":8,"turns":9},{"damage":20,"enemies":"Gremlin Nob","floor":11,"turns":5},{"damage":0,"enemies":"Cultist","floor":12,"turns":4},{"damage":9,"enemies":"downfall:FleeingMerchant","floor":14,"turns":4},{"damage":4,"enemies":"Exordium Thugs","floor":15,"turns":4},{"damage":33,"enemies":"WA_ARCHETYPE_RETAIN","floor":16,"turns":7}],"seed_played":"1851450324708290228","potions_obtained":[{"floor":2,"key":"Ancient Potion"},{"floor":8,"key":"SkillPotion"},{"floor":15,"key":"Guardian:DefensiveModePotion"}],"is_trial":false,"path_per_floor":["R","M","$","M","?","R","T","E","R","?","E","M","R","$","M","B"],"character_chosen":"GUARDIAN","items_purchased":["Guardian:Repulse","Guardian:Reroute","Guardian:Incinerate","Guardian:Emergency"],"campfire_rested":0,"item_purchase_floors":[3,3,14,14],"current_hp_per_floor":[80,78,78,72,43,43,43,25,25,51,31,31,31,22,18,0,0,0],"gold":67,"neow_bonus":"RANDOM_COLORLESS","is_daily":false,"chose_seed":false,"campfire_upgraded":2,"win_rate":0.0,"timestamp":1614443348,"path_taken":["R","M","$","M","?","R","T","E","R","?","E","M","R","?","M","BOSS"],"items_purchased_type":["Card","Card","Card","Card"],"build_version":"2020-12-22","purchased_purges":0,"victory":false,"max_hp_per_floor":[80,80,80,80,80,80,80,80,80,80,80,80,80,80,80,80,80,80],"card_choices":[{"not_picked":["Panacea","Trip"],"picked":"Madness","floor":0},{"not_picked":["Guardian:Preprogram","Guardian:WalkerClaw"],"picked":"Guardian:TimeBomb","floor":2},{"not_picked":["Guardian:MultiBeam","Guardian:VentSteam"],"picked":"Guardian:ShieldCharger","floor":3},{"not_picked":["Guardian:ChargeCore","Guardian:CrystalBeam"],"picked":"Guardian:TemporalShield","floor":4},{"not_picked":["Guardian:VentSteam","Guardian:ChargeCore"],"picked":"Guardian:Gem_Red","floor":8},{"not_picked":["Guardian:BodySlam","Guardian:GuardianWhirl"],"picked":"Guardian:Suspension","floor":11},{"not_picked":["Guardian:SphericShield","Guardian:RollAttack"],"picked":"Guardian:ArmoredProtocol","floor":12},{"not_picked":["Guardian:Clone","Guardian:Emergency"],"picked":"Guardian:PrismaticBeam","floor":14},{"not_picked":["Guardian:Gem_Lightblue","Guardian:Repulse"],"picked":"Guardian:Incinerate","floor":15}],"player_experience":834780,"relics_obtained":[{"floor":7,"key":"InkBottle"},{"floor":8,"key":"Whetstone"},{"floor":11,"key":"Orichalcum"}],"event_choices":[{"damage_healed":26,"gold_gain":0,"player_choice":"Banana","damage_taken":0,"max_hp_gain":0,"max_hp_loss":0,"event_name":"Big Fish","floor":10,"gold_loss":0}],"is_beta":false,"boss_relics":[],"items_purged_floors":[],"is_endless":false,"potions_floor_spawned":[2,8,15],"killed_by":"WA_ARCHETYPE_RETAIN","ascension_level":1}}