{"host":"gzsdmyo07u314vug","time":1614437301,"event":{"mods":["2.2 Compatiblity","Astrologer","BaseMod","Colored Powertips","GifTheSpireLib","Gremlin Mod","Hermit","Jorbs\u0027s Wanderer Trilogy","Marisa????????","Minty Spire (QoL Compilation)","Quick Restart","Rare Cards Sparkle","Relic Stats","Replay The Spire","Robot Space Explorer","Shop Mod","Somnambulant","StSLib","The Bladedancer","The Bug Knight","The Construct","The Cursed","The Disciple","The Elementalist","The Hierophant","The IronCluck","The Marked","The Necromancer","The Runesmith","The Servant 0.9.4","TheBandit","Unceasing Turn Reminder","everything is the same but u backflip on backflip","slay the spire mod where everything is the same but ironclad has a cowboy hat"],"gold_per_floor":[118,43,43,61,86,86,86,109,109,109,9,9,36,68,68,196,196,230,239,266,76,94,94,110,139,139,139,160,35,35,35,35,63,63,186,186,199,229,79,103,103,103,13,33,57,57,75,98,132,145,145,145],"floor_reached":53,"language":"ENG","playtime":5540,"items_purged":["Defend_Br","Defend_Br","Strike_Br","DaylightSavings"],"score":682,"play_id":"ab09011b-970b-4851-ba6d-c5ac5634fd86","local_time":"20210227114821","is_ascension_mode":false,"campfire_choices":[{"data":"TickedOff","floor":6,"key":"SMITH"},{"data":"Engulf","floor":10,"key":"SMITH"},{"data":"Strike_Br","floor":15,"key":"SMITH"},{"floor":23,"key":"REST"},{"floor":32,"key":"REST"},{"data":"SecondHand","floor":34,"key":"SMITH"},{"data":"LockedThread","floor":42,"key":"SMITH"},{"data":"BiteCommand","floor":51,"key":"SMITH"}],"circlet_count":0,"master_deck":["Strike_Br+1","Defend_Br+1","Defend_Br","SecondHand+1","PatternShift","TickedOff+1","Engulf+1","LockedBlood","OracleForm+1","BiteCommand+1","Echonomics+1","ExoVibe+67","HandsUpC","BlueShift","HandsUpB+1","LockedThread+1","ExoVibe+11","LockedMedicine+1"],"relics":["Chronometer","Golden Idol","Gambling Chip","CeramicFish","ReplayTheSpireMod:DimensionalGlitch","Guide Book","Art of War","Coffee Dripper","Dream Catcher"],"acts_visited":["Exordium","TheCity","TheBeyond"],"potions_floor_usage":[16,16,16,20,22,24,40,50,52,52],"damage_taken":[{"damage":2,"enemies":"Small Slimes","floor":1,"turns":5},{"damage":0,"enemies":"2 Louse","floor":4,"turns":3},{"damage":1,"enemies":"Jaw Worm","floor":5,"turns":6},{"damage":7,"enemies":"Large Slime","floor":8,"turns":10},{"damage":0,"enemies":"Gremlin Gang","floor":13,"turns":8},{"damage":1,"enemies":"Blue Slaver","floor":14,"turns":6},{"damage":7,"enemies":"Slime Boss","floor":16,"turns":8},{"damage":11,"enemies":"Chosen","floor":18,"turns":9},{"damage":32,"enemies":"3 Byrds","floor":20,"turns":12},{"damage":4,"enemies":"Snecko","floor":22,"turns":6},{"damage":26,"enemies":"3 Cultists","floor":24,"turns":8},{"damage":6,"enemies":"Cultist and Chosen","floor":25,"turns":7},{"damage":0,"enemies":"Shelled Parasite and Fungi","floor":28,"turns":6},{"damage":0,"enemies":"3 Cultists","floor":33,"turns":10},{"damage":0,"enemies":"Automaton","floor":35,"turns":13},{"damage":3,"enemies":"3 Darklings","floor":37,"turns":9},{"damage":1,"enemies":"3 Shapes","floor":38,"turns":9},{"damage":20,"enemies":"Sphere and 2 Shapes","floor":40,"turns":12},{"damage":15,"enemies":"3 Darklings","floor":44,"turns":9},{"damage":0,"enemies":"Maw","floor":47,"turns":8},{"damage":9,"enemies":"Jaw Worm Horde","floor":48,"turns":9},{"damage":11,"enemies":"Sphere and 2 Shapes","floor":49,"turns":8},{"damage":0,"enemies":"3 Darklings","floor":50,"turns":9},{"damage":14,"enemies":"Donu and Deca","floor":52,"turns":15}],"seed_played":"-792382613224716544","potions_obtained":[{"floor":1,"key":"CultistPotion"},{"floor":4,"key":"DuplicationPotion"},{"floor":8,"key":"ColorlessPotion"},{"floor":16,"key":"PowerPotion"},{"floor":20,"key":"Energy Potion"},{"floor":22,"key":"Cursed Concoction"},{"floor":28,"key":"Doom Potion"},{"floor":35,"key":"Languid Potion"},{"floor":44,"key":"Strength Potion"},{"floor":48,"key":"LifebloodPotion"}],"is_trial":false,"path_per_floor":["M","$","?","M","M","R","?","M","T","R","$","?","M","M","R","B",null,"M","?","M","$","M","R","M","M","T","?","M","$","PTL","PTL","R","M","R","B",null,"M","M","$","M","?","R","?","M","T","$","M","M","M","M","R","B",null],"character_chosen":"CHRONO_CLASS","items_purchased":["HandsUpC","Guide Book"],"campfire_rested":2,"item_purchase_floors":[21,21],"current_hp_per_floor":[63,63,47,47,46,46,46,39,39,39,39,39,39,38,38,37,65,55,55,26,26,25,44,21,18,18,18,21,21,21,21,40,43,43,43,65,65,65,65,48,48,48,48,36,36,36,39,33,25,28,28,17],"gold":145,"neow_bonus":"REMOVE_CARD","is_daily":false,"chose_seed":false,"campfire_upgraded":6,"win_rate":0.0,"timestamp":1614437301,"path_taken":["M","$","?","M","M","R","?","M","T","R","?","?","M","?","R","BOSS","M","?","M","$","?","R","M","M","T","?","M","?","PTL","PTL","R","?","R","BOSS","M","M","$","M","?","R","?","M","T","$","M","M","?","M","R","BOSS"],"items_purchased_type":["Card","Relic"],"build_version":"2020-12-22","purchased_purges":4,"victory":true,"max_hp_per_floor":[65,65,65,65,65,65,65,65,65,65,65,65,65,65,65,65,65,65,65,65,65,65,65,65,65,65,65,65,65,65,65,65,65,65,65,65,65,65,65,65,65,65,65,65,65,65,65,65,65,65,65,65],"relic_stats":{"Dream Catcher":0,"counters":[24,203],"Golden Idol":157,"Gambling Chip":[56],"CeramicFish":108,"Art of War":[24],"obtain_stats":[{"Dream Catcher":45,"Chronometer":0,"Golden Idol":3,"Gambling Chip":9,"CeramicFish":12,"Guide Book":21,"Art of War":26,"Coffee Dripper":36,"ReplayTheSpireMod:DimensionalGlitch":17},{"Dream Catcher":19,"Chronometer":0,"Golden Idol":1,"Gambling Chip":4,"CeramicFish":4,"Guide Book":9,"Art of War":12,"Coffee Dripper":15,"ReplayTheSpireMod:DimensionalGlitch":7},{"Dream Catcher":156,"Chronometer":0,"Golden Idol":5,"Gambling Chip":24,"CeramicFish":24,"Guide Book":67,"Art of War":88,"Coffee Dripper":117,"ReplayTheSpireMod:DimensionalGlitch":46}]},"card_choices":[{"not_picked":["Recurrance","AlternateTimeline"],"picked":"TickedOff","floor":1},{"not_picked":["LockedTornado","PrimeTime"],"picked":"LockedScales","floor":4},{"not_picked":["ResonantCall","Analog"],"picked":"DaylightSavings","floor":5},{"not_picked":["HandsUpC","Echoward"],"picked":"Engulf","floor":8},{"not_picked":["LockedMedicine","BlueShift"],"picked":"AlternateTimeline","floor":13},{"not_picked":["LockedMedicine","LockedTornado"],"picked":"LockedBlood","floor":14},{"not_picked":["RageCommand","Pendulum"],"picked":"OracleForm","floor":16},{"not_picked":["DaylightSavings","Goo"],"picked":"BiteCommand","floor":18},{"not_picked":["Tempo","WakeUpCall"],"picked":"ExoVibe+1","floor":20},{"not_picked":["LockedMawBank","LockedWhetstone+1","LockedMedicine"],"picked":"SKIP","floor":22},{"not_picked":["LockedMedicine","CrunchTime","LockedPlans"],"picked":"SKIP","floor":24},{"not_picked":["BiteCommand","Backlash"],"picked":"BlueShift","floor":25},{"not_picked":["Tempo","LockedTurtyl+1","ReapSow"],"picked":"SKIP","floor":28},{"not_picked":["AlternateTimeline","Echoward"],"picked":"HandsUpB+1","floor":33},{"not_picked":["HandsUpB","BiteCommand","AlternateTimeline"],"picked":"SKIP","floor":37},{"not_picked":["BeatsPerMinute","BiteCommand+1"],"picked":"LockedThread","floor":38},{"not_picked":["WakeUpCall+1","TiringSlam","Keepsakes+1"],"picked":"SKIP","floor":40},{"not_picked":["LockedAnchor","Engulf","TiringSlam"],"picked":"SKIP","floor":44},{"not_picked":["WindUp+1","BeatsPerMinute+1","VestedLegacy+1"],"picked":"SKIP","floor":47},{"not_picked":["BlueShift+1","Engulf"],"picked":"ExoVibe+1","floor":48},{"not_picked":["VestedLegacy+1","Parity"],"picked":"LockedMedicine+1","floor":49},{"not_picked":["HandsUpB+1","TiringSlam","LockedOrichalcum"],"picked":"SKIP","floor":50}],"player_experience":982762,"relics_obtained":[{"floor":9,"key":"Gambling Chip"},{"floor":26,"key":"Art of War"},{"floor":45,"key":"Dream Catcher"}],"event_choices":[{"damage_healed":0,"gold_gain":0,"player_choice":"Take Damage","damage_taken":16,"relics_obtained":["Golden Idol"],"max_hp_gain":0,"max_hp_loss":0,"event_name":"Golden Idol","floor":3,"gold_loss":0},{"cards_removed":["LockedScales"],"damage_healed":0,"gold_gain":0,"player_choice":"Gave Card","damage_taken":0,"relics_obtained":["CeramicFish"],"max_hp_gain":0,"max_hp_loss":0,"event_name":"WeMeetAgain","floor":12,"gold_loss":0},{"damage_healed":0,"gold_gain":0,"player_choice":"1 cards matched","damage_taken":0,"max_hp_gain":0,"max_hp_loss":0,"event_name":"Match and Keep!","floor":19,"gold_loss":0,"cards_obtained":["Echonomics"]},{"cards_removed":["Strike_Br"],"damage_healed":0,"gold_gain":0,"player_choice":"Elegance","damage_taken":0,"max_hp_gain":0,"max_hp_loss":0,"event_name":"Back to Basics","floor":27,"gold_loss":0},{"cards_removed":["AlternateTimeline"],"damage_healed":0,"gold_gain":0,"player_choice":"Upgrade and Remove","damage_taken":0,"max_hp_gain":0,"max_hp_loss":0,"event_name":"Designer","floor":43,"gold_loss":90,"cards_upgraded":["Defend_Br"]}],"is_beta":false,"boss_relics":[{"not_picked":["Tiny House","Pandora\u0027s Box"],"picked":"ReplayTheSpireMod:DimensionalGlitch"},{"not_picked":["Black Star","Snecko Eye"],"picked":"Coffee Dripper"}],"items_purged_floors":[2,11,29,39],"is_endless":false,"potions_floor_spawned":[1,4,8,16,20,22,28,35,44,48],"ascension_level":0}}