{"host":"40e4adzyl212zebh","time":1614391523,"event":{"mods":["Act Like it!","BaseMod","Colored Map","Colored Powertips","DeckTracker","Gensokyo","Minty Spire (QoL Compilation)","Quick Restart","Random Character Button","Relic Stats","StSLib"],"gold_per_floor":[360,380,380,305,320,320,30,30,30,404,404,718,718,158,158,459,459,472,224,224,235,485,485,37,37,37],"floor_reached":25,"language":"JPN","playtime":1272,"items_purged":["Strike_R","Strike_R","Strike_R"],"score":214,"play_id":"216e0f0d-5935-4a93-af83-04ea0621783e","local_time":"20210227110523","is_ascension_mode":false,"campfire_choices":[{"data":"Bash","floor":6.0,"key":"SMITH"},{"data":"Disarm","floor":11.0,"key":"SMITH"},{"data":"Disarm","floor":13.0,"key":"SMITH"},{"floor":15.0,"key":"REST"},{"data":"Mayhem","floor":23,"key":"SMITH"}],"circlet_count":0,"master_deck":["Strike_R","Strike_R","Defend_R","Defend_R","Defend_R","Defend_R","Bash+1","Disarm+1","Disarm+1","ReachHeaven","The Bomb","Metallicize","Spot Weakness","Sword Boomerang","Mayhem+1","TalkToTheHand+1","Battle Trance","Pommel Strike+1","Gensokyo:RustyChest","Gensokyo:DepletedGenerator","Gensokyo:Shovel"],"relics":["Burning Blood","Gensokyo:Mercy","PrismaticShard","Gensokyo:OccultBall","Omamori","Bag of Marbles","Membership Card","Happy Flower","Mercury Hourglass","Pen Nib","SlaversCollar","Bag of Preparation","Brimstone","Gensokyo:RedStar","Strange Spoon","Medical Kit"],"acts_visited":["Exordium","Gensokyo:Gensokyo"],"potions_floor_usage":[18,25],"damage_taken":[{"damage":11.0,"enemies":"Gensokyo:Python","floor":1.0,"turns":4.0},{"damage":6.0,"enemies":"Gensokyo:3_Fairies","floor":2.0,"turns":4.0},{"damage":0.0,"enemies":"Gensokyo:2_Kodama","floor":5.0,"turns":7.0},{"damage":47.0,"enemies":"Gensokyo:CorruptedTreant","floor":10.0,"turns":9.0},{"damage":29.0,"enemies":"Gensokyo:VengefulSpirit","floor":12.0,"turns":8.0},{"damage":7,"enemies":"Gensokyo:Kokoro","floor":16,"turns":10},{"damage":0,"enemies":"Gensokyo:3_Dogs","floor":18,"turns":1},{"damage":0,"enemies":"Gensokyo:CosmicMonolith","floor":21,"turns":3},{"damage":87,"enemies":"Gensokyo:3_Gloops","floor":25,"turns":4}],"seed_played":"744651283372360001","potions_obtained":[{"floor":5.0,"key":"Dexterity Potion"},{"floor":12.0,"key":"ColorlessPotion"},{"floor":21,"key":"BloodPotion"}],"is_trial":false,"path_per_floor":["M","M","?","$","M","R","COS","?","T","M","R","M","R","$","R","B",null,"M","$","?","M","?","R","COS","M"],"character_chosen":"IRONCLAD","items_purchased":["Membership Card","Happy Flower","The Bomb","Mercury Hourglass","Metallicize","Spot Weakness","Sword Boomerang","Bag of Preparation","Battle Trance","Brimstone"],"campfire_rested":1,"item_purchase_floors":[14,14,14,14,14,14,14,19,19,19],"current_hp_per_floor":[67,67,67,67,72,72,72,72,72,31,31,8,8,8,29,28,72,72,72,72,72,68,68,68,0,0],"gold":37,"neow_bonus":"TWO_FIFTY_GOLD","is_daily":false,"chose_seed":false,"campfire_upgraded":4,"win_rate":0.0,"timestamp":1614391523,"path_taken":["M","M","?","?","M","R","COS","?","T","M","R","M","R","$","R","BOSS","M","$","?","M","?","R","COS","M"],"items_purchased_type":["Relic","Relic","Card","Relic","Card","Card","Card","Relic","Card","Relic"],"build_version":"2020-12-22","purchased_purges":3,"victory":false,"max_hp_per_floor":[72,72,72,72,72,72,72,72,72,72,72,72,72,72,72,72,72,72,72,72,72,68,68,68,68,68],"relic_stats":{"Strange Spoon":[1],"Happy Flower":[6],"counters":[9,50],"Pen Nib":[1],"Bag of Preparation":[4],"Medical Kit":[0],"obtain_stats":[{"Happy Flower":14,"Pen Nib":16,"Omamori":9,"Bag of Preparation":19,"PrismaticShard":7,"Gensokyo:RedStar":20,"Medical Kit":24,"Burning Blood":0,"Mercury Hourglass":14,"SlaversCollar":17,"Strange Spoon":24,"Gensokyo:Mercy":3,"Brimstone":19,"Gensokyo:OccultBall":8,"Bag of Marbles":12,"Membership Card":14},{"Happy Flower":5,"Pen Nib":6,"Omamori":3,"Bag of Preparation":7,"PrismaticShard":3,"Gensokyo:RedStar":7,"Medical Kit":8,"Burning Blood":0,"Mercury Hourglass":5,"SlaversCollar":6,"Strange Spoon":8,"Gensokyo:Mercy":2,"Brimstone":7,"Gensokyo:OccultBall":3,"Bag of Marbles":5,"Membership Card":5},{"Happy Flower":32,"Pen Nib":36,"Omamori":15,"Bag of Preparation":43,"PrismaticShard":15,"Gensokyo:RedStar":43,"Medical Kit":46,"Burning Blood":0,"Mercury Hourglass":32,"SlaversCollar":42,"Strange Spoon":46,"Gensokyo:Mercy":8,"Brimstone":43,"Gensokyo:OccultBall":15,"Bag of Marbles":30,"Membership Card":32}],"Burning Blood":35,"Mercury Hourglass":[66]},"card_choices":[{"not_picked":["Cleave","Sentinel"],"picked":"Sword Boomerang","floor":1.0},{"not_picked":["Bloodletting","Anger"],"picked":"Disarm","floor":2.0},{"not_picked":["Iron Wave","Headbutt"],"picked":"Rampage","floor":5.0},{"not_picked":["Dodge and Roll","Twin Strike"],"picked":"Disarm","floor":10.0},{"not_picked":["Redo","Havoc"],"picked":"ReachHeaven","floor":12.0},{"not_picked":["Secret Technique","A Thousand Cuts"],"picked":"Mayhem","floor":16},{"not_picked":["Good Instincts","Halt"],"picked":"TalkToTheHand+1","floor":18},{"not_picked":["Force Field+1","BowlingBash"],"picked":"Pommel Strike+1","floor":21}],"player_experience":628082,"relics_obtained":[{"floor":9.0,"key":"Omamori"},{"floor":16,"key":"Gensokyo:OccultBall"},{"floor":21,"key":"Gensokyo:OccultBall"}],"event_choices":[],"is_beta":false,"boss_relics":[{"not_picked":["Ectoplasm","Black Star"],"picked":"SlaversCollar"}],"items_purged_floors":[4,14,19],"is_endless":false,"potions_floor_spawned":[5,12,21],"killed_by":"Gensokyo:3_Gloops","ascension_level":0}}