{"host":"sc0o2qwpf9j16a4i","time":1614414424,"event":{"mods":["AchievementEnabler","BaseMod","BetterRewards","Block Reminder","Colored Map","Colored Powertips","Custom Start","Highlight Path","Minty Spire (QoL Compilation)","Relic Stats"],"gold_per_floor":[109,109,133,133,147,186,186,201,201,201,201],"floor_reached":10,"language":"ENG","playtime":241,"items_purged":[],"score":93,"play_id":"6ac22264-ce28-4176-94dd-7a1d7564ddfc","local_time":"20210227102704","daily_mods":["Specialized","Blue Cards","Lethality"],"is_ascension_mode":false,"campfire_choices":[{"data":"Deadly Poison","floor":7,"key":"SMITH"}],"circlet_count":0,"master_deck":["Strike_G","Strike_G","Strike_G","Strike_G","Strike_G","Defend_G","Defend_G","Defend_G","Defend_G","Defend_G","Survivor","Neutralize","Deadly Poison+1","Deadly Poison","Deadly Poison","Deadly Poison","Dagger Throw","Injury","Leg Sweep","Caltrops+1","PiercingWail"],"relics":["Ring of the Snake","Golden Idol","Frozen Egg 2","Singing Bowl","Bottled Lightning"],"acts_visited":["Exordium"],"potions_floor_usage":[8],"damage_taken":[{"damage":0,"enemies":"Cultist","floor":1,"turns":3},{"damage":0,"enemies":"Jaw Worm","floor":3,"turns":4},{"damage":0,"enemies":"2 Louse","floor":5,"turns":2},{"damage":12,"enemies":"Gremlin Nob","floor":6,"turns":4},{"damage":0,"enemies":"2 Fungi Beasts","floor":8,"turns":1},{"damage":25,"enemies":"3 Sentries","floor":10,"turns":5}],"seed_played":"2524512211269580735","potions_obtained":[{"floor":6,"key":"CunningPotion"}],"is_trial":true,"path_per_floor":["M","?","M","?","M","E","R","M","T","E"],"character_chosen":"THE_SILENT","items_purchased":[],"campfire_rested":0,"item_purchase_floors":[],"current_hp_per_floor":[70,70,70,70,70,60,60,60,60,35,35],"gold":201,"neow_bonus":"","is_daily":false,"chose_seed":false,"campfire_upgraded":1,"win_rate":0.0,"timestamp":1614414424,"path_taken":["M","?","M","?","?","E","R","M","T","E"],"items_purchased_type":[],"build_version":"2020-12-22","purchased_purges":0,"victory":false,"max_hp_per_floor":[70,70,70,70,70,72,72,72,72,72,72],"relic_stats":{"Singing Bowl":2,"counters":[6,19],"Golden Idol":19,"obtain_stats":[{"Singing Bowl":6,"Golden Idol":2,"Bottled Lightning":9,"Frozen Egg 2":4,"Ring of the Snake":0},{"Singing Bowl":4,"Golden Idol":1,"Bottled Lightning":5,"Frozen Egg 2":2,"Ring of the Snake":0},{"Singing Bowl":13,"Golden Idol":3,"Bottled Lightning":14,"Frozen Egg 2":7,"Ring of the Snake":0}],"Ring of the Snake":[12]},"card_choices":[{"not_picked":["Gash","Deflect"],"picked":"Dagger Throw","floor":1},{"not_picked":["Cloak And Dagger","Coolheaded"],"picked":"Leg Sweep","floor":3},{"not_picked":["Underhanded Strike","Go for the Eyes"],"picked":"Caltrops+1","floor":5},{"not_picked":["Compile Driver","Loop+1","All Out Attack"],"picked":"Singing Bowl","floor":6},{"not_picked":["Backflip","Prepared"],"picked":"PiercingWail","floor":8}],"player_experience":1577423,"relics_obtained":[{"floor":6,"key":"Singing Bowl"},{"floor":9,"key":"Bottled Lightning"}],"event_choices":[{"damage_healed":0,"gold_gain":0,"player_choice":"Take Wound","damage_taken":0,"relics_obtained":["Golden Idol"],"max_hp_gain":0,"max_hp_loss":0,"event_name":"Golden Idol","floor":2,"gold_loss":0,"cards_obtained":["Injury"]},{"cards_removed":["Deadly Poison"],"damage_healed":0,"gold_gain":0,"player_choice":"Gave Card","damage_taken":0,"relics_obtained":["Frozen Egg 2"],"max_hp_gain":0,"max_hp_loss":0,"event_name":"WeMeetAgain","floor":4,"gold_loss":0}],"is_beta":false,"boss_relics":[],"items_purged_floors":[],"is_endless":false,"potions_floor_spawned":[6],"killed_by":"3 Sentries","ascension_level":0}}