{"host":"sc0o2qwpf9j16a4i","time":1614437689,"event":{"mods":["AchievementEnabler","BaseMod","BetterRewards","Block Reminder","Colored Map","Colored Powertips","Custom Start","Highlight Path","Minty Spire (QoL Compilation)","Relic Stats"],"gold_per_floor":[112,126,126,126,126,170,47,91,91,91,132,167,545,568,568,698,698,721,721,671,683,683,709,709,734,757,788,362,375,392,113,113,208,208,224,224,224,2,2,31,31,62,85,119,135,160,160,192,204,216],"floor_reached":51,"language":"ENG","playtime":3472,"items_purged":["Regret","Injury"],"score":1350,"play_id":"df642bdf-71e0-40cd-91bb-12b82c541fcc","local_time":"20210227165449","daily_mods":["Specialized","Colorless Cards","Elite Swarm"],"is_ascension_mode":false,"campfire_choices":[{"floor":10.0,"key":"REST"},{"data":"Magnetism","floor":15,"key":"SMITH"},{"data":"Barricade","floor":24,"key":"SMITH"},{"data":"Apotheosis","floor":32,"key":"SMITH"},{"data":"1","floor":41,"key":"LIFT"},{"data":"2","floor":47,"key":"LIFT"},{"data":"3","floor":49,"key":"LIFT"}],"circlet_count":0,"master_deck":["Bash+1","Secret Technique","Secret Technique","Secret Technique","Secret Technique","Secret Technique+1","Clothesline+1","Juggernaut","Bludgeon","Warcry","Magnetism+1","Warcry","Impervious","Pommel Strike","Feed","Body Slam","Double Tap","Disarm","Rupture","Intimidate","Pommel Strike","Chrysalis","Flash of Steel","Pommel Strike","Ghostly Armor","True Grit+1","Dark Shackles","Barricade+1","Corruption","Apotheosis+1","Body Slam","Warcry","Dual Wield","Impervious","Shrug It Off","Impervious","Apotheosis","Corruption","Dual Wield","Impervious","Exhume"],"relics":["Burning Blood","FossilizedHelix","Bloody Idol","Whetstone","Dream Catcher","Dead Branch","Bag of Marbles","Old Coin","Pandora\u0027s Box","Tiny Chest","Girya","Pen Nib","Happy Flower","Singing Bowl","Nunchaku","DollysMirror","Fusion Hammer","Anchor","Gremlin Horn","Question Card","Omamori","Orichalcum","Boot","TungstenRod","MawBank"],"acts_visited":["Exordium","TheCity","TheBeyond"],"potions_floor_usage":[16,23,25,25,27,33,45,50,50,50,50,50],"damage_taken":[{"damage":2.0,"enemies":"2 Louse","floor":1.0,"turns":4.0},{"damage":0.0,"enemies":"Cultist","floor":2.0,"turns":3.0},{"damage":32.0,"enemies":"Lagavulin","floor":6.0,"turns":11.0},{"damage":26.0,"enemies":"3 Sentries","floor":8.0,"turns":10.0},{"damage":14.0,"enemies":"Lagavulin","floor":11.0,"turns":8.0},{"damage":0.0,"enemies":"Small Slimes","floor":12.0,"turns":2.0},{"damage":4.0,"enemies":"3 Sentries","floor":13.0,"turns":6.0},{"damage":0,"enemies":"Exordium Wildlife","floor":14,"turns":3},{"damage":0,"enemies":"The Guardian","floor":16,"turns":7},{"damage":5,"enemies":"Chosen","floor":18,"turns":4},{"damage":0,"enemies":"Shell Parasite","floor":21,"turns":4},{"damage":7,"enemies":"Book of Stabbing","floor":23,"turns":8},{"damage":75,"enemies":"Gremlin Leader","floor":25,"turns":17},{"damage":0,"enemies":"Book of Stabbing","floor":27,"turns":4},{"damage":0,"enemies":"Centurion and Healer","floor":29,"turns":8},{"damage":0,"enemies":"3 Cultists","floor":30,"turns":3},{"damage":5,"enemies":"Automaton","floor":33,"turns":4},{"damage":0,"enemies":"Orb Walker","floor":35,"turns":4},{"damage":0,"enemies":"Giant Head","floor":40,"turns":3},{"damage":0,"enemies":"Reptomancer","floor":42,"turns":5},{"damage":0,"enemies":"Giant Head","floor":44,"turns":3},{"damage":0,"enemies":"3 Shapes","floor":45,"turns":2},{"damage":0,"enemies":"Nemesis","floor":46,"turns":5},{"damage":0,"enemies":"Giant Head","floor":48,"turns":1},{"damage":0,"enemies":"Donu and Deca","floor":50,"turns":7}],"seed_played":"-5896461106830678299","potions_obtained":[{"floor":1.0,"key":"EntropicBrew"},{"floor":6.0,"key":"SpeedPotion"},{"floor":8.0,"key":"DistilledChaos"},{"floor":12.0,"key":"CultistPotion"},{"floor":13,"key":"ElixirPotion"},{"floor":16,"key":"Fire Potion"},{"floor":18,"key":"EntropicBrew"},{"floor":27,"key":"Regen Potion"},{"floor":30,"key":"ColorlessPotion"},{"floor":42,"key":"Dexterity Potion"},{"floor":46,"key":"EntropicBrew"}],"is_trial":true,"path_per_floor":["M","M","?","?","?","E","$","E","T","R","E","M","E","M","R","B",null,"M","?","?","M","?","E","R","E","T","E","$","M","M","$","R","B",null,"M","?","?","$","T","E","R","E","T","E","M","E","R","E","R","B",null],"character_chosen":"IRONCLAD","items_purchased":["PowerPotion","Singing Bowl","Nunchaku","Body Slam","DollysMirror","Shrug It Off","Anchor","LiquidMemories"],"campfire_rested":1,"item_purchase_floors":[7,28,28,28,31,31,38,38],"current_hp_per_floor":[80,80,80,80,64,38,38,18,18,42,34,40,42,48,48,54,80,83,83,83,83,83,83,83,19,24,39,39,54,65,65,65,83,91,93,93,95,95,95,95,95,101,101,101,105,105,105,105,105,109],"gold":228,"neow_bonus":"","is_daily":false,"chose_seed":false,"campfire_upgraded":3,"win_rate":0.0,"timestamp":1614437689,"path_taken":["M","M","?","?","?","E","?","E","T","R","E","M","E","M","R","BOSS","M","?","?","?","?","E","R","E","T","E","?","M","M","$","R","BOSS","M","?","?","$","?","E","R","E","T","E","M","E","R","E","R","BOSS"],"items_purchased_type":["Potion","Relic","Relic","Card","Relic","Card","Relic","Potion"],"build_version":"2020-12-22","purchased_purges":2,"victory":true,"max_hp_per_floor":[80,80,80,80,80,80,80,80,80,80,80,80,80,80,80,80,80,83,83,83,83,83,83,83,83,83,87,87,91,91,91,91,91,91,93,93,95,95,95,95,95,101,101,101,105,105,105,105,105,109],"relic_stats":{"Happy Flower":[15],"Singing Bowl":6,"Gremlin Horn":[6,7],"counters":[25,136],"Dead Branch":[457],"Pen Nib":[10],"Whetstone":["Bash","Strike_R"],"Orichalcum":[0],"Question Card":5,"Boot":[33],"MawBank":36,"Burning Blood":85,"Dream Catcher":1,"Nunchaku":[9],"Bloody Idol":31,"Pandora\u0027s Box":["Body Slam","Double Tap","Disarm","Rupture","Intimidate","Pommel Strike","Chrysalis","Flash of Steel","Pommel Strike"],"Tiny Chest":1,"obtain_stats":[{"Singing Bowl":28,"Gremlin Horn":39,"Whetstone":6,"Boot":44,"Burning Blood":0,"Old Coin":13,"Dream Catcher":8,"Nunchaku":28,"DollysMirror":31,"Tiny Chest":23,"Fusion Hammer":34,"Girya":25,"Happy Flower":27,"Golden Idol":4,"Dead Branch":9,"Pen Nib":26,"Omamori":42,"Orichalcum":43,"Question Card":40,"MawBank":48,"Anchor":38,"Bloody Idol":19,"Pandora\u0027s Box":17,"Bag of Marbles":11,"FossilizedHelix":3,"TungstenRod":46},{"Singing Bowl":14,"Gremlin Horn":18,"Whetstone":3,"Boot":21,"Burning Blood":0,"Old Coin":7,"Dream Catcher":4,"Nunchaku":14,"DollysMirror":16,"Tiny Chest":12,"Fusion Hammer":17,"Girya":13,"Happy Flower":14,"Golden Idol":2,"Dead Branch":4,"Pen Nib":13,"Omamori":20,"Orichalcum":20,"Question Card":19,"MawBank":24,"Anchor":18,"Bloody Idol":10,"Pandora\u0027s Box":9,"Bag of Marbles":5,"FossilizedHelix":2,"TungstenRod":23},{"Singing Bowl":91,"Gremlin Horn":110,"Whetstone":18,"Boot":121,"Burning Blood":0,"Old Coin":44,"Dream Catcher":28,"Nunchaku":91,"DollysMirror":102,"Tiny Chest":70,"Fusion Hammer":106,"Girya":87,"Happy Flower":91,"Golden Idol":7,"Dead Branch":28,"Pen Nib":87,"Omamori":118,"Orichalcum":118,"Question Card":113,"MawBank":129,"Anchor":110,"Bloody Idol":58,"Pandora\u0027s Box":54,"Bag of Marbles":36,"FossilizedHelix":7,"TungstenRod":128}],"TungstenRod":0},"card_choices":[{"not_picked":["Wild Strike","Pommel Strike"],"picked":"Clothesline","floor":1.0},{"not_picked":["Body Slam","Clash","Clothesline"],"picked":"SKIP","floor":2.0},{"not_picked":["Berserk","Panache"],"picked":"Juggernaut","floor":6.0},{"not_picked":["Limit Break","Exhume"],"picked":"Bludgeon","floor":8.0},{"not_picked":["Flex","Twin Strike"],"picked":"Warcry","floor":10.0},{"not_picked":["Juggernaut","Violence"],"picked":"Magnetism","floor":11.0},{"not_picked":["Thunderclap","Clothesline"],"picked":"Warcry","floor":12.0},{"not_picked":["Sadistic Nature","Chrysalis"],"picked":"Impervious","floor":13},{"not_picked":["Clothesline","Bloodletting"],"picked":"Pommel Strike","floor":14},{"not_picked":["HandOfGreed","The Bomb"],"picked":"Feed","floor":16},{"not_picked":["Heavy Blade","Clash"],"picked":"Ghostly Armor","floor":18},{"not_picked":["Trip","Enlightenment"],"picked":"True Grit+1","floor":21},{"not_picked":["Thinking Ahead","Limit Break"],"picked":"Barricade","floor":23},{"not_picked":["Chrysalis","Panache"],"picked":"Corruption","floor":25},{"not_picked":["Secret Weapon","Demon Form"],"picked":"Apotheosis","floor":27},{"not_picked":["True Grit+1","Body Slam"],"picked":"Warcry","floor":29},{"not_picked":["Warcry","Madness"],"picked":"Dual Wield","floor":30},{"not_picked":["Sadistic Nature","Thinking Ahead"],"picked":"Impervious","floor":33},{"not_picked":["Havoc","Heavy Blade+1","Flex+1"],"picked":"Singing Bowl","floor":35},{"not_picked":["Madness","Magnetism","HandOfGreed"],"picked":"Singing Bowl","floor":37},{"not_picked":["Metamorphosis","Immolate"],"picked":"Apotheosis","floor":40},{"not_picked":["Magnetism","Metamorphosis","Violence","Chrysalis"],"picked":"Singing Bowl","floor":42},{"not_picked":["Panache","Demon Form","Mayhem"],"picked":"Corruption","floor":44},{"not_picked":["Bloodletting","Jack Of All Trades","Clothesline+1"],"picked":"Dual Wield","floor":45},{"not_picked":["Panache","Demon Form","Magnetism"],"picked":"Impervious","floor":46},{"not_picked":["The Bomb","Bludgeon","Limit Break"],"picked":"Exhume","floor":48}],"player_experience":1596974,"relics_obtained":[{"floor":6.0,"key":"Whetstone"},{"floor":8.0,"key":"Dream Catcher"},{"floor":9.0,"key":"Dead Branch"},{"floor":11.0,"key":"Bag of Marbles"},{"floor":13,"key":"Old Coin"},{"floor":23,"key":"Tiny Chest"},{"floor":25,"key":"Girya"},{"floor":26,"key":"Pen Nib"},{"floor":27,"key":"Happy Flower"},{"floor":39,"key":"Gremlin Horn"},{"floor":40,"key":"Question Card"},{"floor":42,"key":"Omamori"},{"floor":43,"key":"Orichalcum"},{"floor":44,"key":"Boot"},{"floor":46,"key":"TungstenRod"},{"floor":48,"key":"MawBank"}],"event_choices":[{"damage_healed":0.0,"max_hp_gain":0.0,"max_hp_loss":0.0,"gold_gain":0.0,"event_name":"Big Fish","player_choice":"Box","floor":3.0,"gold_loss":0.0,"damage_taken":0.0,"relics_obtained":["FossilizedHelix"],"cards_obtained":["Regret"]},{"damage_healed":0.0,"max_hp_gain":0.0,"max_hp_loss":0.0,"gold_gain":0.0,"event_name":"Golden Idol","player_choice":"Take Wound","floor":4.0,"gold_loss":0.0,"damage_taken":0.0,"relics_obtained":["Golden Idol"],"cards_obtained":["Injury"]},{"damage_healed":0.0,"max_hp_gain":0.0,"max_hp_loss":0.0,"gold_gain":0.0,"event_name":"Shining Light","player_choice":"Entered Light","floor":5.0,"gold_loss":0.0,"damage_taken":16.0,"cards_upgraded":["Secret Technique","Clothesline"]},{"damage_healed":0,"gold_gain":0,"player_choice":"Gave Idol","damage_taken":0,"relics_obtained":["Bloody Idol"],"max_hp_gain":0,"max_hp_loss":0,"event_name":"Forgotten Altar","floor":19,"relics_lost":["Golden Idol"],"gold_loss":0},{"damage_healed":0,"gold_gain":0,"player_choice":"Bet on Murderer","damage_taken":0,"max_hp_gain":0,"max_hp_loss":0,"event_name":"The Joust","floor":20,"gold_loss":50},{"damage_healed":0,"gold_gain":0,"player_choice":"Read","damage_taken":0,"max_hp_gain":0,"max_hp_loss":0,"event_name":"The Library","floor":22,"gold_loss":0,"cards_obtained":["Dark Shackles"]},{"damage_healed":0,"gold_gain":0,"player_choice":"Ignored","damage_taken":0,"max_hp_gain":0,"max_hp_loss":0,"event_name":"Tomb of Lord Red Mask","floor":36,"gold_loss":0},{"damage_healed":0,"gold_gain":0,"player_choice":"Memory 1","damage_taken":0,"max_hp_gain":0,"max_hp_loss":0,"event_name":"SensoryStone","floor":37,"gold_loss":0}],"is_beta":false,"boss_relics":[{"not_picked":["Runic Cube","Black Star"],"picked":"Pandora\u0027s Box"},{"not_picked":["Mark of Pain","Coffee Dripper"],"picked":"Fusion Hammer"}],"items_purged_floors":[7,31],"is_endless":false,"potions_floor_spawned":[1,6,8,12,13,16,18,27,30,40,42,44,46,48],"ascension_level":0}}