{"host":"7z9izfsmsy4azoxx","time":1614400120,"event":{"mods":["AchievementEnabler","BaseMod","Colored Map","Custom Start","Hermit","Minty Spire (QoL Compilation)","Replay The Spire","StSLib","SuperFastMode"],"gold_per_floor":[546655,545851,545867,546057,546069,546101,546101,546112,546112,545149,545149,545183,544039,544052,544052,544124,544124,544135,543435,543445,543464,542346,542346,541555,541555,541555,541582,541582,541595,541623,541641,541641,541714,541714,541732,541732,541744,540807,540821,540821,540821,540821,540821,540853,540853,540239,540239,540239,540254,540269,540269,540269,540269,540269,540269,539592,539617,539617],"floor_reached":59,"language":"KOR","playtime":1787,"items_purged":["Strike_G","Strike_G","Strike_G","Strike_G","Defend_G","Defend_G","Quick Slash","Survivor"],"score":3755,"play_id":"084c80c7-f7ec-44ec-b339-7e25f859504c","local_time":"20210227132840","is_ascension_mode":true,"campfire_choices":[{"floor":7,"key":"REST"},{"data":"Strike_G","floor":15,"key":"PURGE"},{"data":"ReplayTheSpireMod:Brewmster","floor":23,"key":"SMITH"},{"data":"Catalyst","floor":28,"key":"SMITH"},{"data":"Prepared","floor":32,"key":"SMITH"},{"floor":40,"key":"RECALL"},{"data":"Noxious Fumes","floor":43,"key":"SMITH"},{"data":"Corpse Explosion","floor":51,"key":"SMITH"},{"data":"Backflip","floor":55,"key":"SMITH"}],"circlet_count":0,"master_deck":["AscendersBane","Defend_G+1","Neutralize","Dagger Throw","Tactician","Dash","PiercingWail","Deadly Poison","Prepared+1","Backflip+1","Corpse Explosion+1","Deadly Poison","Sadistic Nature+1","Tactician","Tactician","Well Laid Plans","A Thousand Cuts+1","Catalyst+1","ReplayTheSpireMod:Brewmster+1","Master of Strategy","Escape Plan","A Thousand Cuts+1","Noxious Fumes+1","Choke+1","ReplayTheSpireMod:Shiv Toss","Cloak And Dagger","Bane+1","Acrobatics","Dodge and Roll","Prepared+1"],"relics":["Ring of the Snake","Lee\u0027s Waffle","Simple Rune","StrikeDummy","Mercury Hourglass","Eternal Feather","ReplayTheSpireMod:Lightbulb","Nunchaku","DollysMirror","Mummified Hand","Chameleon Ring","Calipers","Cauldron","SacredBark","Akabeko","Ice Cream","WingedGreaves","White Beast Statue","Guide Book","Lantern","HornCleat","ReplayTheSpireMod:ShopPack","Anchor","Honey Jar","InkBottle","Ninja Scroll","Frozen Eye","Potion Belt","Pet Ghost","Blood Vial","Ornamental Fan","Divine Protection","Quantum Egg"],"acts_visited":["Exordium","TheCity","TheBeyond","TheEnding"],"potions_floor_usage":[6,12,12,16,16,27,29,29,30,33,33,33,33,33,33,33,37,44,44,49,50,50,52,52,52,52,52,52,53,57,57,58,58,58,58,58,58,58,58],"damage_taken":[{"damage":9,"enemies":"2 Louse","floor":1,"turns":2},{"damage":2,"enemies":"Jaw Worm","floor":3,"turns":3},{"damage":0,"enemies":"Cultist","floor":5,"turns":3},{"damage":35,"enemies":"Replay:BlueRogue","floor":6,"turns":7},{"damage":0,"enemies":"Looter","floor":8,"turns":3},{"damage":11,"enemies":"Gremlin Nob","floor":12,"turns":4},{"damage":0,"enemies":"Gremlin Gang","floor":14,"turns":2},{"damage":0,"enemies":"Slime Boss","floor":16,"turns":8},{"damage":18,"enemies":"Spheric Guardian","floor":18,"turns":5},{"damage":0,"enemies":"3 Byrds","floor":20,"turns":2},{"damage":10,"enemies":"Centurion and Healer","floor":21,"turns":2},{"damage":0,"enemies":"Slavers","floor":27,"turns":2},{"damage":5,"enemies":"Cultist and Chosen","floor":29,"turns":4},{"damage":0,"enemies":"Book of Stabbing","floor":30,"turns":4},{"damage":8,"enemies":"Snake Plant","floor":31,"turns":3},{"damage":42,"enemies":"Pondfish","floor":33,"turns":8},{"damage":0,"enemies":"3 Shapes","floor":35,"turns":2},{"damage":0,"enemies":"Orb Walker","floor":37,"turns":2},{"damage":1,"enemies":"Jaw Worm Horde","floor":39,"turns":2},{"damage":10,"enemies":"R_Hoarder","floor":44,"turns":3},{"damage":0,"enemies":"Spire Growth","floor":49,"turns":1},{"damage":0,"enemies":"Maw","floor":50,"turns":5},{"damage":13,"enemies":"Awakened One","floor":52,"turns":7},{"damage":5,"enemies":"Donu and Deca","floor":53,"turns":4},{"damage":2,"enemies":"Shield and Spear","floor":57,"turns":4},{"damage":87,"enemies":"The Heart","floor":58,"turns":6}],"seed_played":"-6364214058688815475","potions_obtained":[{"floor":1,"key":"Venom Potion"},{"floor":16,"key":"LiquidMemories"},{"floor":29,"key":"LifebloodPotion"},{"floor":31,"key":"Poison Potion"},{"floor":33,"key":"PowerPotion"},{"floor":35,"key":"Flashbang"},{"floor":37,"key":"SteroidPotion"},{"floor":39,"key":"SteroidPotion"},{"floor":44,"key":"LifebloodPotion"},{"floor":49,"key":"LiquidMemories"},{"floor":50,"key":"Block Potion"},{"floor":57,"key":"Adrenaline Potion"}],"is_trial":false,"path_per_floor":["M","$","M","?","M","E","R","M","T","$","?","E","$","M","R_BF","B",null,"M","$","M","M","$","R","$","?","T","E","R","M","E","M","R","B",null,"M","?","M","$","M","R","PTL","PTL","R","E","T","$","?","?","M","M","R","B","B",null,"R","$","E","B",null],"character_chosen":"THE_SILENT","items_purchased":["Lee\u0027s Waffle","Simple Rune","StrikeDummy","Dash","Block Potion","ReplayTheSpireMod:Lightbulb","Nunchaku","Corpse Explosion","DollysMirror","Sadistic Nature","BlessingOfTheForge","Chameleon Ring","Calipers","PowerPotion","PowerPotion","Cauldron","Tactician","Well Laid Plans","Akabeko","Ice Cream","Energy Potion","WingedGreaves","White Beast Statue","Guide Book","ReplayTheSpireMod:Brewmster","Lantern","HornCleat","ReplayTheSpireMod:ShopPack","InkBottle","Ninja Scroll","Frozen Eye","Blood Vial","GhostInAJar","Regen Potion","Ornamental Fan","Divine Protection","Acrobatics","Dodge and Roll"],"campfire_rested":1,"item_purchase_floors":[2,2,2,2,2,10,10,10,10,10,10,13,13,13,13,13,13,13,19,19,19,22,22,22,22,24,24,24,38,38,38,46,46,46,56,56,56,56],"current_hp_per_floor":[50,73,71,47,47,12,33,33,33,33,26,15,15,15,27,27,62,44,44,44,34,34,46,46,46,46,46,58,53,53,45,57,63,71,71,71,71,71,70,73,73,73,73,63,63,63,63,63,65,67,73,60,57,69,73,73,71,24],"gold":539617,"neow_bonus":"THREE_CARDS","is_daily":false,"chose_seed":false,"campfire_upgraded":6,"win_rate":0.0,"timestamp":1614400120,"path_taken":["M","$","M","?","M","E","R","M","T","$","?","E","$","M","R_BF","BOSS","M","$","M","M","$","R","$","?","T","E","R","?","E","M","R","BOSS","M","?","?","$","M","R","PTL","PTL","R","E","T","$","?","?","?","M","R","BOSS","BOSS","R","$","E","BOSS"],"items_purchased_type":["Relic","Relic","Relic","Card","Potion","Relic","Relic","Card","Relic","Card","Potion","Relic","Relic","Potion","Potion","Relic","Card","Card","Relic","Relic","Potion","Relic","Relic","Relic","Card","Relic","Relic","Relic","Relic","Relic","Relic","Relic","Potion","Potion","Relic","Relic","Card","Card"],"build_version":"2020-12-22","purchased_purges":8,"victory":true,"max_hp_per_floor":[66,73,73,73,73,73,73,73,73,73,73,73,73,73,73,73,73,73,73,73,73,73,73,73,73,73,73,73,73,73,73,73,73,73,73,73,73,73,73,73,73,73,73,73,73,73,73,73,73,73,73,73,73,73,73,73,73,73],"card_choices":[{"not_picked":["Deflect","Well Laid Plans"],"picked":"Dagger Throw","floor":0},{"not_picked":["Heel Hook","Cloak And Dagger"],"picked":"Tactician","floor":1},{"not_picked":["Bane","Blade Dance"],"picked":"PiercingWail","floor":3},{"not_picked":["Quick Slash","Dodge and Roll"],"picked":"Deadly Poison","floor":4},{"not_picked":["Cloak And Dagger","Dagger Throw"],"picked":"Prepared","floor":5},{"not_picked":["Underhanded Strike","Bouncing Flask"],"picked":"Backflip","floor":6},{"not_picked":["Fluid Movement","Bane","Skewer"],"picked":"SKIP","floor":8},{"not_picked":["Expertise","PiercingWail","Backstab"],"picked":"SKIP","floor":12},{"not_picked":["Quick Slash","Slice","Flying Knee"],"picked":"SKIP","floor":14},{"not_picked":["ReplayTheSpireMod:From All Sides","Bullet Time"],"picked":"A Thousand Cuts","floor":16},{"not_picked":["Cloak And Dagger","Bane","Deadly Poison+1"],"picked":"SKIP","floor":18},{"not_picked":["Backflip","Deadly Poison"],"picked":"Catalyst","floor":20},{"not_picked":["PiercingWail","Deflect","Deadly Poison"],"picked":"SKIP","floor":21},{"not_picked":["Thinking Ahead","Crow Ritual"],"picked":"Master of Strategy","floor":24},{"not_picked":["Dagger Throw","Terror","Grand Finale"],"picked":"SKIP","floor":27},{"not_picked":["Dagger Spray","Dodge and Roll","Flying Knee"],"picked":"SKIP","floor":29},{"not_picked":["Outmaneuver","Dagger Spray+1","Dagger Throw"],"picked":"SKIP","floor":30},{"not_picked":["Backflip","PiercingWail","Distraction"],"picked":"SKIP","floor":31},{"not_picked":["Leg Sweep","Well Laid Plans","Riddle With Holes"],"picked":"Escape Plan","floor":35},{"not_picked":["Dagger Spray","Sneak Up","Flying Knee"],"picked":"Quick Slash","floor":37},{"not_picked":["Caltrops","Setup+1","Terror+1"],"picked":"Noxious Fumes","floor":39},{"not_picked":["Quick Slash","Underhanded Strike","Riddle With Holes+1"],"picked":"Choke+1","floor":44},{"not_picked":["Heel Hook","Quick Slash","Dagger Spray"],"picked":"Cloak And Dagger","floor":49},{"not_picked":["Quick Slash","Blade Dance","Leg Sweep"],"picked":"Bane+1","floor":50},{"not_picked":["Toxin Wave","Caltrops","Riddle With Holes"],"picked":"Prepared+1","floor":57}],"player_experience":550877,"relics_obtained":[{"floor":6,"key":"Mercury Hourglass"},{"floor":9,"key":"Eternal Feather"},{"floor":12,"key":"Mummified Hand"},{"floor":27,"key":"Anchor"},{"floor":44,"key":"Potion Belt"},{"floor":45,"key":"Pet Ghost"},{"floor":57,"key":"Quantum Egg"}],"event_choices":[{"cards_removed":["Defend_G"],"damage_healed":0,"gold_gain":0,"player_choice":"Card Removal","damage_taken":7,"max_hp_gain":0,"max_hp_loss":0,"event_name":"Golden Wing","floor":11,"gold_loss":0},{"damage_healed":0,"gold_gain":0,"player_choice":"0 cards matched","damage_taken":0,"max_hp_gain":0,"max_hp_loss":0,"event_name":"Match and Keep!","floor":25,"gold_loss":0,"cards_obtained":[]},{"damage_healed":0,"gold_gain":0,"player_choice":"Copied","damage_taken":0,"max_hp_gain":0,"max_hp_loss":0,"event_name":"Duplicator","floor":36,"gold_loss":0,"cards_obtained":["A Thousand Cuts"]},{"damage_healed":0,"gold_gain":0,"cards_transformed":["Defend_G"],"player_choice":"Transformed","damage_taken":0,"max_hp_gain":0,"max_hp_loss":0,"event_name":"Transmorgrifier","floor":48,"gold_loss":0,"cards_obtained":["ReplayTheSpireMod:Shiv Toss"]}],"is_beta":false,"boss_relics":[{"not_picked":["Kintsugi","Philosopher\u0027s Stone"],"picked":"SacredBark"},{"not_picked":["Runic Pyramid","Fusion Hammer"],"picked":"Honey Jar"}],"items_purged_floors":[2,10,13,19,22,24,38,46],"is_endless":false,"potions_floor_spawned":[1,16,27,29,30,31,33,35,37,39,44,49,50,57],"ascension_level":20}}