{"host":"g40mznrtwxqyj1ow","time":1614388909,"event":{"mods":["BaseMod","BetterRewards","Colored Map","Conspire","Hermit","Highlight Path","Hubris","Marisa????????","Minty Spire (QoL Compilation)","Replay The Spire","Robot Space Explorer","Shop Mod","StSLib","The Bug Knight","The Construct","The Cursed","The Jungle","The Marked","The Mystic","The Necromancer","The Servant 0.9.4","[IsaacMod]????"],"gold_per_floor":[118,68,18,37,52,84,107,146,191,191,208,208,224,242,242,345,345,359,409,428,428,445,452,452],"floor_reached":23,"language":"ENG","playtime":2111,"items_purged":["conspire:NecroticWound","hermit:Strike_Hermit"],"score":255,"play_id":"e1409178-eee2-491c-acf4-2e3922e0055d","local_time":"20210227022149","is_ascension_mode":false,"campfire_choices":[{"data":"hermit:Defend_Hermit","floor":10,"key":"PURGE"},{"data":"hermit:Quickdraw","floor":12,"key":"SMITH"},{"data":"hermit:Maintenance","floor":15,"key":"SMITH"}],"circlet_count":0,"master_deck":["hermit:Strike_Hermit","hermit:Strike_Hermit","hermit:Defend_Hermit","hermit:Defend_Hermit","hermit:Snapshot","hermit:Covet","hermit:Scavenge+1","hermit:GhostlyPresence","hermit:PistolWhip+1","hermit:WideOpen+1","hermit:NoHoldsBarred","hermit:Quickdraw+1","hermit:Maintenance+1","Pot Of Greed","Pot Of Greed","hermit:Headshot+1","Writhe","hermit:Quickdraw"],"relics":["hermit:Momento","HushsDoor","YumHeart","Membership Card","Simple Rune","construct:RocketBooster","hubris:FruitBowl","Peace Pipe","Whetstone","GnawedLeaf","SlaversCollar","GuppysHairball","GuppysHead","Frozen Egg 2","Grinning Jar","Shovel"],"acts_visited":["Exordium","Exordium"],"potions_floor_usage":[8,11,19,23],"damage_taken":[{"damage":1,"enemies":"Small Slimes","floor":1,"turns":3},{"damage":0,"enemies":"Cultist","floor":4,"turns":3},{"damage":0,"enemies":"Jaw Worm","floor":5,"turns":3},{"damage":9,"enemies":"Gremlin Nob","floor":6,"turns":3},{"damage":0,"enemies":"Gremlin Gang","floor":7,"turns":4},{"damage":5,"enemies":"3 Sentries","floor":8,"turns":9},{"damage":0,"enemies":"Looter","floor":11,"turns":1},{"damage":0,"enemies":"Blue Slaver","floor":13,"turns":2},{"damage":13,"enemies":"Lots of Slimes","floor":14,"turns":2},{"damage":0,"enemies":"Slime Boss","floor":16,"turns":6},{"damage":0,"enemies":"theJungle:GiantWrat","floor":18,"turns":4},{"damage":13,"enemies":"Hiden Room Battle","floor":19,"turns":4},{"damage":0,"enemies":"theJungle:5_Spyders","floor":20,"turns":67},{"damage":23,"enemies":"theJungle:Snecko_Cultist_And_Trap","floor":22,"turns":7},{"damage":38,"enemies":"theJungle:Cassacara","floor":23,"turns":5}],"seed_played":"2196626033172650224","potions_obtained":[{"floor":1,"key":"Energy Potion"},{"floor":5,"key":"Block Potion"},{"floor":6,"key":"hermit:Eclipse"},{"floor":8,"key":"Energy Potion"},{"floor":11,"key":"Reflective Coating"},{"floor":22,"key":"FearPotion"}],"is_trial":false,"path_per_floor":["M","?","$","M","M","E","M","E","T","R","M","R","M","M","R","B",null,"M","?","M","?","M","E"],"character_chosen":"HERMIT","items_purchased":["Membership Card","GuppysHairball","GuppysHead"],"campfire_rested":0,"item_purchase_floors":[0,17,17],"current_hp_per_floor":[64,64,64,64,64,55,55,70,70,70,70,70,70,57,57,57,45,45,32,45,45,22,0,0],"gold":452,"neow_bonus":"","is_daily":false,"chose_seed":false,"campfire_upgraded":2,"win_rate":0.0,"timestamp":1614388909,"path_taken":["M","?","$","M","M","E","M","E","T","R","?","R","M","M","R","BOSS","M","?","M","?","M","E"],"items_purchased_type":["Relic","Relic","Relic"],"build_version":"2020-12-22","purchased_purges":2,"victory":false,"max_hp_per_floor":[75,75,75,75,75,75,75,75,75,75,75,75,75,75,75,75,45,45,45,45,45,45,45,45],"card_choices":[{"not_picked":["Bomb","hermit:Deadeye"],"picked":"hermit:GhostlyPresence","floor":1},{"not_picked":["hermit:Feint","hermit:Coalescence","hermit:Horror"],"picked":"SKIP","floor":4},{"not_picked":["hermit:Ricochet","hermit:Feint"],"picked":"hermit:PistolWhip","floor":5},{"not_picked":["hermit:HighCaliber","hermit:Dissolve","hermit:Feint"],"picked":"SKIP","floor":6},{"not_picked":["hermit:Shortfuse","hermit:Desperado"],"picked":"hermit:WideOpen","floor":7},{"not_picked":["hermit:Combo","hermit:BodyArmor"],"picked":"hermit:NoHoldsBarred","floor":8},{"not_picked":["hermit:Misfire","hermit:Desperado"],"picked":"hermit:Quickdraw","floor":11},{"not_picked":["hermit:Deadeye","hermit:Cheat"],"picked":"hermit:Maintenance","floor":13},{"not_picked":["hermit:CursedWeapon","hermit:TakeAim"],"picked":"Bomb","floor":14},{"not_picked":["hermit:Roulette+1","hermit:Manifest","hermit:SprayPray"],"picked":"SKIP","floor":18},{"not_picked":["hermit:BodyArmor","hermit:Purgatory"],"picked":"hermit:Headshot+1","floor":19},{"not_picked":["hermit:WideOpen","hermit:HoleUp","hermit:Horror"],"picked":"SKIP","floor":20},{"not_picked":["hermit:PistolWhip+1","hermit:HoleUp"],"picked":"hermit:Quickdraw","floor":22}],"player_experience":550402,"relics_obtained":[{"floor":6,"key":"Peace Pipe"},{"floor":8,"key":"Whetstone"},{"floor":9,"key":"GnawedLeaf"},{"floor":19,"key":"Frozen Egg 2"},{"floor":19,"key":"Grinning Jar"}],"event_choices":[{"cards_removed":["hermit:Strike_Hermit"],"damage_healed":0,"gold_gain":0,"player_choice":"Card Removal","damage_taken":0,"max_hp_gain":0,"max_hp_loss":0,"event_name":"The Cleric","floor":2,"gold_loss":50},{"damage_healed":0,"gold_gain":0,"player_choice":"Fight","damage_taken":0,"max_hp_gain":0,"max_hp_loss":0,"event_name":"HidenRoomEvent","floor":19,"gold_loss":0}],"is_beta":false,"boss_relics":[{"not_picked":["Philosopher\u0027s Stone","Snecko Eye"],"picked":"SlaversCollar"},{"not_picked":[]}],"items_purged_floors":[0,3],"is_endless":false,"potions_floor_spawned":[1,5,6,8,11,18,22],"killed_by":"theJungle:Cassacara","ascension_level":0}}