{"host":"n2uz6wo17e54j9m8","time":1614401698,"event":{"mods":["ATMod(∞¢Ë™Mod)","Act Like it!","Arknights","Aspiration","BaseMod","Friendly Minions","Gensokyo","GungeonMod","Kiyohime£®«Âºß£©","KomeijiMod","Lobotomy","LobotomyExtend","Marisa£®ÏF”Í°°ƒß¿Ì…≥£©","Minty Spire (QoL Compilation)","Pale of the Ancients","Reimu£®≤©¿ˆ¡È√Œ£©","Reliquary","Replay The Spire","StSLib","Yakumo Yukari mod","[IsaacMod]“‘»ˆº‚À˛","°æ“≈ŒÔø®≈∆°øREMEMod"],"gold_per_floor":[115,115,135,150,150,150,165,177,202,202,220,220,245,260,260,359,359,371,382,80,80,80,80,97,97,97,107,107,121,121,135,135,231,231,245,245,295,311,324,324,338,338,415,415,92,106,124,124,124,124,124,124,124,49,75,75],"floor_reached":57,"language":"ZHS","playtime":2384,"items_purged":["Parasite"],"score":1512,"play_id":"3ebe04d7-d84b-4cd8-bd66-1a238e4a2eba","local_time":"20210227125458","is_ascension_mode":true,"campfire_choices":[{"data":"AT_FamilyPortrait","floor":6.0,"key":"SMITH"},{"data":"Eruption","floor":10.0,"key":"SMITH"},{"data":"CrushJoints","floor":15.0,"key":"SMITH"},{"data":"Vault","floor":23.0,"key":"SMITH"},{"data":"AT_OneInchPunch","floor":25.0,"key":"SMITH"},{"data":"REME_CRH","floor":28.0,"key":"SMITH"},{"data":"Halt","floor":30.0,"key":"SMITH"},{"data":"SashWhip","floor":32.0,"key":"SMITH"},{"data":"Devotion","floor":40,"key":"SMITH"},{"floor":42,"key":"RECALL"},{"data":"FlurryOfBlows","floor":53,"key":"SMITH"}],"circlet_count":0,"master_deck":["BlueStar","CENSORED","LongBird","Strike_P","Strike_P","Strike_P","Strike_P","Defend_P","Defend_P","Defend_P","Defend_P","Eruption+1","Vigilance","AT_FamilyPortrait+1","Halt+1","Wellcheers","FollowUp+1","OSAHOGD","CrushJoints+1","Eruption+1","SandsOfTime","REME_Flogging+1","UniverseFragment","FlurryOfBlows+1","REME_CRH+1","Vault+1","Regret","AT_OneInchPunch+1","FlurryOfBlows+1","SashWhip+1","Devotion+1","TalkToTheHand+1","Defragment+1","FIFO Queue","White Noise+1"],"relics":["PureWater","HushsDoor","AT_ATBox","REME_ComplimentaryCards","DeathBook","CogitoBucket","RabbitCall","LetterFromLob","AdjustmentMirror","ReplayTheSpireMod:Shallot","Justitia_r","Blue Doll","SatanicBible","Shuriken","aspiration:DefectSkillbook","BelialBook","AtMidnight","SkinProphecy","GuppysTail","CENSORED_r","Toxic Egg 2","Lee\u0027s Waffle","reliquary:Stiletto","SoundOfStar_r","reliquary:WeakTea"],"acts_visited":["Exordium","TheCity","TheBeyond","TheEnding"],"potions_floor_usage":[46,46,56],"damage_taken":[{"damage":0.0,"enemies":"Small Slimes","floor":1.0,"turns":3.0},{"damage":0.0,"enemies":"Cultist","floor":3.0,"turns":2.0},{"damage":5.0,"enemies":"Jaw Worm","floor":4.0,"turns":2.0},{"damage":0.0,"enemies":"2 Fungi Beasts","floor":7.0,"turns":2.0},{"damage":3.0,"enemies":"Blue Slaver","floor":8.0,"turns":4.0},{"damage":0.0,"enemies":"3 Louse","floor":11.0,"turns":1.0},{"damage":4.0,"enemies":"3 Sentries","floor":13.0,"turns":6.0},{"damage":0.0,"enemies":"Large Slime","floor":14.0,"turns":3.0},{"damage":17.0,"enemies":"Fading Forest","floor":16.0,"turns":11.0},{"damage":0.0,"enemies":"3 Byrds","floor":18.0,"turns":2.0},{"damage":2.0,"enemies":"Chosen","floor":19.0,"turns":4.0},{"damage":0.0,"enemies":"Snecko","floor":24.0,"turns":3.0},{"damage":5.0,"enemies":"Centurion and Healer","floor":27.0,"turns":3.0},{"damage":4.0,"enemies":"Cultist and Chosen","floor":29.0,"turns":3.0},{"damage":15.0,"enemies":"Snake Plant","floor":31.0,"turns":3.0},{"damage":0.0,"enemies":"Pondfish","floor":33.0,"turns":6.0},{"damage":0.0,"enemies":"3 Darklings","floor":35.0,"turns":5.0},{"damage":0,"enemies":"Mind Bloom Boss Battle","floor":37,"turns":3},{"damage":0,"enemies":"Orb Walker","floor":38,"turns":2},{"damage":0,"enemies":"4 Shapes","floor":39,"turns":5},{"damage":0,"enemies":"3 Darklings","floor":41,"turns":3},{"damage":5,"enemies":"Writhing Mass","floor":46,"turns":2},{"damage":6,"enemies":"Transient","floor":47,"turns":4},{"damage":7,"enemies":"Replay:Hell Engine","floor":50,"turns":6},{"damage":41,"enemies":"Shield and Spear","floor":55,"turns":7},{"damage":0,"enemies":"The Heart","floor":56,"turns":5}],"seed_played":"6109775419046547287","potions_obtained":[{"floor":1.0,"key":"Dexterity Potion"},{"floor":7.0,"key":"CalmPotion"},{"floor":14.0,"key":"SkillPotion"},{"floor":29.0,"key":"BlessingOfTheForge"},{"floor":31.0,"key":"ColorlessPotion"},{"floor":39,"key":"RedTea"},{"floor":41,"key":"SkillPotion"}],"is_trial":false,"path_per_floor":["M","$","M","M","?","R","M","M","T","R","M","?","E","M","R","B",null,"M","M","$","?","?","R","M","R","T","M","R","M","R","M","R","B",null,"M","?","?","M","M","R","M","R","T","?","$","M","M","?","R","B",null,null,"R","$","E","B",null],"character_chosen":"WATCHER","items_purchased":["Blue Doll","Vault","BelialBook","Lee\u0027s Waffle","reliquary:Stiletto","FIFO Queue"],"campfire_rested":0,"item_purchase_floors":[20,20,34,45,45,45],"current_hp_per_floor":[72,72,72,67,67,67,67,67,67,67,67,67,66,69,69,58,72,72,70,70,70,70,70,70,70,70,67,67,67,67,56,56,56,62,62,62,58,54,53,53,57,57,57,57,77,70,62,62,77,74,74,79,79,76,49,48],"gold":75,"neow_bonus":"","is_daily":false,"chose_seed":false,"campfire_upgraded":10,"win_rate":0.0,"timestamp":1614401698,"path_taken":["M","$","M","M","?","R","M","M","T","R","M","?","E","M","R","BOSS","M","M","$","?","?","R","M","R","T","M","R","M","R","M","R","BOSS","M","?","?","M","M","R","M","R","T","?","$","?","M","?","R","BOSS","R","$","E","BOSS"],"items_purchased_type":["Relic","Card","Relic","Relic","Relic","Card"],"build_version":"2020-12-22","purchased_purges":1,"victory":true,"max_hp_per_floor":[72,72,72,72,72,72,72,72,72,72,72,72,72,72,72,72,72,72,72,72,72,72,72,72,72,72,72,72,72,72,72,72,72,62,62,62,64,66,68,68,70,70,70,70,77,79,81,77,77,79,79,79,79,76,78,80],"card_choices":[{"not_picked":[],"picked":"DoctorFetus","floor":0.0},{"not_picked":["VoidDream","Porccubus","ShyLook"],"picked":"Singing Bowl","floor":1.0},{"not_picked":["Protect","Replay:ManipulateFuture"],"picked":"Halt","floor":1.0},{"not_picked":["WallGazer","Yin"],"picked":"Wellcheers","floor":3.0},{"not_picked":["Consecrate","AT_RealFormLess"],"picked":"FollowUp","floor":3.0},{"not_picked":["WallGazer","Murderer"],"picked":"OSAHOGD","floor":4.0},{"not_picked":["AT_ChampionStep","FearNoEvil"],"picked":"CrushJoints","floor":4.0},{"not_picked":["SingingMachine","Murderer","Scorched"],"picked":"Singing Bowl","floor":7.0},{"not_picked":["REME_Repentance","Scrawl","Prostrate"],"picked":"SKIP","floor":7.0},{"not_picked":["WhitesApple","RedShoes","Murderer"],"picked":"Singing Bowl","floor":8.0},{"not_picked":["Crescendo","ThirdEye","Swivel"],"picked":"SKIP","floor":8.0},{"not_picked":["BigBadWolf","GreedKing","Yin"],"picked":"Singing Bowl","floor":11.0},{"not_picked":["AT_ChampionStep","Replay:Battleflow"],"picked":"SandsOfTime","floor":11.0},{"not_picked":["RedShoes","CherryBlossoms","Scarecrow"],"picked":"Singing Bowl","floor":13.0},{"not_picked":["Variant","BeautyBeast"],"picked":"UniverseFragment","floor":13.0},{"not_picked":["PathToVictory","CrushJoints"],"picked":"FlurryOfBlows","floor":13.0},{"not_picked":["QueenOfHatred","Murderer","MeatLantern"],"picked":"Singing Bowl","floor":14.0},{"not_picked":["VoidDream","Scorched"],"picked":"LongBird","floor":14.0},{"not_picked":["FlurryOfBlows","FlyingSleeves","InnerPeace"],"picked":"SKIP","floor":14.0},{"not_picked":["BeautyBeast","Alriune","Bloodbath"],"picked":"Singing Bowl","floor":16.0},{"not_picked":["Scrawl","Establishment"],"picked":"REME_CRH","floor":16.0},{"not_picked":["Alriune","RedShoes","Bloodbath"],"picked":"Singing Bowl","floor":18.0},{"not_picked":["REME_Repentance","Replay:Hum","Protect"],"picked":"SKIP","floor":18.0},{"not_picked":["CrushJoints","Replay:ManipulateFuture","Replay:BluntJabs"],"picked":"SKIP","floor":19.0},{"not_picked":["Murderer","MeatLantern","SpiderBud"],"picked":"Singing Bowl","floor":24.0},{"not_picked":["Meditate","WreathOfFlame+1"],"picked":"AT_OneInchPunch","floor":24.0},{"not_picked":["FairyFestival","RedShoes"],"picked":"CENSORED","floor":27.0},{"not_picked":["EmptyFist+1","SignatureMove+1"],"picked":"FlurryOfBlows+1","floor":27.0},{"not_picked":["SnowQueen","BeautyBeast","WhiteNight"],"picked":"Singing Bowl","floor":29.0},{"not_picked":["Establishment","Prostrate+1","Vengeance"],"picked":"SKIP","floor":29.0},{"not_picked":["Porccubus","FairyFestival","WallGazer"],"picked":"Singing Bowl","floor":31.0},{"not_picked":["Replay:BluntJabs+1","PathToVictory"],"picked":"SashWhip","floor":31.0},{"not_picked":["VoidDream","GreedKing","SingingMachine"],"picked":"Singing Bowl","floor":33.0},{"not_picked":["DeusExMachina","REME_EmptyShield"],"picked":"Devotion","floor":33.0},{"not_picked":["FieryBird","BigBadWolf","BeautyBeast"],"picked":"Singing Bowl","floor":35.0},{"not_picked":["Pray","Stack+1","Protect+1","AT_ChampionStep+1"],"picked":"SKIP","floor":35.0},{"not_picked":["WallGazer","MHz","MeatLantern"],"picked":"Singing Bowl","floor":37},{"not_picked":["Porccubus","QueenBee","LaLuna"],"picked":"Singing Bowl","floor":38},{"not_picked":["FollowUp","EmptyMind","SpiritShield"],"picked":"TalkToTheHand+1","floor":38},{"not_picked":["WhiteNight","BeautyBeast","MHz"],"picked":"Singing Bowl","floor":39},{"not_picked":["Replay:AllIn","SashWhip+1","Steam Power+1","Crescendo+1"],"picked":"SKIP","floor":39},{"not_picked":["QueenOfHatred","Variant","BigBird"],"picked":"Singing Bowl","floor":41},{"not_picked":["RedShoes","BeautyBeast"],"picked":"BlueStar","floor":41},{"not_picked":["CutThroughFate","Turbo+1","Gash"],"picked":"Defragment+1","floor":41},{"not_picked":["WhiteNight","HappyTeddy","MeltingLove"],"picked":"Singing Bowl","floor":46},{"not_picked":["ReachHeaven+1","Halt+1","Protect+1"],"picked":"White Noise+1","floor":46},{"not_picked":["LaLuna","DreamingCurrent","HeroicMonk"],"picked":"Singing Bowl","floor":47},{"not_picked":["Leap+1","SpiritShield+1","BasicCrystalCard+1","EmptyFist"],"picked":"SKIP","floor":47},{"not_picked":["BlackSwan","BigBird","GreedKing"],"picked":"Singing Bowl","floor":55},{"not_picked":["Adaptation","FlyingSleeves","Stack+1","Double Energy+1"],"picked":"SKIP","floor":55}],"player_experience":469150,"relics_obtained":[{"floor":1.0,"key":"LetterFromLob"},{"floor":13.0,"key":"ReplayTheSpireMod:Shallot"},{"floor":26.0,"key":"Shuriken"},{"floor":35.0,"key":"AtMidnight"},{"floor":37,"key":"GuppysTail"},{"floor":43,"key":"Toxic Egg 2"},{"floor":55,"key":"reliquary:WeakTea"}],"event_choices":[{"damage_healed":0,"gold_gain":0,"player_choice":"Fight","damage_taken":0,"max_hp_gain":0,"max_hp_loss":0,"event_name":"MindBloom","floor":37,"gold_loss":0},{"damage_healed":0,"gold_gain":0,"player_choice":"Max HP","damage_taken":0,"max_hp_gain":0,"max_hp_loss":4,"event_name":"Winding Halls","floor":48,"gold_loss":0}],"is_beta":false,"boss_relics":[{"not_picked":["reliquary:Ember","Honey Jar","ChampionBelt"]},{"not_picked":["reliquary:RustamsPendant","aspiration:RitualDagger"],"picked":"aspiration:DefectSkillbook"},{"not_picked":[]}],"items_purged_floors":[54],"is_endless":false,"potions_floor_spawned":[1,7,14,24,29,31,39,41,47],"ascension_level":1}}