{"host":"dhv3u8yhd2rnugsp","time":1614400881,"event":{"mods":["BaseMod","Block Reminder","Colored Map","Googly Eyes","Highlight Path","Minty Spire (QoL Compilation)","Permanent Neow","Quick Restart","Random Character Button","StSLib"],"gold_per_floor":[17,17,31,51,51,51,51,51,77,111,69,79,98,129,129,129,129],"floor_reached":16,"language":"ENG","playtime":475,"items_purged":[],"score":220,"play_id":"79d4071b-1c94-43f6-a5c9-0e03a58095df","local_time":"20210226224121","is_ascension_mode":true,"campfire_choices":[{"data":"Accuracy","floor":6.0,"key":"SMITH"},{"data":"Blade Dance","floor":8.0,"key":"SMITH"},{"data":"Accuracy","floor":15.0,"key":"SMITH"}],"circlet_count":0,"master_deck":["AscendersBane","Strike_G","Strike_G","Strike_G","Strike_G","Defend_G","Defend_G","Defend_G","Defend_G","Defend_G","Survivor","Neutralize","Blade Dance+1","Glass Knife","Dodge and Roll","Accuracy+1","Crippling Poison","Accuracy+1","Backflip","PiercingWail"],"relics":["Ring of the Snake","Bird Faced Urn","Snake Skull","Orichalcum","Oddly Smooth Stone"],"acts_visited":["Exordium"],"potions_floor_usage":[],"damage_taken":[{"damage":0.0,"enemies":"2 Louse","floor":1.0,"turns":3.0},{"damage":0.0,"enemies":"Small Slimes","floor":3.0,"turns":3.0},{"damage":1.0,"enemies":"Cultist","floor":4.0,"turns":3.0},{"damage":6.0,"enemies":"3 Sentries","floor":10.0,"turns":6.0},{"damage":0.0,"enemies":"2 Fungi Beasts","floor":12.0,"turns":3.0},{"damage":19.0,"enemies":"Exordium Thugs","floor":13.0,"turns":4.0},{"damage":9.0,"enemies":"Lagavulin","floor":14.0,"turns":5.0},{"damage":45,"enemies":"Hexaghost","floor":16,"turns":11}],"seed_played":"-1832724886411494554","potions_obtained":[{"floor":1.0,"key":"GamblersBrew"},{"floor":10.0,"key":"Block Potion"}],"is_trial":false,"path_per_floor":["M","?","M","M","?","R","?","R","T","E","$","M","M","E","R","B"],"character_chosen":"THE_SILENT","items_purchased":["Accuracy"],"campfire_rested":0,"item_purchase_floors":[11],"current_hp_per_floor":[59,59,59,58,63,63,63,63,63,59,59,59,44,39,39,0,0],"gold":129,"neow_bonus":"ONE_RARE_RELIC","is_daily":false,"chose_seed":false,"campfire_upgraded":3,"win_rate":0.0,"timestamp":1614400881,"path_taken":["M","?","M","M","?","R","?","R","T","E","$","M","M","E","R","BOSS"],"items_purchased_type":["Card"],"build_version":"2020-12-22","purchased_purges":0,"victory":false,"max_hp_per_floor":[66,66,66,66,71,71,71,71,71,71,71,71,71,71,71,71,71],"card_choices":[{"not_picked":["Quick Slash","Dagger Spray"],"picked":"Blade Dance","floor":1.0},{"not_picked":["Outmaneuver","Choke"],"picked":"Dodge and Roll","floor":3.0},{"not_picked":["Dodge and Roll","Outmaneuver"],"picked":"Accuracy","floor":4.0},{"not_picked":["Masterful Stab","Night Terror"],"picked":"Crippling Poison","floor":10.0},{"not_picked":["Dagger Spray","Deadly Poison"],"picked":"Backflip","floor":12.0},{"not_picked":["Underhanded Strike","Prepared"],"picked":"PiercingWail","floor":13.0},{"not_picked":["Distraction","Deadly Poison","Tactician"],"picked":"SKIP","floor":14.0}],"player_experience":1724261,"relics_obtained":[{"floor":9.0,"key":"Snake Skull"},{"floor":10.0,"key":"Orichalcum"},{"floor":14.0,"key":"Oddly Smooth Stone"}],"event_choices":[{"damage_healed":0.0,"max_hp_gain":0.0,"max_hp_loss":0.0,"gold_gain":0.0,"cards_transformed":["Strike_G"],"event_name":"Living Wall","player_choice":"Change","floor":2.0,"gold_loss":0.0,"damage_taken":0.0,"cards_obtained":["Glass Knife"]},{"damage_healed":0.0,"max_hp_gain":5.0,"max_hp_loss":0.0,"gold_gain":0.0,"event_name":"Big Fish","player_choice":"Donut","floor":5.0,"gold_loss":0.0,"damage_taken":0.0},{"damage_healed":0.0,"max_hp_gain":0.0,"max_hp_loss":0.0,"gold_gain":0.0,"event_name":"The Cleric","player_choice":"Leave","floor":7.0,"gold_loss":0.0,"damage_taken":0.0}],"is_beta":false,"boss_relics":[],"items_purged_floors":[],"is_endless":false,"potions_floor_spawned":[1,10],"killed_by":"Hexaghost","ascension_level":20}}