{"host":"dftd5cr6l8m56acq","time":1614399745,"event":{"mods":["AchievementEnabler","BaseMod","Bestiary","Colored Map","Highlight Path","Minty Spire (QoL Compilation)","Relic Stats","StSLib","everything is the same but u backflip on backflip"],"gold_per_floor":[219,239,11,29,43,43,43,43],"floor_reached":7,"language":"ENG","playtime":220,"items_purged":[],"score":60,"play_id":"4e3b1387-74da-4055-9da4-a3001b93dc36","local_time":"20210226232225","is_ascension_mode":true,"campfire_choices":[{"data":"PathToVictory","floor":6,"key":"SMITH"}],"circlet_count":0,"master_deck":["Strike_P","Strike_P","Strike_P","Strike_P","Defend_P","Defend_P","Defend_P","Defend_P","Eruption","Vigilance","PathToVictory+1","WheelKick","Evaluate"],"relics":["PureWater","Bronze Scales"],"acts_visited":["Exordium"],"potions_floor_usage":[7],"damage_taken":[{"damage":0.0,"enemies":"2 Louse","floor":1.0,"turns":2.0},{"damage":17.0,"enemies":"Small Slimes","floor":2.0,"turns":5.0},{"damage":7,"enemies":"Jaw Worm","floor":4,"turns":4},{"damage":6,"enemies":"Looter","floor":5,"turns":3},{"damage":43,"enemies":"Gremlin Nob","floor":7,"turns":4}],"seed_played":"3796036514470269388","potions_obtained":[{"floor":2,"key":"Dexterity Potion"},{"floor":4,"key":"Dexterity Potion"},{"floor":5,"key":"SkillPotion"}],"is_trial":false,"path_per_floor":["M","M","$","M","M","R","E"],"character_chosen":"WATCHER","items_purchased":["WheelKick","Bronze Scales"],"campfire_rested":0,"item_purchase_floors":[3,3],"current_hp_per_floor":[65,48,48,41,35,35,0,0],"gold":43,"neow_bonus":"HUNDRED_GOLD","is_daily":false,"chose_seed":false,"campfire_upgraded":1,"win_rate":0.0,"timestamp":1614399745,"path_taken":["M","M","$","M","M","R","E"],"items_purchased_type":["Card","Relic"],"build_version":"2020-12-22","purchased_purges":0,"victory":false,"max_hp_per_floor":[72,72,72,72,72,72,72,72],"relic_stats":{"counters":[5,18],"Bronze Scales":[21],"obtain_stats":[{"Bronze Scales":3,"PureWater":0},{"Bronze Scales":2,"PureWater":0},{"Bronze Scales":7,"PureWater":0}]},"card_choices":[{"not_picked":["Perseverance","CrushJoints"],"picked":"PathToVictory","floor":1.0},{"not_picked":["FlyingSleeves","Halt","SashWhip"],"picked":"SKIP","floor":2},{"not_picked":["EmptyBody","Pray"],"picked":"Evaluate","floor":4},{"not_picked":["Collect","CutThroughFate","SashWhip"],"picked":"SKIP","floor":5}],"player_experience":510318,"relics_obtained":[],"event_choices":[],"is_beta":false,"boss_relics":[],"items_purged_floors":[],"is_endless":false,"potions_floor_spawned":[2,4,5],"killed_by":"Gremlin Nob","ascension_level":8}}