{"host":"dlqyscxstsnu98l1","time":1614420740,"event":{"mods":["AchievementEnabler","BaseMod","Colored Map","Colored Powertips","GifTheSpireLib","Highlight Path","Minty Spire (QoL Compilation)","Random Character Button","SacredBarkPlus","StSLib","everything is the same but u backflip on backflip"],"gold_per_floor":[368,382,382,6,31,31,62,62,112,112,112,123,142,161,161,260,260,279,279,289,289,301,327,327,327,352,362,362,375,401,417,417,417,417],"floor_reached":33,"language":"ENG","playtime":948,"items_purged":["Strike_G"],"score":387,"play_id":"1fc852b3-f229-43b5-9c14-937dbbbae225","local_time":"20210227041220","is_ascension_mode":true,"campfire_choices":[{"data":"Noxious Fumes","floor":6,"key":"SMITH"},{"data":"Deadly Poison","floor":10,"key":"SMITH"},{"data":"Bouncing Flask","floor":15,"key":"SMITH"},{"floor":25,"key":"REST"},{"floor":32,"key":"REST"}],"circlet_count":0,"master_deck":["Strike_G+1","Strike_G+1","Strike_G+1","Strike_G+1","Defend_G+1","Defend_G+1","Defend_G+1","Defend_G+1","Defend_G+1","Survivor","Neutralize","Quick Slash","Quick Slash","Noxious Fumes+1","Deadly Poison+1","Bouncing Flask+1","Dodge and Roll","After Image+1","All Out Attack","Doubt","Dodge and Roll+1","Noxious Fumes","Wraith Form v2","Bane+1"],"relics":["Ring of the Snake","Membership Card","Blood Vial","Bronze Scales","PreservedInsect","Ornamental Fan","Pear","Cursed Key","Bag of Preparation","Ancient Tea Set","MealTicket","Turnip"],"acts_visited":["Exordium","TheCity"],"potions_floor_usage":[16,23,23,33,33],"damage_taken":[{"damage":0,"enemies":"Jaw Worm","floor":1,"turns":4},{"damage":0,"enemies":"Cultist","floor":2,"turns":4},{"damage":9,"enemies":"3 Sentries","floor":7,"turns":6},{"damage":0,"enemies":"Small Slimes","floor":12,"turns":2},{"damage":3,"enemies":"Blue Slaver","floor":13,"turns":4},{"damage":6,"enemies":"Looter","floor":14,"turns":3},{"damage":18,"enemies":"Slime Boss","floor":16,"turns":8},{"damage":0,"enemies":"Spheric Guardian","floor":18,"turns":3},{"damage":3,"enemies":"Shell Parasite","floor":20,"turns":3},{"damage":16,"enemies":"Sentry and Sphere","floor":22,"turns":4},{"damage":44,"enemies":"Slavers","floor":23,"turns":5},{"damage":2,"enemies":"Snake Plant","floor":27,"turns":3},{"damage":9,"enemies":"Cultist and Chosen","floor":29,"turns":5},{"damage":14,"enemies":"Book of Stabbing","floor":30,"turns":4},{"damage":15,"enemies":"Sentry and Sphere","floor":31,"turns":4},{"damage":74,"enemies":"Champ","floor":33,"turns":9}],"seed_played":"8238223120934396295","potions_obtained":[{"floor":1,"key":"SteroidPotion"},{"floor":12,"key":"Poison Potion"},{"floor":16,"key":"Regen Potion"},{"floor":18,"key":"Poison Potion"},{"floor":29,"key":"Ancient Potion"},{"floor":30,"key":"Weak Potion"},{"floor":31,"key":"BlessingOfTheForge"}],"is_trial":false,"path_per_floor":["M","M","?","$","T","R","E","?","T","R","?","M","M","M","R","B",null,"M","?","M","?","M","E","?","R","T","M","?","M","E","M","R","B"],"character_chosen":"THE_SILENT","items_purchased":["Membership Card","Blood Vial","Bronze Scales","Noxious Fumes"],"campfire_rested":2,"item_purchase_floors":[4,4,4,4],"current_hp_per_floor":[63,63,63,63,63,63,54,63,63,63,61,63,62,58,58,42,65,67,67,66,66,52,25,25,46,46,46,70,63,51,38,59,0,0],"gold":417,"neow_bonus":"TWO_FIFTY_GOLD","is_daily":false,"chose_seed":false,"campfire_upgraded":3,"win_rate":0.0,"timestamp":1614420740,"path_taken":["M","M","?","$","?","R","E","?","T","R","?","M","M","M","R","BOSS","M","?","M","?","?","E","?","R","T","M","?","M","E","M","R","BOSS"],"items_purchased_type":["Relic","Relic","Relic","Card"],"build_version":"2020-12-22","purchased_purges":1,"victory":false,"max_hp_per_floor":[63,63,63,63,63,63,63,63,63,63,73,73,73,73,73,73,73,73,73,73,73,73,73,73,73,73,73,73,73,73,73,73,73,73],"card_choices":[{"not_picked":["Expertise","Terror"],"picked":"Quick Slash","floor":1},{"not_picked":["Backflip","Acrobatics"],"picked":"Quick Slash","floor":2},{"not_picked":["Dagger Throw","Bane"],"picked":"Deadly Poison","floor":7},{"not_picked":["Underhanded Strike","Wraith Form v2"],"picked":"Bouncing Flask","floor":12},{"not_picked":["Prepared","Slice","Outmaneuver"],"picked":"SKIP","floor":13},{"not_picked":["Blade Dance","Sucker Punch"],"picked":"Dodge and Roll","floor":14},{"not_picked":["A Thousand Cuts","Tools of the Trade"],"picked":"After Image","floor":16},{"not_picked":["Heel Hook","Flying Knee","Infinite Blades"],"picked":"SKIP","floor":18},{"not_picked":["Prepared","Quick Slash","Deflect+1"],"picked":"SKIP","floor":20},{"not_picked":["Acrobatics","Flechettes","Quick Slash+1"],"picked":"SKIP","floor":22},{"not_picked":["Predator","Sucker Punch+1"],"picked":"All Out Attack","floor":23},{"not_picked":["Cloak And Dagger","Deflect+1"],"picked":"Dodge and Roll+1","floor":27},{"not_picked":["Prepared","Sucker Punch"],"picked":"Noxious Fumes","floor":29},{"not_picked":["Slice","Flechettes"],"picked":"Wraith Form v2","floor":30},{"not_picked":["Backstab","Terror"],"picked":"Bane+1","floor":31}],"player_experience":296700,"relics_obtained":[{"floor":5,"key":"PreservedInsect"},{"floor":7,"key":"Ornamental Fan"},{"floor":23,"key":"Ancient Tea Set"},{"floor":26,"key":"MealTicket"},{"floor":30,"key":"Turnip"}],"event_choices":[{"damage_healed":0,"gold_gain":0,"player_choice":"0 cards matched","damage_taken":0,"max_hp_gain":0,"max_hp_loss":0,"event_name":"Match and Keep!","floor":3,"gold_loss":0,"cards_obtained":[]},{"damage_healed":21,"gold_gain":0,"player_choice":"Banana","damage_taken":0,"max_hp_gain":0,"max_hp_loss":0,"event_name":"Big Fish","floor":8,"gold_loss":0},{"damage_healed":0,"gold_gain":0,"player_choice":"Success","damage_taken":12,"relics_obtained":["Pear"],"max_hp_gain":0,"max_hp_loss":0,"event_name":"Scrap Ooze","floor":11,"gold_loss":0},{"damage_healed":0,"gold_gain":0,"player_choice":"Opened","damage_taken":0,"relics_obtained":["Bag of Preparation"],"max_hp_gain":0,"max_hp_loss":0,"event_name":"The Mausoleum","floor":19,"gold_loss":0},{"damage_healed":0,"gold_gain":0,"player_choice":"Forge","damage_taken":0,"max_hp_gain":0,"max_hp_loss":0,"event_name":"Accursed Blacksmith","floor":21,"gold_loss":0,"cards_upgraded":["After Image"]},{"damage_healed":0,"gold_gain":0,"player_choice":"Simplicity","damage_taken":0,"max_hp_gain":0,"max_hp_loss":0,"event_name":"Back to Basics","floor":24,"gold_loss":0,"cards_upgraded":["Strike_G","Strike_G","Strike_G","Strike_G","Defend_G","Defend_G","Defend_G","Defend_G","Defend_G"]},{"damage_healed":24,"gold_gain":0,"player_choice":"Heal","damage_taken":0,"max_hp_gain":0,"max_hp_loss":0,"event_name":"The Library","floor":28,"gold_loss":0}],"is_beta":false,"boss_relics":[{"not_picked":["Velvet Choker","HoveringKite"],"picked":"Cursed Key"}],"items_purged_floors":[4],"is_endless":false,"potions_floor_spawned":[1,12,16,18,29,30,31],"killed_by":"Champ","ascension_level":7}}