{"host":"q9718omregw4er46","time":1614419373,"event":{"mods":["BaseMod","Minty Spire (QoL Compilation)","Quick Restart","Relic Stats"],"gold_per_floor":[119,0,10,26,26,59,59,99,99,99,99],"floor_reached":10,"language":"ENG","playtime":239,"items_purged":["Strike_R"],"score":152,"play_id":"f2facc39-f5ad-4ba8-93e5-4871eb69f305","local_time":"20210227144933","is_ascension_mode":true,"campfire_choices":[{"data":"Bash","floor":7,"key":"SMITH"}],"circlet_count":0,"master_deck":["AscendersBane","Strike_R","Strike_R","Strike_R","Strike_R","Defend_R","Defend_R","Defend_R","Defend_R","Bash+1","Flame Barrier","Carnage","Disarm","Pommel Strike","Shockwave"],"relics":["Burning Blood","NeowsBlessing","Golden Idol","Incense Burner","Torii","Girya"],"acts_visited":["Exordium"],"potions_floor_usage":[6],"damage_taken":[{"damage":0,"enemies":"Cultist","floor":1,"turns":1},{"damage":0,"enemies":"Small Slimes","floor":3,"turns":1},{"damage":0,"enemies":"2 Louse","floor":4,"turns":2},{"damage":6,"enemies":"Gremlin Nob","floor":6,"turns":3},{"damage":29,"enemies":"Lagavulin","floor":8,"turns":10},{"damage":27,"enemies":"Gremlin Nob","floor":10,"turns":3}],"seed_played":"3991731577969131679","potions_obtained":[{"floor":4,"key":"AttackPotion"},{"floor":8,"key":"LiquidBronze"}],"is_trial":false,"path_per_floor":["M","$","M","M","?","E","R","E","T","E"],"character_chosen":"IRONCLAD","items_purchased":["Carnage"],"campfire_rested":0,"item_purchase_floors":[2],"current_hp_per_floor":[74,74,75,75,49,49,49,26,26,0,0],"gold":99,"neow_bonus":"THREE_ENEMY_KILL","is_daily":false,"chose_seed":false,"campfire_upgraded":1,"win_rate":0.0,"timestamp":1614419373,"path_taken":["M","$","?","M","?","E","R","E","T","E"],"items_purchased_type":["Card"],"build_version":"2020-12-22","purchased_purges":1,"victory":false,"max_hp_per_floor":[75,75,75,75,75,75,75,75,75,75,75],"relic_stats":{"Torii":0,"counters":[6,20],"Golden Idol":15,"obtain_stats":[{"Girya":9,"NeowsBlessing":0,"Torii":8,"Golden Idol":5,"Incense Burner":6,"Burning Blood":0},{"Girya":5,"NeowsBlessing":0,"Torii":5,"Golden Idol":3,"Incense Burner":4,"Burning Blood":0},{"Girya":17,"NeowsBlessing":0,"Torii":17,"Golden Idol":4,"Incense Burner":7,"Burning Blood":0}],"Burning Blood":19},"card_choices":[{"not_picked":["Flex","Armaments"],"picked":"Flame Barrier","floor":1},{"not_picked":["Bloodletting","Evolve"],"picked":"Disarm","floor":3},{"not_picked":["Cleave","Berserk"],"picked":"Pommel Strike","floor":4},{"not_picked":["True Grit","Twin Strike"],"picked":"Shockwave","floor":6},{"not_picked":["Flex","Blood for Blood","Entrench"],"picked":"SKIP","floor":8}],"player_experience":851402,"relics_obtained":[{"floor":6,"key":"Incense Burner"},{"floor":8,"key":"Torii"},{"floor":9,"key":"Girya"}],"event_choices":[{"damage_healed":0,"gold_gain":0,"player_choice":"Take Damage","damage_taken":26,"relics_obtained":["Golden Idol"],"max_hp_gain":0,"max_hp_loss":0,"event_name":"Golden Idol","floor":5,"gold_loss":0}],"is_beta":false,"boss_relics":[],"items_purged_floors":[2],"is_endless":false,"potions_floor_spawned":[4,8],"killed_by":"Gremlin Nob","ascension_level":20}}