{"host":"zxkjcgzis4pm3za5","time":1614407175,"event":{"mods":["2.2 Compatiblity","AchievementEnabler","BaseMod","Colored Map","Colored Powertips","Minty Spire (QoL Compilation)","Quick Restart","Random Character Button","Relic Filter Mod","Relic Sorter","Relic Stats","StSLib","ojb\u0027s Info Mod"],"gold_per_floor":[110,75,86,86,99,99,128,128,128,155,80,96,96,96,96,185,185,201,215,51,51,69,69,69,69],"floor_reached":24,"language":"ENG","playtime":908,"items_purged":["Pain"],"score":408,"play_id":"33523864-a3bb-407f-a417-15619544cb92","local_time":"20210227115615","is_ascension_mode":true,"campfire_choices":[{"data":"Tempest","floor":6.0,"key":"SMITH"},{"data":"Capacitor","floor":8.0,"key":"SMITH"},{"data":"Consume","floor":15.0,"key":"SMITH"},{"floor":23,"key":"REST"}],"circlet_count":0,"master_deck":["AscendersBane","Strike_B","Strike_B","Strike_B","Defend_B","Defend_B","Defend_B","Defend_B","Zap","Dualcast","Tempest+1","Cold Snap","Hologram","Capacitor+1","Ball Lightning","Consume+1","Seek+1","Defragment","Recycle+1","Capacitor","Redo+1"],"relics":["Runic Dome","WarpedTongs","Ginger","StoneCalendar","Dream Catcher","Golden Idol","Toxic Egg 2","Runic Pyramid","OrangePellets"],"acts_visited":["TheCity"],"potions_floor_usage":[16,18],"damage_taken":[{"damage":7.0,"enemies":"Small Slimes","floor":1.0,"turns":4.0},{"damage":9.0,"enemies":"2 Louse","floor":3.0,"turns":2.0},{"damage":3.0,"enemies":"Cultist","floor":5.0,"turns":3.0},{"damage":8.0,"enemies":"Gremlin Nob","floor":7.0,"turns":3.0},{"damage":7.0,"enemies":"3 Sentries","floor":10.0,"turns":3.0},{"damage":8.0,"enemies":"Blue Slaver","floor":12.0,"turns":3.0},{"damage":11,"enemies":"The Guardian","floor":16,"turns":7},{"damage":0,"enemies":"Spheric Guardian","floor":18,"turns":3},{"damage":16,"enemies":"Shell Parasite","floor":19,"turns":5},{"damage":22,"enemies":"Centurion and Healer","floor":22,"turns":7},{"damage":37,"enemies":"Book of Stabbing","floor":24,"turns":4}],"seed_played":"8271768819010110506","potions_obtained":[{"floor":1.0,"key":"ColorlessPotion"},{"floor":7.0,"key":"PowerPotion"},{"floor":12.0,"key":"SkillPotion"},{"floor":16,"key":"Dexterity Potion"},{"floor":18,"key":"DuplicationPotion"}],"is_trial":false,"path_per_floor":["M","?","M","?","M","R","E","R","T","E","$","M","?","T","R","B",null,"M","M","$","?","M","R","E"],"character_chosen":"DEFECT","items_purchased":["OrangePellets"],"campfire_rested":1,"item_purchase_floors":[20],"current_hp_per_floor":[57,71,62,62,59,59,51,51,51,44,44,36,36,36,36,25,54,54,38,38,38,16,35,0,0],"gold":69,"neow_bonus":"BOSS_RELIC","is_daily":false,"chose_seed":false,"campfire_upgraded":3,"win_rate":0.0,"timestamp":1614407175,"path_taken":["M","?","M","?","?","R","E","R","T","E","$","M","?","?","R","BOSS","M","M","$","?","M","R","E"],"items_purchased_type":["Relic"],"build_version":"2020-12-22","purchased_purges":1,"victory":false,"max_hp_per_floor":[71,71,71,71,71,71,71,71,71,71,71,71,64,64,64,64,64,64,64,64,64,64,64,64,64],"relic_stats":{"OrangePellets":[1],"Dream Catcher":1,"counters":[11,44],"Golden Idol":28,"StoneCalendar":[43],"Ginger":[0],"obtain_stats":[{"Runic Dome":0,"OrangePellets":20,"Dream Catcher":10,"Golden Idol":13,"StoneCalendar":9,"Ginger":7,"Toxic Egg 2":14,"Cracked Core":0,"WarpedTongs":4,"Runic Pyramid":17},{"Runic Dome":0,"OrangePellets":9,"Dream Catcher":5,"Golden Idol":6,"StoneCalendar":4,"Ginger":4,"Toxic Egg 2":6,"Cracked Core":0,"WarpedTongs":2,"Runic Pyramid":7},{"Runic Dome":0,"OrangePellets":33,"Dream Catcher":15,"Golden Idol":18,"StoneCalendar":12,"Ginger":12,"Toxic Egg 2":18,"Cracked Core":0,"WarpedTongs":6,"Runic Pyramid":25}],"WarpedTongs":[38]},"card_choices":[{"not_picked":["Chaos","Beam Cell"],"picked":"Tempest","floor":1.0},{"not_picked":["Coolheaded","Turbo"],"picked":"Cold Snap","floor":3.0},{"not_picked":["Steam","Fusion"],"picked":"Hologram","floor":5.0},{"not_picked":["Reprogram","Steam"],"picked":"Capacitor","floor":7.0},{"not_picked":["Turbo","FTL"],"picked":"Ball Lightning","floor":10.0},{"not_picked":["Double Energy","Hello World"],"picked":"Consume","floor":12.0},{"not_picked":["Machine Learning","Rainbow+1"],"picked":"Seek+1","floor":16},{"not_picked":["Storm","Rebound"],"picked":"Defragment","floor":18},{"not_picked":["Blizzard","Steam+1"],"picked":"Recycle+1","floor":19},{"not_picked":["Go for the Eyes","Stack+1"],"picked":"Redo+1","floor":22}],"player_experience":442270,"relics_obtained":[{"floor":7.0,"key":"Ginger"},{"floor":9.0,"key":"StoneCalendar"},{"floor":10.0,"key":"Dream Catcher"},{"floor":14.0,"key":"Toxic Egg 2"}],"event_choices":[{"damage_healed":17.0,"max_hp_gain":0.0,"max_hp_loss":0.0,"gold_gain":0.0,"event_name":"The Cleric","player_choice":"Healed","floor":2.0,"gold_loss":35.0,"damage_taken":0.0},{"damage_healed":0.0,"max_hp_gain":0.0,"max_hp_loss":0.0,"gold_gain":0.0,"event_name":"Accursed Blacksmith","player_choice":"Rummage","floor":4.0,"gold_loss":0.0,"damage_taken":0.0,"relics_obtained":["WarpedTongs"],"cards_obtained":["Pain"]},{"damage_healed":0.0,"max_hp_gain":0.0,"max_hp_loss":7.0,"gold_gain":0.0,"event_name":"Golden Idol","player_choice":"Lose Max HP","floor":13.0,"gold_loss":0.0,"damage_taken":0.0,"relics_obtained":["Golden Idol"]},{"damage_healed":0,"gold_gain":0,"cards_transformed":["Strike_B"],"player_choice":"Transformed","damage_taken":0,"max_hp_gain":0,"max_hp_loss":0,"event_name":"Transmorgrifier","floor":21,"gold_loss":0,"cards_obtained":["Capacitor"]}],"is_beta":false,"boss_relics":[{"not_picked":["Coffee Dripper","Busted Crown"],"picked":"Runic Pyramid"}],"items_purged_floors":[11],"is_endless":false,"potions_floor_spawned":[1,7,12,16,18],"killed_by":"Book of Stabbing","ascension_level":20}}