{"host":"7e6a7vfmtx61a48y","time":1614433689,"event":{"mods":["BaseMod","Better Note","BetterRewards","Block Reminder","Colored Powertips","Curses Come First","Gremlin Skip","Hubris","Minty Spire (QoL Compilation)","Quick Restart","Rare Cards Sparkle","Reliquary","StSLib","SuperFastMode"],"gold_per_floor":[116,126,141,153,165,192,192,218,218,238,238,253,263,243,243,314,314,328,342,94,107,59,59,59,59],"floor_reached":24,"language":"ENG","playtime":1191,"items_purged":["Defend_R"],"score":350,"play_id":"0cb8e78d-d392-409f-80cc-ca30a1b74cbf","local_time":"20210227214809","is_ascension_mode":true,"campfire_choices":[{"floor":7.0,"key":"REST"},{"data":"Armaments","floor":11.0,"key":"SMITH"},{"data":"Warcry","floor":15.0,"key":"SMITH"},{"floor":23,"key":"REST"}],"circlet_count":0,"master_deck":["AscendersBane","Strike_R","Strike_R","Strike_R","Defend_R","Defend_R","Defend_R","Bash","Armaments+1","Warcry+1","Thunderclap","Dropkick","Demon Form","Limit Break"],"relics":["Burning Blood","Sling","Ginger","Happy Flower","Charon\u0027s Ashes","reliquary:Aerogel","Empty Cage","reliquary:PurpleTingedLeaf"],"acts_visited":["Exordium","TheCity"],"potions_floor_usage":[24,24],"damage_taken":[{"damage":0.0,"enemies":"Small Slimes","floor":1.0,"turns":3.0},{"damage":1.0,"enemies":"Cultist","floor":2.0,"turns":4.0},{"damage":9.0,"enemies":"2 Louse","floor":3.0,"turns":4.0},{"damage":1.0,"enemies":"Exordium Wildlife","floor":4.0,"turns":4.0},{"damage":22.0,"enemies":"3 Louse","floor":5.0,"turns":4.0},{"damage":37.0,"enemies":"Lagavulin","floor":6.0,"turns":6.0},{"damage":21.0,"enemies":"Gremlin Nob","floor":8.0,"turns":4.0},{"damage":9.0,"enemies":"Gremlin Gang","floor":10.0,"turns":4.0},{"damage":0.0,"enemies":"Large Slime","floor":12.0,"turns":4.0},{"damage":27.0,"enemies":"Lots of Slimes","floor":13.0,"turns":3.0},{"damage":34.0,"enemies":"Hexaghost","floor":16.0,"turns":9.0},{"damage":34.0,"enemies":"Spheric Guardian","floor":18.0,"turns":6.0},{"damage":37,"enemies":"3 Byrds","floor":19,"turns":8},{"damage":26,"enemies":"Cultist and Chosen","floor":21,"turns":5},{"damage":32,"enemies":"Gremlin Leader","floor":24,"turns":5}],"seed_played":"-4421582159905472518","potions_obtained":[{"floor":6.0,"key":"LiquidMemories"},{"floor":8.0,"key":"BloodPotion"},{"floor":12.0,"key":"Weak Potion"},{"floor":14.0,"key":"SneckoOil"},{"floor":16.0,"key":"FairyPotion"},{"floor":19,"key":"ElixirPotion"},{"floor":21,"key":"PowerPotion"}],"is_trial":false,"path_per_floor":["M","M","M","M","M","E","R","E","T","M","R","M","M","?","R","B",null,"M","M","$","M","$","R","E"],"character_chosen":"IRONCLAD","items_purchased":["Sling","Armaments","reliquary:PurpleTingedLeaf","Fire Potion"],"campfire_rested":2,"item_purchase_floors":[0,0,20,22],"current_hp_per_floor":[78,80,77,80,64,33,57,58,58,55,55,61,40,40,40,12,63,35,30,30,11,11,35,5,5],"gold":59,"neow_bonus":"","is_daily":false,"chose_seed":false,"campfire_upgraded":2,"win_rate":0.0,"timestamp":1614433689,"path_taken":["M","M","M","M","M","E","R","E","T","M","R","M","M","?","R","BOSS","M","M","$","M","$","R","E"],"items_purchased_type":["Relic","Card","Relic","Potion"],"build_version":"2020-12-22","purchased_purges":1,"victory":false,"max_hp_per_floor":[80,80,80,80,80,80,80,80,80,80,80,80,80,80,80,80,80,80,80,80,80,80,80,80,80],"card_choices":[{"not_picked":["hubris:ReadiedAction","Heavy Blade"],"picked":"Warcry","floor":1.0},{"not_picked":["Sever Soul","Flex","True Grit"],"picked":"SKIP","floor":2.0},{"not_picked":["Clothesline","Twin Strike"],"picked":"Thunderclap","floor":3.0},{"not_picked":["Carnage","Second Wind"],"picked":"Dropkick","floor":4.0},{"not_picked":["Dropkick","Havoc","Dark Embrace"],"picked":"SKIP","floor":5.0},{"not_picked":["Power Through","Berserk"],"picked":"Demon Form","floor":6.0},{"not_picked":["Perfected Strike","hubris:ReadiedAction","True Grit"],"picked":"SKIP","floor":8.0},{"not_picked":["Dual Wield","Combust","Flex"],"picked":"SKIP","floor":10.0},{"not_picked":["Sword Boomerang","Pommel Strike","Whirlwind"],"picked":"SKIP","floor":12.0},{"not_picked":["Metallicize","Havoc","Immolate"],"picked":"SKIP","floor":13.0},{"not_picked":["Barricade","Corruption"],"picked":"Limit Break","floor":16.0},{"not_picked":["Dropkick","Flame Barrier","Sever Soul"],"picked":"SKIP","floor":18.0},{"not_picked":["Rage","Armaments","Dropkick"],"picked":"SKIP","floor":19},{"not_picked":["Clash","Whirlwind","Flame Barrier"],"picked":"SKIP","floor":21}],"player_experience":377860,"relics_obtained":[{"floor":6.0,"key":"Happy Flower"},{"floor":8.0,"key":"Charon\u0027s Ashes"},{"floor":9.0,"key":"reliquary:Aerogel"}],"event_choices":[{"damage_healed":0.0,"max_hp_gain":0.0,"max_hp_loss":0.0,"gold_gain":0.0,"event_name":"The Woman in Blue","player_choice":"Bought 1 Potion","floor":14.0,"gold_loss":0.0,"damage_taken":0.0}],"is_beta":false,"boss_relics":[{"not_picked":["hubris:CrackedHourglass","Coffee Dripper"],"picked":"Empty Cage"}],"items_purged_floors":[0],"is_endless":false,"potions_floor_spawned":[6,8,12,16,19,21],"killed_by":"Gremlin Leader","ascension_level":13}}