{"host":"sc0o2qwpf9j16a4i","time":1614418750,"event":{"mods":["AchievementEnabler","BaseMod","BetterRewards","Block Reminder","Colored Map","Colored Powertips","Custom Start","Highlight Path","Minty Spire (QoL Compilation)","Relic Stats"],"gold_per_floor":[119,119,147,147,173,173,204,225,225,225,225],"floor_reached":10,"language":"ENG","playtime":296,"items_purged":[],"score":136,"play_id":"5e646e68-9a3f-4ae1-8e8b-3a0a2271c6ae","local_time":"20210227113910","is_ascension_mode":true,"campfire_choices":[{"floor":6,"key":"REST"}],"circlet_count":0,"master_deck":["AscendersBane","Strike_R","Strike_R+1","Strike_R","Strike_R","Strike_R","Defend_R","Defend_R","Defend_R","Defend_R+1","Bash","Metallicize","Clothesline","Sword Boomerang","Battle Trance","Inflame","Metallicize"],"relics":["Burning Blood","Dead Branch","CeramicFish","Oddly Smooth Stone","Juzu Bracelet","Question Card"],"acts_visited":["Exordium"],"potions_floor_usage":[8,10],"damage_taken":[{"damage":6,"enemies":"Jaw Worm","floor":1,"turns":3},{"damage":3,"enemies":"Small Slimes","floor":3,"turns":4},{"damage":0,"enemies":"2 Louse","floor":5,"turns":2},{"damage":23,"enemies":"Lagavulin","floor":7,"turns":8},{"damage":14,"enemies":"Exordium Wildlife","floor":8,"turns":4},{"damage":16,"enemies":"3 Sentries","floor":10,"turns":4}],"seed_played":"-3358437050474356007","potions_obtained":[{"floor":1,"key":"SneckoOil"},{"floor":7,"key":"DuplicationPotion"}],"is_trial":false,"path_per_floor":["M","?","M","?","M","R","E","M","T","E"],"character_chosen":"IRONCLAD","items_purchased":["Dead Branch","Metallicize","CeramicFish","Oddly Smooth Stone","Clothesline"],"campfire_rested":1,"item_purchase_floors":[0,0,0,0,0],"current_hp_per_floor":[33,10,13,13,19,41,24,16,16,0,0],"gold":225,"neow_bonus":"","is_daily":false,"chose_seed":false,"campfire_upgraded":0,"win_rate":0.0,"timestamp":1614418750,"path_taken":["M","?","M","?","M","R","E","M","T","E"],"items_purchased_type":["Relic","Card","Relic","Relic","Card"],"build_version":"2020-12-22","purchased_purges":0,"victory":false,"max_hp_per_floor":[75,75,75,75,75,75,75,75,75,75,75],"relic_stats":{"counters":[35,187],"Dead Branch":[11],"CeramicFish":270,"Juzu Bracelet":0,"Question Card":0,"obtain_stats":[{"Lantern":25,"Happy Flower":9,"Torii":41,"Nilry\u0027s Codex":19,"CeramicFish":12,"Dead Branch":0,"Oddly Smooth Stone":3,"Vajra":26,"Bag of Preparation":31,"Juzu Bracelet":7,"Ginger":28,"Orichalcum":47,"Cursed Key":17,"Ancient Tea Set":31,"Question Card":9,"Burning Blood":0,"Akabeko":14,"Frozen Eye":31,"Snecko Eye":34,"MealTicket":23,"Bag of Marbles":43,"Champion Belt":29,"Red Skull":6,"Unceasing Top":45},{"Lantern":16,"Happy Flower":6,"Torii":24,"Nilry\u0027s Codex":11,"CeramicFish":8,"Dead Branch":29,"Oddly Smooth Stone":2,"Vajra":16,"Bag of Preparation":19,"Juzu Bracelet":33,"Ginger":17,"Orichalcum":27,"Cursed Key":10,"Ancient Tea Set":19,"Question Card":34,"Burning Blood":0,"Akabeko":9,"Frozen Eye":19,"Snecko Eye":20,"MealTicket":15,"Bag of Marbles":24,"Champion Belt":18,"Red Skull":5,"Unceasing Top":26},{"Lantern":90,"Happy Flower":30,"Torii":132,"Nilry\u0027s Codex":64,"CeramicFish":42,"Dead Branch":162,"Oddly Smooth Stone":6,"Vajra":90,"Bag of Preparation":107,"Juzu Bracelet":179,"Ginger":95,"Orichalcum":145,"Cursed Key":59,"Ancient Tea Set":107,"Question Card":183,"Burning Blood":0,"Akabeko":50,"Frozen Eye":107,"Snecko Eye":116,"MealTicket":86,"Bag of Marbles":132,"Champion Belt":102,"Red Skull":23,"Unceasing Top":139}],"Burning Blood":132},"card_choices":[{"not_picked":["Shrug It Off","Clash"],"picked":"Sword Boomerang","floor":1},{"not_picked":["Twin Strike","Armaments"],"picked":"Battle Trance","floor":3},{"not_picked":["Wild Strike","Iron Wave"],"picked":"Inflame","floor":5},{"not_picked":["Heavy Blade","Clothesline","Seeing Red"],"picked":"SKIP","floor":7},{"not_picked":["Second Wind","Heavy Blade"],"picked":"Metallicize","floor":8}],"player_experience":1581640,"relics_obtained":[{"floor":7,"key":"Juzu Bracelet"},{"floor":9,"key":"Question Card"}],"event_choices":[{"damage_healed":0,"gold_gain":0,"player_choice":"Entered Light","damage_taken":23,"max_hp_gain":0,"max_hp_loss":0,"event_name":"Shining Light","floor":2,"gold_loss":0,"cards_upgraded":["Strike_R","Defend_R"]},{"damage_healed":0,"gold_gain":0,"player_choice":"Ignored","damage_taken":0,"max_hp_gain":0,"max_hp_loss":0,"event_name":"Liars Game","floor":4,"gold_loss":0}],"is_beta":false,"boss_relics":[],"items_purged_floors":[],"is_endless":false,"potions_floor_spawned":[1,7],"killed_by":"3 Sentries","ascension_level":20}}