{"host":"0iuhrgzkozzv273x","time":1614402095,"event":{"mods":["2.2 Compatiblity","BaseMod","Colored Map","Curses Come First","Downfall","Minty Spire (QoL Compilation)","Shapeshifter Mod","Spire Arcade","StSLib","The Construct","Unceasing Turn Reminder"],"gold_per_floor":[118,193,193,193,208,208,234,234,306,231,277,314,314,355,355,474,474,515,119,107,145,145,160,160],"floor_reached":23,"language":"ENG","playtime":1702,"items_purged":["StSShapeShifter:ShapeShifter_Strike","StSShapeShifter:ShapeShifter_Strike"],"score":257,"play_id":"e9953068-02bb-4189-a5d3-3aa8a37f7730","local_time":"20210227000135","is_ascension_mode":false,"campfire_choices":[{"data":"StSShapeShifter:Lynx_Form","floor":6,"key":"SMITH"},{"data":"StSShapeShifter:FoxForm","floor":8,"key":"SMITH"},{"data":"StSShapeShifter:FruitBasket","floor":15,"key":"SMITH"}],"circlet_count":0,"master_deck":["StSShapeShifter:ShapeShifter_Strike","StSShapeShifter:ShapeShifter_Strike+1","StSShapeShifter:ShapeShifter_Defend","StSShapeShifter:ShapeShifter_Defend","StSShapeShifter:ShapeShifter_Defend","StSShapeShifter:ShapeShifter_Defend","StSShapeShifter:ShapeShifter_Defend","StSShapeShifter:Tortoise_Form","StSShapeShifter:Lynx_Form+1","StSShapeShifter:FoxForm+1","StSShapeShifter:FruitBasket+1","StSShapeShifter:BurstingSpore+1","StSShapeShifter:Summer","StSShapeShifter:RockSlide+1"],"relics":["StSShapeShifter:AnimalHeart","StSShapeShifter:TheShapeShiftersMagnolia","NeowsBlessing","Akabeko","Pear","TungstenRod","Question Card","Black Star","Medical Kit","Whetstone"],"acts_visited":["Exordium","TheCity"],"potions_floor_usage":[12,12,14,16,16,20,20,23],"damage_taken":[{"damage":0,"enemies":"Cultist","floor":1,"turns":1},{"damage":0,"enemies":"Small Slimes","floor":5,"turns":2},{"damage":0,"enemies":"Lagavulin","floor":7,"turns":1},{"damage":0,"enemies":"2 Louse","floor":11,"turns":5},{"damage":12,"enemies":"Gremlin Nob","floor":12,"turns":4},{"damage":25,"enemies":"Lagavulin","floor":14,"turns":15},{"damage":55,"enemies":"Slime Boss","floor":16,"turns":19},{"damage":35,"enemies":"Chosen","floor":18,"turns":9},{"damage":3,"enemies":"2 Thieves","floor":20,"turns":5},{"damage":18,"enemies":"Centurion and Healer","floor":21,"turns":8},{"damage":49,"enemies":"Book of Stabbing","floor":23,"turns":7}],"seed_played":"-3155088201665014210","potions_obtained":[{"floor":1,"key":"SkillPotion"},{"floor":7,"key":"champ:CounterPotion"},{"floor":11,"key":"Weak Potion"},{"floor":13,"key":"Regen Potion"},{"floor":13,"key":"Strength Potion"},{"floor":14,"key":"FearPotion"},{"floor":16,"key":"EssenceOfSteel"},{"floor":18,"key":"LiquidMemories"}],"is_trial":false,"path_per_floor":["M","?","?","?","M","R","E","R","T","$","M","E","?","E","R","B",null,"M","$","M","M","?","E"],"character_chosen":"SHAPESHIFTER","items_purchased":["Medical Kit","Whetstone"],"campfire_rested":0,"item_purchase_floors":[19,19],"current_hp_per_floor":[78,67,72,72,72,72,72,72,82,82,82,72,72,64,64,11,93,62,62,61,45,45,0,0],"gold":160,"neow_bonus":"THREE_ENEMY_KILL","is_daily":false,"chose_seed":false,"campfire_upgraded":3,"win_rate":0.0,"timestamp":1614402095,"path_taken":["M","?","?","?","M","R","E","R","T","?","?","E","?","E","R","BOSS","M","$","M","M","?","E"],"items_purchased_type":["Relic","Relic"],"build_version":"2020-12-22","purchased_purges":2,"victory":false,"max_hp_per_floor":[78,78,83,83,83,83,83,83,93,93,93,93,93,93,93,93,93,93,93,93,93,93,93,93],"card_choices":[{"not_picked":["StSShapeShifter:IntimidatingAura","StSShapeShifter:EmbraceTheCycle"],"picked":"StSShapeShifter:FoxForm","floor":1},{"not_picked":["StSShapeShifter:SpiritOfTheEarth","StSShapeShifter:Guard","StSShapeShifter:Hunt"],"picked":"SKIP","floor":5},{"not_picked":["StSShapeShifter:Bonk","StSShapeShifter:WaspSwarmForm","StSShapeShifter:Wildfire2"],"picked":"SKIP","floor":7},{"not_picked":["StSShapeShifter:SquirrelForm","StSShapeShifter:BladeOfGrass"],"picked":"StSShapeShifter:FruitBasket","floor":11},{"not_picked":["StSShapeShifter:SpiritOfTheEarth","StSShapeShifter:FesteringBite"],"picked":"StSShapeShifter:BurstingSpore","floor":12},{"not_picked":["StSShapeShifter:IntimidatingAura","StSShapeShifter:ShiftingStrike","StSShapeShifter:PorcupineForm"],"picked":"SKIP","floor":14},{"not_picked":["StSShapeShifter:Flood","StSShapeShifter:Vengeance","StSShapeShifter:RitualOfTheElders"],"picked":"StSShapeShifter:Summer","floor":16},{"not_picked":["StSShapeShifter:Sapling","StSShapeShifter:OakBlade","StSShapeShifter:BladeOfGrass","StSShapeShifter:PoisonIvy"],"picked":"SKIP","floor":18},{"not_picked":["StSShapeShifter:Sapling","StSShapeShifter:DeerForm","StSShapeShifter:WolfForm"],"picked":"StSShapeShifter:RockSlide+1","floor":20},{"not_picked":["StSShapeShifter:Roar","StSShapeShifter:DeepWound","StSShapeShifter:Guard","StSShapeShifter:BloomingSlash"],"picked":"SKIP","floor":21}],"player_experience":840350,"relics_obtained":[{"floor":7,"key":"Akabeko"},{"floor":9,"key":"Pear"},{"floor":12,"key":"TungstenRod"},{"floor":14,"key":"Question Card"}],"event_choices":[{"damage_healed":0,"gold_gain":75,"player_choice":"Gather Gold","damage_taken":11,"max_hp_gain":0,"max_hp_loss":0,"event_name":"World of Goop","floor":2,"gold_loss":0},{"damage_healed":0,"gold_gain":0,"player_choice":"Donut","damage_taken":0,"max_hp_gain":5,"max_hp_loss":0,"event_name":"Big Fish","floor":3,"gold_loss":0},{"cards_removed":["StSShapeShifter:ShapeShifter_Strike"],"damage_healed":0,"gold_gain":0,"player_choice":"Forget","damage_taken":0,"max_hp_gain":0,"max_hp_loss":0,"event_name":"Living Wall","floor":4,"gold_loss":0}],"is_beta":false,"boss_relics":[{"not_picked":["Astrolabe","construct:WeddingRing"],"picked":"Black Star"}],"items_purged_floors":[10,19],"is_endless":false,"potions_floor_spawned":[1,7,11,14,16,18],"killed_by":"Book of Stabbing","ascension_level":0}}