{"host":"49pjgf1q9ev52n8z","time":1614410855,"event":{"mods":["BaseMod","Bestiary","Colored Map","Keyboard Shortcuts","Minty Spire (QoL Compilation)","Practice Mode","Relic Stats","StSLib"],"gold_per_floor":[219,67,83,95,95,95,130,146,146,159,159,159,180,199,199,330,330,349,46,46,61,79,122,122,0,0,27,42,42,63,107,107,235,235,255,255,588,588,93,93,93],"floor_reached":40,"language":"ENG","playtime":2968,"items_purged":[],"score":600,"play_id":"a5b7a1aa-6939-42bb-8a29-55536258e47b","local_time":"20210226232735","is_ascension_mode":true,"campfire_choices":[{"floor":6,"key":"REST"},{"floor":11,"key":"REST"},{"data":"Eruption","floor":15,"key":"SMITH"},{"data":"BattleHymn","floor":24,"key":"SMITH"},{"data":"Wireheading","floor":29,"key":"SMITH"},{"data":"Adaptation","floor":32,"key":"SMITH"}],"circlet_count":0,"master_deck":["Strike_P","Strike_P","Strike_P","Defend_P","Defend_P","Defend_P+1","Eruption+1","Vigilance","CutThroughFate","FearNoEvil","SashWhip","FollowUp","BowlingBash","EmptyFist","Evaluate","BattleHymn+1","DeusExMachina","CurseOfTheBell","FlurryOfBlows","Wireheading+1","Weave","ClearTheMind","Meditate","Prostrate","FlurryOfBlows","Consecrate","Crescendo","MentalFortress+1","Adaptation+1","LessonLearned+1","Adaptation"],"relics":["PureWater","Toy Ornithopter","PreservedInsect","Calling Bell","Lantern","Shuriken","Du-Vu Doll","Lee\u0027s Waffle","Eternal Feather","Incense Burner","Anchor","Molten Egg 2","Cursed Key","ClockworkSouvenir","Art of War"],"acts_visited":["Exordium","TheCity","TheBeyond"],"potions_floor_usage":[16,21,22,23,30,30,31,35,40],"damage_taken":[{"damage":11,"enemies":"Jaw Worm","floor":1,"turns":5},{"damage":0,"enemies":"2 Louse","floor":3,"turns":2},{"damage":0,"enemies":"Cultist","floor":4,"turns":2},{"damage":47,"enemies":"Lagavulin","floor":7,"turns":9},{"damage":0,"enemies":"Large Slime","floor":8,"turns":2},{"damage":9,"enemies":"Blue Slaver","floor":10,"turns":4},{"damage":0,"enemies":"Gremlin Gang","floor":13,"turns":4},{"damage":0,"enemies":"3 Louse","floor":14,"turns":2},{"damage":35,"enemies":"The Guardian","floor":16,"turns":11},{"damage":12,"enemies":"Chosen","floor":18,"turns":4},{"damage":7,"enemies":"Spheric Guardian","floor":21,"turns":4},{"damage":18,"enemies":"Snake Plant","floor":22,"turns":3},{"damage":10,"enemies":"Slavers","floor":23,"turns":4},{"damage":24,"enemies":"Centurion and Healer","floor":28,"turns":5},{"damage":0,"enemies":"Snecko","floor":30,"turns":2},{"damage":12,"enemies":"Gremlin Leader","floor":31,"turns":3},{"damage":60,"enemies":"Automaton","floor":33,"turns":7},{"damage":18,"enemies":"3 Shapes","floor":35,"turns":7},{"damage":68,"enemies":"Reptomancer","floor":40,"turns":3}],"seed_played":"-9168085168689662076","potions_obtained":[{"floor":1,"key":"Explosive Potion"},{"floor":8,"key":"Swift Potion"},{"floor":16,"key":"Block Potion"},{"floor":21,"key":"PowerPotion"},{"floor":23,"key":"DuplicationPotion"},{"floor":28,"key":"LiquidBronze"},{"floor":33,"key":"Dexterity Potion"},{"floor":35,"key":"Block Potion"}],"is_trial":false,"path_per_floor":["M","$","M","M","?","R","E","M","T","M","R","?","M","M","R","B",null,"M","$","?","M","M","E","R","?","T","T","M","R","M","E","R","B",null,"M","?","?","?","$","E"],"character_chosen":"WATCHER","items_purchased":["FearNoEvil","SashWhip","Energy Potion","Wireheading","Weave","ClearTheMind","Lee\u0027s Waffle","ClockworkSouvenir","Art of War","Dexterity Potion","DuplicationPotion","Adaptation"],"campfire_rested":2,"item_purchase_floors":[2,2,2,19,19,19,19,39,39,39,39,39],"current_hp_per_floor":[54,54,54,54,36,57,10,10,10,1,22,72,72,72,72,42,65,53,79,79,72,59,54,69,69,69,69,45,60,70,63,78,18,64,51,51,51,44,44,0,0],"gold":93,"neow_bonus":"HUNDRED_GOLD","is_daily":false,"chose_seed":false,"campfire_upgraded":4,"win_rate":0.0,"timestamp":1614410855,"path_taken":["M","$","M","M","?","R","E","M","T","M","R","?","M","M","R","BOSS","M","$","?","M","M","E","R","?","T","?","?","R","M","E","R","BOSS","M","?","?","?","$","E"],"items_purchased_type":["Card","Card","Potion","Card","Card","Card","Relic","Relic","Relic","Potion","Potion","Card"],"build_version":"2020-12-22","purchased_purges":0,"victory":false,"max_hp_per_floor":[72,72,72,72,72,72,72,72,72,72,72,72,72,72,72,72,72,72,79,79,79,79,79,79,79,79,79,79,79,79,79,79,79,79,79,79,79,79,79,79,79],"relic_stats":{"Lee\u0027s Waffle":26,"counters":[19,83],"Shuriken":[25],"Eternal Feather":45,"PreservedInsect":146,"Art of War":[0],"Cursed Key":0,"obtain_stats":[{"Lantern":17,"Lee\u0027s Waffle":19,"Golden Idol":5,"Eternal Feather":23,"PreservedInsect":9,"Incense Burner":26,"Cursed Key":34,"ClockworkSouvenir":39,"Calling Bell":17,"Du-Vu Doll":17,"Anchor":27,"Shuriken":17,"Molten Egg 2":31,"Art of War":39,"PureWater":0,"Toy Ornithopter":7},{"Lantern":9,"Lee\u0027s Waffle":10,"Golden Idol":3,"Eternal Feather":13,"PreservedInsect":5,"Incense Burner":13,"Cursed Key":17,"ClockworkSouvenir":18,"Calling Bell":9,"Du-Vu Doll":9,"Anchor":13,"Shuriken":9,"Molten Egg 2":16,"Art of War":18,"PureWater":0,"Toy Ornithopter":4},{"Lantern":41,"Lee\u0027s Waffle":45,"Golden Idol":9,"Eternal Feather":56,"PreservedInsect":20,"Incense Burner":56,"Cursed Key":73,"ClockworkSouvenir":80,"Calling Bell":41,"Du-Vu Doll":41,"Anchor":56,"Shuriken":41,"Molten Egg 2":66,"Art of War":80,"PureWater":0,"Toy Ornithopter":18}],"Toy Ornithopter":40},"card_choices":[{"not_picked":["Evaluate","CrushJoints"],"picked":"CutThroughFate","floor":1},{"not_picked":["Crescendo","Indignation"],"picked":"FollowUp","floor":3},{"not_picked":["CrushJoints","WaveOfTheHand"],"picked":"BowlingBash","floor":4},{"not_picked":["Evaluate","Establishment"],"picked":"CarveReality","floor":7},{"not_picked":["EmptyMind","Prostrate"],"picked":"EmptyFist","floor":8},{"not_picked":["ForeignInfluence","CrushJoints"],"picked":"Evaluate","floor":10},{"not_picked":["Vengeance","Prostrate","WindmillStrike"],"picked":"SKIP","floor":13},{"not_picked":["InnerPeace","ClearTheMind"],"picked":"BattleHymn","floor":14},{"not_picked":["SpiritShield","Blasphemy"],"picked":"DeusExMachina","floor":16},{"not_picked":["InnerPeace","CrushJoints"],"picked":"FlurryOfBlows","floor":18},{"not_picked":["Establishment","ThirdEye+1"],"picked":"FlurryOfBlows","floor":21},{"not_picked":["Consecrate","Prostrate","CrushJoints"],"picked":"SKIP","floor":22},{"not_picked":["InnerPeace","BowlingBash+1"],"picked":"Consecrate","floor":23},{"not_picked":["Evaluate","MentalFortress"],"picked":"Crescendo","floor":28},{"not_picked":["EmptyBody","ClearTheMind"],"picked":"MentalFortress+1","floor":30},{"not_picked":["Prostrate","Vengeance+1"],"picked":"Adaptation","floor":31},{"not_picked":["Establishment","Blasphemy"],"picked":"LessonLearned+1","floor":33},{"not_picked":["Crescendo+1","Collect+1","Swivel+1"],"picked":"SKIP","floor":35}],"player_experience":894741,"relics_obtained":[{"floor":7,"key":"Toy Ornithopter"},{"floor":9,"key":"PreservedInsect"},{"floor":17,"key":"Lantern"},{"floor":17,"key":"Shuriken"},{"floor":17,"key":"Du-Vu Doll"},{"floor":23,"key":"Eternal Feather"},{"floor":26,"key":"Incense Burner"},{"floor":27,"key":"Anchor"},{"floor":31,"key":"Molten Egg 2"}],"event_choices":[{"damage_healed":0,"gold_gain":0,"player_choice":"Take Damage","damage_taken":18,"relics_obtained":["Golden Idol"],"max_hp_gain":0,"max_hp_loss":0,"event_name":"Golden Idol","floor":5,"gold_loss":0},{"cards_removed":["CarveReality"],"damage_healed":50,"gold_gain":0,"player_choice":"Offered Uncommon","damage_taken":0,"max_hp_gain":0,"max_hp_loss":0,"event_name":"Bonfire Elementals","floor":12,"gold_loss":0},{"damage_healed":0,"gold_gain":0,"cards_transformed":["Strike_P","Defend_P"],"player_choice":"Became Test Subject","damage_taken":0,"max_hp_gain":0,"max_hp_loss":0,"event_name":"Drug Dealer","floor":20,"gold_loss":0,"cards_obtained":["Meditate","Prostrate"]},{"damage_healed":0,"gold_gain":0,"player_choice":"Paid Fearfully","damage_taken":0,"max_hp_gain":0,"max_hp_loss":0,"event_name":"Masked Bandits","floor":25,"gold_loss":122},{"damage_healed":0,"gold_gain":0,"player_choice":"Ignored","damage_taken":0,"max_hp_gain":0,"max_hp_loss":0,"event_name":"Mysterious Sphere","floor":36,"gold_loss":0},{"damage_healed":0,"gold_gain":333,"player_choice":"Gave Idol","damage_taken":0,"max_hp_gain":0,"max_hp_loss":0,"event_name":"The Moai Head","floor":37,"relics_lost":["Golden Idol"],"gold_loss":0},{"damage_healed":0,"gold_gain":0,"player_choice":"Damaged","damage_taken":7,"max_hp_gain":0,"max_hp_loss":0,"event_name":"Wheel of Change","floor":38,"gold_loss":0}],"is_beta":false,"boss_relics":[{"not_picked":["SlaversCollar","Coffee Dripper"],"picked":"Calling Bell"},{"not_picked":["Empty Cage","Sozu"],"picked":"Cursed Key"}],"items_purged_floors":[],"is_endless":false,"potions_floor_spawned":[1,8,10,14,16,21,23,28,33,35],"killed_by":"Reptomancer","ascension_level":7}}