{"host":"v4nyfngrgywi7zc6","time":1614385440,"event":{"mods":["2.2 Compatiblity","Act Like it!","BaseMod","Custom Start","Friendly Minions","Library of Ruina","Minty Spire (QoL Compilation)","Reliquary","Ruina","Shop Mod","StSLib"],"gold_per_floor":[112,124,49,64,80,110,126,126,126,74,249,249,266,292,292,397,397,409,421,441,441,458,491,491,504,531,531,531,531,545,574,574,679,679,698,708,708,720,214,241,241,241,289,289,301,332,332,332,332,332,332,332,14,42,42],"floor_reached":56,"language":"ENG","playtime":3181,"items_purged":["Dodge","FocusedStrikes","LightAttack"],"score":1332,"play_id":"12163053-6c0c-4da9-bc1f-3d7f5b6c4811","local_time":"20210226182400","is_ascension_mode":false,"campfire_choices":[{"floor":8.0,"key":"REST"},{"data":"Reload","floor":15.0,"key":"SMITH"},{"floor":27.0,"key":"REST"},{"floor":29.0,"key":"RECALL"},{"floor":32.0,"key":"REST"},{"floor":41.0,"key":"REST"},{"floor":49.0,"key":"REST"},{"data":"SunsetBlade","floor":52.0,"key":"SMITH"}],"circlet_count":0,"master_deck":["LightAttack","LightAttack","LightDefense","LightDefense","ChargeAndCover","Punishment","Reload+1","HandleRequest","BackAttack","ViolentFlame","Doubt","ViolentFlame","Reload","SinglePointStab+1","SinglePointStab","Doubt","FieryDragonSlash","Unlock1+1","FierceCharge+1","ruina:CobaltScar","SunsetBlade+1","BlazingStrike","SunsetBlade+1","Crush","BackAttack+1","Madness","Madness","FierceCharge","HandleRequest+1"],"relics":["PageOfLibrarian","Incense Burner","PageOfJudgementBird","SlaversCollar","reliquary:SilkGlove","PageOfPorccubus","Toy Ornithopter","CaptainsWheel","PageOfBlackSwan","PageOfSpiderBud","PageOfWizard","CaptainsWheel","Dream Catcher","PageOfAlriune","Molten Egg 2","PageOfBloodbath","PageOfScorchedGirl"],"acts_visited":["Exordium","Exordium","TheBeyond","TheEnding"],"potions_floor_usage":[55,55,55,55,55,55],"damage_taken":[{"damage":0.0,"enemies":"Cultist","floor":1.0,"turns":3.0},{"damage":0.0,"enemies":"2 Louse","floor":2.0,"turns":2.0},{"damage":0.0,"enemies":"Small Slimes","floor":4.0,"turns":3.0},{"damage":7.0,"enemies":"2 Fungi Beasts","floor":5.0,"turns":4.0},{"damage":15.0,"enemies":"3 Sentries","floor":6.0,"turns":6.0},{"damage":0.0,"enemies":"Gremlin Gang","floor":7.0,"turns":4.0},{"damage":0.0,"enemies":"Exordium Thugs","floor":13.0,"turns":3.0},{"damage":1.0,"enemies":"Lagavulin","floor":14.0,"turns":8.0},{"damage":8.0,"enemies":"Hexaghost","floor":16.0,"turns":6.0},{"damage":34.0,"enemies":"ruina:BadWolf","floor":18.0,"turns":3.0},{"damage":2.0,"enemies":"ruina:3_Bats","floor":19.0,"turns":4.0},{"damage":4.0,"enemies":"ruina:KingOfGreed","floor":20.0,"turns":4.0},{"damage":4.0,"enemies":"ruina:KnightOfDespair","floor":22.0,"turns":3.0},{"damage":0.0,"enemies":"ruina:Mountain","floor":23.0,"turns":5.0},{"damage":5.0,"enemies":"ruina:QueenOfHate","floor":25.0,"turns":3.0},{"damage":12.0,"enemies":"ruina:KingOfGreed","floor":30.0,"turns":4.0},{"damage":16.0,"enemies":"ruina:RoadHome","floor":31.0,"turns":5.0},{"damage":96.0,"enemies":"ruina:Red_and_Wolf","floor":33.0,"turns":9.0},{"damage":19.0,"enemies":"3 Darklings","floor":35.0,"turns":4.0},{"damage":0.0,"enemies":"Orb Walker","floor":36.0,"turns":2.0},{"damage":10.0,"enemies":"3 Darklings","floor":38.0,"turns":3.0},{"damage":17.0,"enemies":"Giant Head","floor":40.0,"turns":5.0},{"damage":2.0,"enemies":"Transient","floor":45.0,"turns":5.0},{"damage":18.0,"enemies":"Reptomancer","floor":46.0,"turns":3.0},{"damage":43.0,"enemies":"Time Eater","floor":50.0,"turns":6.0},{"damage":0.0,"enemies":"Shield and Spear","floor":54.0,"turns":2.0},{"damage":28,"enemies":"The Heart","floor":55,"turns":5}],"seed_played":"8636300333587875941","potions_obtained":[{"floor":1.0,"key":"SkillPotion"},{"floor":2.0,"key":"SteroidPotion"},{"floor":5.0,"key":"Block Potion"},{"floor":16.0,"key":"Fruit Juice"},{"floor":18.0,"key":"SpeedPotion"},{"floor":23.0,"key":"LiquidMemories"},{"floor":30.0,"key":"BlessingOfTheForge"},{"floor":35.0,"key":"EntropicBrew"},{"floor":38.0,"key":"PowerPotion"},{"floor":46.0,"key":"Dexterity Potion"}],"is_trial":false,"path_per_floor":["M","M","$","M","M","E","M","R","T","$","?","?","M","E","R","B",null,"M","M","M","?","M","E","?","M","T","R","?","R","M","E","R","B",null,"M","M","?","M","$","E","R","?","T","T","M","E","?","?","R","B",null,"R","$","E","B",null],"character_chosen":"Librarian","items_purchased":["ViolentFlame","PageOfSpiderBud","PageOfWizard","PageOfBloodbath","FierceCharge"],"campfire_rested":5,"item_purchase_floors":[10,39,39,53,53],"current_hp_per_floor":[60,60,60,60,53,38,38,63,63,63,63,63,63,62,62,63,90,56,54,50,50,46,46,46,43,43,70,70,70,60,48,72,23,83,68,68,68,62,62,47,71,71,71,71,71,62,54,54,78,43,83,83,83,75,75],"gold":42,"neow_bonus":"ONE_RANDOM_RARE_CARD","is_daily":false,"chose_seed":false,"campfire_upgraded":2,"win_rate":0.0,"timestamp":1614385440,"path_taken":["M","M","$","M","M","E","M","R","T","?","?","?","M","E","R","BOSS","M","?","?","?","M","E","?","?","T","R","?","R","?","E","R","BOSS","M","M","?","M","?","E","R","?","T","?","?","E","?","?","R","BOSS","R","$","E","BOSS"],"items_purchased_type":["Card","Relic","Relic","Relic","Card"],"build_version":"2020-12-22","purchased_purges":3,"victory":true,"max_hp_per_floor":[77,77,77,77,85,85,85,85,85,85,85,85,85,85,85,90,90,90,90,90,90,90,90,90,90,90,90,83,83,83,83,83,83,83,83,83,83,83,83,83,83,83,83,83,83,83,83,83,83,83,83,83,83,75,75],"card_choices":[{"not_picked":["Thrust","SinglePointStab","RatsGuideToSurvival","Rewind","MultiHit","Faith","Execute_lor","SerpentSwordTechnique"],"picked":"Reload","floor":1.0},{"not_picked":["AutomatedMovement","BackAttack","Pound","AGoldenOpportunity","Concentration","ShrineToMusic","ExtractFuel","DesperateStruggle","UpbeatPerformance"],"picked":"SKIP","floor":2.0},{"not_picked":["DriedUp","PreparedMind","DirtyBlow","Multislash","OpportunitySpotted","DeepDrag","PuppetBlockade","QuickAttack"],"picked":"HandleRequest","floor":4.0},{"not_picked":["ShockingBlow","Punishment","StructuralAnalysis","Bvapour","FeelinGood","Zzzzzap","Thrust","AsThePrescriptOrders","MultiBlock"],"picked":"SKIP","floor":5.0},{"not_picked":["TheRedNotes","MindCrush","AGoldenOpportunity","ProselytesBlade","SearingSword","IronWall","Multislash","Observe","EnergyStrike"],"picked":"SKIP","floor":6.0},{"not_picked":["Reload","EnergyCycle","QuickSuppression","Wallop_lor","CookingPrep","PinpointShot","Duel_lor","ButterflySlash"],"picked":"BackAttack","floor":7.0},{"not_picked":["ButterflySlash","EnergyStrike","Rewind","SummaryJudgment","PinpointShot","ExtractFuel","EndlessBattle","ChopItOff"],"picked":"ViolentFlame","floor":13.0},{"not_picked":["Parry","UnforgettableMelody","IdentifyWeakpoint","Disposal","FrontalAssault","DevastatingThrash","MultiHit","DefenseOrder"],"picked":"Reload","floor":14.0},{"not_picked":["GreatSerpentsImpact","NightInTheBackstreets+1","SpearedSweep","Standoff","FrontalAssault","QuickSuppression+1","Decapitation","Unlock1"],"picked":"SinglePointStab+1","floor":18.0},{"not_picked":["StructuralAnalysis","BiAn","FormingStorm","ReadyUp","NightInTheBackstreets","AutomatedMovement+1","AlloutWar+1","Unlock1"],"picked":"SinglePointStab","floor":19.0},{"not_picked":["Eject","StrikeDown","HiddenBlade","Outburst","SilentNight","StructuralAnalysis+1","Rewind","QuickAttack","MultiBlock"],"picked":"SKIP","floor":20.0},{"not_picked":["BiAn","RushDown","ElectricShock+1","Parry+1","SharpSwipe+1","SweepTheBackstreets+1","Parry2","Quickness"],"picked":"FieryDragonSlash","floor":22.0},{"not_picked":["PinpointShot+1","UnavoidableGaze","HighKick","CleanUp","CoordinatedAssault","EnergyShield+1","Leap_lor","SweepTheBackstreets"],"picked":"Unlock1+1","floor":23.0},{"not_picked":["FleetFootsteps","EnergyShield+1","TasteMyFlamingBat","FrontalAssault","DefenseOrder","BackAttack","Tailoring","WillOfThePrescript+1"],"picked":"FierceCharge+1","floor":25.0},{"not_picked":["ruina:LoveAndHate","ruina:Nihil","ruina:CrimsonScar","ruina:Harvest","ruina:Smile","ruina:BlindRage","ruina:HomingInstinct","ruina:Mimicry"],"picked":"ruina:CobaltScar","floor":28.0},{"not_picked":["DarkCloud+1","GuardingStance","Wallop_lor+1","CookingPrep","AutomatedMovement+1","EnergyStrike+1","SmokingPipe","SilentMist","GroundSmash"],"picked":"SKIP","floor":30.0},{"not_picked":["SerpentSwordTechnique","Commandeering","EnergyShield","DefenseOrder+1","HighKick+1","FrontalAssault+1","WillOfThePrescript","ForTheFamily"],"picked":"SunsetBlade","floor":31.0},{"not_picked":["CrackOfDawn","CleanUp"],"picked":"BlazingStrike","floor":33.0},{"not_picked":["RushDown","FleetFootsteps","Faith","GuardingStance+1","EnergyCycle","Overpower+1","InnerArdor+1","BiAn+1"],"picked":"SunsetBlade+1","floor":35.0},{"not_picked":["Quickness+1","BayonetCombat","FleetFootsteps","TendonChords","MindWhip","CoordinatedAssault+1","Overcharge+1","SerpentSwordTechnique","Ripple"],"picked":"SKIP","floor":36.0},{"not_picked":["SharpSwipe+1","InnerArdor+1","QuickSuppression+1","FleetEdge+1","ChopItOff+1","MultiHit+1","Leap_lor","DarkCloud","ChiWen"],"picked":"SKIP","floor":38.0},{"not_picked":["ExtremeEdge","GreatSerpentsImpact","DarkCloud+1","Commandeering","Feast","NightInTheBackstreets+1","GrazeTheGrass+1","Parry+1"],"picked":"BackAttack+1","floor":40.0},{"not_picked":["Multislash","MindCrush","NightInTheBackstreets+1","StrikeDown+1","ReadyUp+1","HighKick+1","DesperateStruggle","Parry","SkitterAway"],"picked":"SKIP","floor":45.0},{"not_picked":["MultiBlock","BulkyImpact+1","SmokingPipe+1","Marionette+1","UpbeatPerformance+1","Laceration+1","RagingStormLove+1","WillOfThePrescript","SomberProcuration"],"picked":"SKIP","floor":46.0},{"not_picked":["EndlessBattle+1","GreatSerpentsImpact+1","Pound+1","ExtremeEdge+1","FlamingDragonFist+1","InnerArdor+1","EnergyStrike+1","QuickAttack+1"],"picked":"HandleRequest+1","floor":54.0}],"player_experience":228302,"relics_obtained":[{"floor":6.0,"key":"Incense Burner"},{"floor":14.0,"key":"PageOfJudgementBird"},{"floor":23.0,"key":"PageOfPorccubus"},{"floor":26.0,"key":"reliquary:FerryPass"},{"floor":31.0,"key":"Toy Ornithopter"},{"floor":33.0,"key":"CaptainsWheel"},{"floor":40.0,"key":"reliquary:SculptingSteel"},{"floor":43.0,"key":"Dream Catcher"},{"floor":44.0,"key":"PageOfAlriune"},{"floor":46.0,"key":"Molten Egg 2"},{"floor":54.0,"key":"PageOfScorchedGirl"}],"event_choices":[{"damage_healed":0.0,"max_hp_gain":0.0,"max_hp_loss":0.0,"gold_gain":175.0,"event_name":"Liars Game","player_choice":"AGREE","floor":11.0,"gold_loss":0.0,"damage_taken":0.0,"cards_obtained":["Doubt"]},{"damage_healed":0.0,"max_hp_gain":0.0,"max_hp_loss":0.0,"gold_gain":0.0,"event_name":"The Woman in Blue","player_choice":"Bought 0 Potions","floor":12.0,"gold_loss":0.0,"damage_taken":0.0},{"damage_healed":0.0,"max_hp_gain":0.0,"max_hp_loss":0.0,"gold_gain":0.0,"cards_transformed":["LightDefense"],"event_name":"Transmorgrifier","player_choice":"Transformed","floor":37.0,"gold_loss":0.0,"damage_taken":0.0,"cards_obtained":["Crush"]},{"damage_healed":0.0,"max_hp_gain":0.0,"max_hp_loss":0.0,"gold_gain":0.0,"event_name":"Tomb of Lord Red Mask","player_choice":"Ignored","floor":42.0,"gold_loss":0.0,"damage_taken":0.0},{"damage_healed":0.0,"max_hp_gain":0.0,"max_hp_loss":0.0,"gold_gain":0.0,"event_name":"Winding Halls","player_choice":"Embrace Madness","floor":47.0,"gold_loss":0.0,"damage_taken":10.0,"cards_obtained":["Madness","Madness"]},{"cards_removed":["LightDefense"],"damage_healed":0.0,"max_hp_gain":0.0,"max_hp_loss":0.0,"gold_gain":0.0,"event_name":"Falling","player_choice":"Removed Skill","floor":48.0,"gold_loss":0.0,"damage_taken":0.0}],"is_beta":false,"boss_relics":[{"not_picked":["Tiny House","reliquary:Ember"],"picked":"SlaversCollar"},{"not_picked":["Pandora\u0027s Box","Coffee Dripper"],"picked":"PageOfBlackSwan"}],"items_purged_floors":[3,39,53],"is_endless":false,"potions_floor_spawned":[1,2,5,16,18,23,30,31,35,38,40,46,54],"ascension_level":0}}