{"host":"hxbbrccw7ig68b38","time":1614412997,"event":{"mods":["BaseMod","Hermit","Minty Spire (QoL Compilation)","Replay The Spire","StSLib","The Cursed"],"gold_per_floor":[109,128,140,152,152,152,167,47,129,143,163,196,196,196,292,387,387,405,75,94,34,50,50,65,65,136,226,243,243,243,263,263,364,364,377,377,397,411,424,424,51,67,93,93,93,43,56,72,72,72,72],"floor_reached":50,"language":"KOR","playtime":1871,"items_purged":["Defend_R"],"score":700,"play_id":"da663d29-75af-4d31-a08c-22f1df8fe578","local_time":"20210227170317","is_ascension_mode":false,"campfire_choices":[{"data":"Feed","floor":6,"key":"SMITH"},{"data":"Shrug It Off","floor":13,"key":"SMITH"},{"floor":23,"key":"REST"},{"floor":25,"key":"REST"},{"floor":29,"key":"REST"},{"floor":32,"key":"REST"},{"floor":40,"key":"REST"},{"floor":49,"key":"REST"}],"circlet_count":0,"master_deck":["Strike_R+1","Strike_R","Strike_R+1","Strike_R","Defend_R","Defend_R","Defend_R+1","Bash","Feed+1","Twin Strike","Thunderclap","Armaments","Flex","Shrug It Off+1","Flex","Double Tap","Wild Strike","ReplayTheSpireMod:Strike From Hell","Wild Strike","Blood for Blood","Iron Wave","Dramatic Entrance","ReplayTheSpireMod:Private Reserves","Infernal Blade","Perfected Strike","ReplayTheSpireMod:Strike From Hell+1","Perfected Strike","Rampage+1","ReplayTheSpireMod:Strike From Hell+1","Iron Wave+1","ReplayTheSpireMod:LeadingStrike","Feed+1","Dark Shackles","Writhe","Berserk+1","Armaments+1"],"relics":["Burning Blood","Question Card","Incense Burner","Velvet Choker","Simple Rune","Bronze Scales","ReplayTheSpireMod:Shallot","Regal Pillow","Mark of Pain","Gremlin Food","DollysMirror","Vajra"],"acts_visited":["Exordium","TheCity","TheBeyond"],"potions_floor_usage":[12,12,12,31,33,35,38,50,50],"damage_taken":[{"damage":1,"enemies":"Cultist","floor":1,"turns":4},{"damage":13,"enemies":"Jaw Worm","floor":2,"turns":4},{"damage":11,"enemies":"2 Louse","floor":3,"turns":2},{"damage":3,"enemies":"2 Fungi Beasts","floor":4,"turns":3},{"damage":11,"enemies":"Red Slaver","floor":7,"turns":3},{"damage":13,"enemies":"Lots of Slimes","floor":10,"turns":3},{"damage":0,"enemies":"2 Fungi Beasts","floor":11,"turns":4},{"damage":0,"enemies":"Gremlin Nob","floor":12,"turns":1},{"damage":82,"enemies":"Hexaghost","floor":16,"turns":11},{"damage":17,"enemies":"3 Byrds","floor":18,"turns":7},{"damage":26,"enemies":"Chosen","floor":20,"turns":4},{"damage":17,"enemies":"Centurion and Healer","floor":22,"turns":4},{"damage":35,"enemies":"Shelled Parasite and Fungi","floor":24,"turns":4},{"damage":21,"enemies":"Snecko","floor":28,"turns":4},{"damage":5,"enemies":"Snake Plant","floor":31,"turns":3},{"damage":26,"enemies":"Pondfish","floor":33,"turns":10},{"damage":0,"enemies":"Orb Walker","floor":35,"turns":2},{"damage":9,"enemies":"3 Shapes","floor":37,"turns":2},{"damage":32,"enemies":"3 Darklings","floor":38,"turns":3},{"damage":14,"enemies":"Sphere and 2 Shapes","floor":39,"turns":4},{"damage":30,"enemies":"Writhing Mass","floor":42,"turns":6},{"damage":36,"enemies":"Maw","floor":47,"turns":8},{"damage":49,"enemies":"4 Shapes","floor":48,"turns":4},{"damage":105,"enemies":"Donu and Deca","floor":50,"turns":6}],"seed_played":"6573798992084180484","potions_obtained":[{"floor":1,"key":"SkillPotion"},{"floor":2,"key":"AttackPotion"},{"floor":4,"key":"LiquidBronze"},{"floor":22,"key":"Weak Potion"},{"floor":28,"key":"Fire Potion"},{"floor":31,"key":"Strength Potion"},{"floor":33,"key":"Flashbang"},{"floor":37,"key":"SkillPotion"},{"floor":42,"key":"Energy Potion"}],"is_trial":false,"path_per_floor":["M","M","M","M","?","R","M","$","T","M","M","E","R","?","R","B",null,"M","$","M","?","M","R","M","R","T","?","M","R","?","M","R","B",null,"M","?","M","M","M","R","$","M","T","?","?","$","M","M","R","B"],"character_chosen":"IRONCLAD","items_purchased":["Flex","Simple Rune","Bronze Scales","ReplayTheSpireMod:Strike From Hell","Gremlin Food","ReplayTheSpireMod:LeadingStrike","DollysMirror","AttackPotion"],"campfire_rested":6,"item_purchase_floors":[8,19,19,19,41,41,41,46],"current_hp_per_floor":[83,79,74,80,80,80,79,79,79,76,82,88,88,88,88,12,97,90,90,70,70,63,94,65,96,96,71,56,87,87,88,105,85,105,109,109,106,80,76,113,113,89,89,89,113,113,83,40,88,0,0],"gold":72,"neow_bonus":"ONE_RANDOM_RARE_CARD","is_daily":false,"chose_seed":false,"campfire_upgraded":2,"win_rate":0.0,"timestamp":1614412997,"path_taken":["M","?","M","M","?","R","?","$","T","M","M","E","R","?","R","BOSS","M","$","M","?","M","R","M","R","T","?","?","R","?","?","R","BOSS","M","?","?","M","M","R","$","M","T","?","?","?","M","M","R","BOSS"],"items_purchased_type":["Card","Relic","Relic","Card","Relic","Card","Relic","Potion"],"build_version":"2020-12-22","purchased_purges":1,"victory":false,"max_hp_per_floor":[83,86,86,89,89,89,93,93,93,97,97,97,97,97,97,97,97,101,101,101,101,105,105,105,105,105,105,105,105,105,105,105,105,105,109,109,109,109,113,113,113,113,113,113,113,113,113,113,113,113,113],"card_choices":[{"not_picked":["Entrench","Body Slam","True Grit"],"picked":"SKIP","floor":1},{"not_picked":["Replay:Undeath\u0027s Touch","Havoc"],"picked":"Twin Strike","floor":2},{"not_picked":["Dual Wield","Rupture"],"picked":"Thunderclap","floor":3},{"not_picked":["ReplayTheSpireMod:Strike From Hell","Thunderclap"],"picked":"Armaments","floor":4},{"not_picked":["Reckless Charge","Warcry","Searing Blow"],"picked":"SKIP","floor":7},{"not_picked":["True Grit","Entrench","Havoc"],"picked":"Shrug It Off","floor":10},{"not_picked":["True Grit","ReplayTheSpireMod:Strike From Hell","Power Through"],"picked":"Flex","floor":11},{"not_picked":["Body Slam","Flex","Rupture","Second Wind"],"picked":"SKIP","floor":12},{"not_picked":["Brutality","Barricade","Demon Form"],"picked":"Double Tap","floor":16},{"not_picked":["Hemokinesis+1","ReplayReversal","Flex"],"picked":"Wild Strike","floor":18},{"not_picked":["Flex","Clash","Disarm"],"picked":"Wild Strike","floor":20},{"not_picked":["Hemokinesis+1","Run Through","Shrug It Off"],"picked":"Blood for Blood","floor":22},{"not_picked":["Havoc","Anger+1","Thunderclap"],"picked":"Iron Wave","floor":24},{"not_picked":["Iron Wave+1","Wild Strike","Clash+1"],"picked":"Infernal Blade","floor":28},{"not_picked":["Wild Strike+1","Warcry","Rage"],"picked":"Perfected Strike","floor":31},{"not_picked":["Headbutt","Clash","ReplayTheSpireMod:Corrosion Curse"],"picked":"ReplayTheSpireMod:Strike From Hell+1","floor":35},{"not_picked":["Clash+1","Iron Wave+1","Blood for Blood+1"],"picked":"Rampage+1","floor":37},{"not_picked":["Sever Soul","Clothesline","Sword Boomerang"],"picked":"ReplayTheSpireMod:Strike From Hell+1","floor":38},{"not_picked":["Run Through+1","Uppercut","Dark Embrace+1"],"picked":"Iron Wave+1","floor":39},{"not_picked":["ReplayReversal","Body Slam","Hemokinesis+1","Reckless Charge"],"picked":"SKIP","floor":42},{"not_picked":["Forethought","Trip","ReplayTheSpireMod:Uncanny Aura"],"picked":"Dark Shackles","floor":44},{"not_picked":["Massacre+1","Clothesline+1","Anger+1"],"picked":"Berserk","floor":47},{"not_picked":["Havoc+1","Twin Strike","Sever Soul"],"picked":"Armaments+1","floor":48}],"player_experience":140384,"relics_obtained":[{"floor":9,"key":"Question Card"},{"floor":12,"key":"Incense Burner"},{"floor":26,"key":"ReplayTheSpireMod:Shallot"},{"floor":30,"key":"Regal Pillow"},{"floor":43,"key":"Vajra"}],"event_choices":[{"cards_removed":["Strike_R"],"damage_healed":0,"gold_gain":0,"player_choice":"Offered Basic","damage_taken":0,"max_hp_gain":0,"max_hp_loss":0,"event_name":"Bonfire Elementals","floor":5,"gold_loss":0},{"damage_healed":0,"gold_gain":90,"player_choice":"CARD GOLD CARD ","damage_taken":25,"max_hp_gain":0,"max_hp_loss":0,"event_name":"Knowing Skull","floor":27,"potions_obtained":[],"gold_loss":0,"cards_obtained":["Dramatic Entrance","ReplayTheSpireMod:Private Reserves"]},{"damage_healed":0,"gold_gain":0,"player_choice":"Relic","damage_taken":0,"max_hp_gain":0,"max_hp_loss":0,"event_name":"Wheel of Change","floor":30,"gold_loss":0},{"damage_healed":0,"gold_gain":0,"player_choice":"Copied","damage_taken":0,"max_hp_gain":0,"max_hp_loss":0,"event_name":"Duplicator","floor":36,"gold_loss":0,"cards_obtained":["Perfected Strike"]},{"damage_healed":0,"gold_gain":0,"player_choice":"Memory 1","damage_taken":0,"max_hp_gain":0,"max_hp_loss":0,"event_name":"SensoryStone","floor":44,"gold_loss":0},{"damage_healed":28,"gold_gain":0,"player_choice":"Writhe","damage_taken":0,"max_hp_gain":0,"max_hp_loss":0,"event_name":"Winding Halls","floor":45,"gold_loss":0,"cards_obtained":["Writhe"]}],"is_beta":false,"boss_relics":[{"not_picked":["Sozu","Fusion Hammer"],"picked":"Velvet Choker"},{"not_picked":["Astrolabe","Cursed Key"],"picked":"Mark of Pain"}],"items_purged_floors":[8],"is_endless":false,"potions_floor_spawned":[1,2,4,10,22,28,31,33,37,42,48],"killed_by":"Donu and Deca","ascension_level":0}}