{"host":"i73ch23exsqar74a","time":1614422865,"event":{"mods":["AchievementEnabler","Act Like it!","Arknights","Aspiration","Astrologer","Bard","BaseMod","Beaked The Cultist","Better Sensory Stone","CCEM2","CapriCore","Challenge The Spire","ChefMod","Chen","Colored Map","Colored Powertips","Conjunction","Conspire","Downfall","Fireblade Mod","FutureSeer","GifTheSpireLib","Glutton Mod","Gremlin Mod","Halation","Hermit","Highlight Path","HololiveMod","Hubris","Infinite Spire","Jedi Mod","Library of Ruina","Library of Ruina Extra","Lobotomy","LobotomyExtend","Luminous","Marked Mod","Minty Spire (QoL Compilation)","Prisma Mod","Quarter Circle Forward PUNCH!","Quick Restart","Random Character Button","RatMod","Relic Sorter","Reliquary","Replay The Spire","Ruina","SOS???????","Shade Mod","Spicy Shops","Spikes Relics","Spire Arcade","StSLib","Stuff the Spire","The Alterego","The Animator","The Bug Knight","The Construct","The Cursed","The Druid","The Exalted","The Immortal","The Judge","The Poker Player","The Sage","The Wild Card","TheHero","TheSwordswoman","TheVacant","TheVelvet","Thieving Mod","Yuri Mod","???Mod??????Boss","???mod?????"],"gold_per_floor":[114,114,194,194,214,214,241,241,241,241,254,108,108,69,69,169,169,180,180,196,215,227,227,251,251,251,263,297,297,323,343,343,446,446,493,521,535,535,535,566,566,599,622,647,665,665,677,549,549,549,549,549,549,0,25,25],"floor_reached":57,"language":"ENG","playtime":2323,"items_purged":[],"score":1264,"play_id":"d4adad36-2172-43f7-8995-85b4310784e1","local_time":"20210227144745","is_ascension_mode":true,"campfire_choices":[{"floor":6,"key":"REST"},{"data":"SharpenedBlade","floor":8,"key":"SMITH"},{"data":"DarkCloud","floor":13,"key":"SMITH"},{"data":"DarkCloud","floor":15,"key":"SMITH"},{"data":"SnakesPrey","floor":23,"key":"SMITH"},{"data":"Execute_lor","floor":25,"key":"SMITH"},{"data":"SnakeSlit","floor":32,"key":"SMITH"},{"data":"MirageStorm","floor":41,"key":"SMITH"},{"data":"CleanUp","floor":46,"key":"SMITH"},{"data":"ChopItOff","floor":49,"key":"SMITH"},{"data":"Observe","floor":53,"key":"SMITH"}],"circlet_count":0,"master_deck":["Dodge","LightDefense","LightAttack","LightAttack","LightAttack","LightDefense","LightDefense","LightDefense+1","ChargeAndCover","FocusedStrikes","InkOver+1","infinitespire:Menacing+1","DesperateStruggle","SharpenedBlade+1","Unlock1+1","Slice_lor","Observe+1","DarkCloud+1","jedi:forcepush","DarkCloud+1","ExtremeEdge","SnakesPrey+1","BackAttack","Execute_lor+1","FlyingSword+1","SnakeSlit+1","SomberProcuration+1","GutHarvesting","VenomousFangs+1","MirageStorm+1","SilentMist+1","RagingStormLove+1","CleanUp+1","FlashingStrike","ChopItOff+1","Specialist","Laceration","AsThePrescriptOrders","SunsetBlade"],"relics":["PageOfLibrarian","LetterFromLob","infinitespire:Satchel","infinitespire:ShieldingShard","HonorFeather","MagicBullet_r","Moonlight_r","PageOfAlriune","CCEMRelics:LatexGloves","qcfpunch:Red_Gi","reliquary:Sideboard","Bromod:ArcaneVictory","Black Star","conspire:TopHat","PageOfSpiderBud","Akabeko","Guardian:PocketSentry","reliquary:Boomerang","SpikesRelics:DaevaFist","reliquary:Buckler","PageOfApocalypseBird","halation:Sosunser","Sling","Nunchaku","ReplayFunnel"],"acts_visited":["Exordium","Exordium","TheBeyond","TheEnding"],"potions_floor_usage":[27,28,31,44,51,56],"damage_taken":[{"damage":7,"enemies":"Jaw Worm","floor":1,"turns":4},{"damage":0,"enemies":"Small Slimes","floor":5,"turns":3},{"damage":8,"enemies":"Lagavulin","floor":7,"turns":4},{"damage":0,"enemies":"3 Sentries","floor":10,"turns":1},{"damage":0,"enemies":"Cultist","floor":11,"turns":2},{"damage":5,"enemies":"The Guardian","floor":16,"turns":6},{"damage":6,"enemies":"ruina:BadWolf","floor":18,"turns":3},{"damage":0,"enemies":"ruina:2_Scarecrows","floor":20,"turns":4},{"damage":0,"enemies":"ruina:KnightOfDespair","floor":21,"turns":4},{"damage":0,"enemies":"ruina:QueenOfHate","floor":22,"turns":2},{"damage":23,"enemies":"ruina:KingOfGreed","floor":27,"turns":3},{"damage":21,"enemies":"ruina:RoadHome","floor":28,"turns":6},{"damage":0,"enemies":"ruina:ServantOfWrath","floor":30,"turns":3},{"damage":23,"enemies":"ruina:3_Scarecrows","floor":31,"turns":4},{"damage":20,"enemies":"ruina:Ozma","floor":33,"turns":6},{"damage":0,"enemies":"Orb Walker","floor":35,"turns":2},{"damage":24,"enemies":"conspire:MimicChest","floor":36,"turns":5},{"damage":23,"enemies":"3 Shapes","floor":37,"turns":4},{"damage":4,"enemies":"Nemesis","floor":40,"turns":5},{"damage":6,"enemies":"Giant Head","floor":42,"turns":5},{"damage":32,"enemies":"Reptomancer","floor":44,"turns":3},{"damage":0,"enemies":"Spire Growth","floor":45,"turns":2},{"damage":0,"enemies":"Transient","floor":47,"turns":5},{"damage":74,"enemies":"Donu and Deca","floor":50,"turns":7},{"damage":114,"enemies":"Donu and Deca","floor":51,"turns":5},{"damage":21,"enemies":"Shield and Spear","floor":55,"turns":3},{"damage":65,"enemies":"The Heart","floor":56,"turns":7}],"seed_played":"1651787891402153236","potions_obtained":[{"floor":7,"key":"FearPotion"},{"floor":16,"key":"LiquidMemories"},{"floor":21,"key":"SkillPotion"},{"floor":27,"key":"Fruit Juice"},{"floor":37,"key":"champ:CounterPotion"},{"floor":44,"key":"DistilledChaos"},{"floor":55,"key":"Slimebound:ThreeZeroPotion"}],"is_trial":false,"path_per_floor":["M","?","?","?","M","R","E","R","T","E","M","$","R","$","R","B",null,"M","?","M","M","M","R","T","R","T","M","E","?","E","M","R","B",null,"M","?","M","?","?","E","R","E","T","E","M","R","M","$","R","B",null,null,"R","$","E","B",null],"character_chosen":"Librarian","items_purchased":["DarkCloud","jedi:forcepush","DarkCloud","PageOfApocalypseBird","Specialist","Laceration","AsThePrescriptOrders","SunsetBlade","halation:Sosunser","Sling"],"campfire_rested":1,"item_purchase_floors":[12,12,14,48,54,54,54,54,54,54],"current_hp_per_floor":[53,31,31,31,31,57,49,49,49,37,37,37,89,89,89,84,89,83,89,89,89,89,89,89,89,89,66,45,53,53,38,99,82,99,99,76,56,56,56,53,99,94,94,67,67,99,99,99,99,27,7,99,99,99,80,17],"gold":25,"neow_bonus":"RANDOM_EVENT","is_daily":false,"chose_seed":false,"campfire_upgraded":10,"win_rate":0.0,"timestamp":1614422865,"path_taken":["M","?","?","?","M","R","E","R","T","E","M","$","R","?","R","BOSS","M","?","?","M","M","R","?","R","T","M","E","?","E","M","R","BOSS","M","?","?","?","?","E","R","E","T","E","M","R","?","$","R","BOSS","R","$","E","BOSS"],"items_purchased_type":["Card","Card","Card","Relic","Card","Card","Card","Card","Relic","Relic"],"build_version":"2020-12-22","purchased_purges":0,"victory":true,"max_hp_per_floor":[89,89,89,89,89,89,89,89,89,89,89,89,89,89,89,89,89,89,89,89,89,89,89,89,89,89,89,89,97,94,99,99,99,99,99,99,99,99,99,99,99,99,99,99,99,99,99,99,99,99,99,99,99,99,99,99],"card_choices":[{"not_picked":["DeepDrag","ChiWen","SuppressingShot","Brawl","Diversion","InnerArdor","StructuralAnalysis","GreatSerpentsImpact"],"picked":"InkOver","floor":1},{"not_picked":["ReplayTheSpireMod:Haul","hubris:InfiniteBlow"],"picked":"infinitespire:Menacing","floor":2},{"not_picked":["FierceCharge","NightInTheBackstreets","Parry2","ViolentFlame","Multislash","Ripple","YourShield","ShockingBlow"],"picked":"Unlock1","floor":5},{"not_picked":["SuppressingShot","Diversion","SerpentSwordTechnique","ClassAndRespect","TendonChords","SmokingPipe","ElectricShock","DirtyBlow"],"picked":"Slice_lor","floor":7},{"not_picked":["Reload","GuidanceOfTheGears","FleetFootsteps","WildCard","CookingPrep","OminousPower","ToOvercomeCrisis","Wallop_lor"],"picked":"Observe","floor":11},{"not_picked":["FleetEdge","BiAn","DarkCloud","SinglePointStab","AlloutWar","BladeWhirl","InnerArdor+1","SweepTheBackstreets+1"],"picked":"ExtremeEdge","floor":18},{"not_picked":["FlashOfSunup+1","SuppressingShot+1","SharpNails","Outburst","Rewind+1","BackAttack","DesperateStruggle","LoosenUp"],"picked":"SnakesPrey","floor":20},{"not_picked":["TendonChords","GuardingStance","SomberProcuration+1","EnergyCycle+1","DarkCloud","Unlock1","SinglePointStab+1","Reload"],"picked":"BackAttack","floor":21},{"not_picked":["RepressedFlesh","FierceOnslaught+1","Bvapour","SkyClearingCut","ClassAndRespect","DesperateStruggle","BiAn","CoordinatedAssault+1"],"picked":"Execute_lor","floor":22},{"not_picked":["SnakesPrey","WillOfThePrescript","Quickness","ViolentFlame","BlindFaith+1","EnergyCycle","FleetFootsteps","ForTheFamily"],"picked":"FlyingSword+1","floor":27},{"not_picked":["MultiHit","AlloutWar","DevastatingThrash+1","Unlock1+1","InkOver","BlindFaith","Multislash","DarkCloud"],"picked":"GutHarvesting","floor":28},{"not_picked":["StructuralAnalysis+1","AlloutWar","DarkCloud+1","HandleRequest+1","BindingChains+1","VioletBlade+1","GroundSmash","BoundaryOfDeath"],"picked":"SomberProcuration+1","floor":30},{"not_picked":["Execute_lor+1","RatsGuideToSurvival","FrontalAssault","BlindFaith+1","SpearedSweep","FieryWaltz","Wallop_lor","AsThePrescriptOrders"],"picked":"SnakeSlit","floor":31},{"not_picked":["ChargeUp","RepressedFlesh"],"picked":"MirageStorm","floor":33},{"not_picked":["SerpentineBarrier+1","CookingPrep","SpearedSweep","SearingSword+1","HardRehearsal+1","AsThePrescriptOrders+1","QuickSuppression","UnavoidableGaze"],"picked":"VenomousFangs+1","floor":35},{"not_picked":["Crush","Unlock1+1","StrikeDown","WillBeTasty+1","FierceCharge","Parry+1","StayCalm+1","WildCard"],"picked":"FlashingStrike","floor":37},{"not_picked":["UndertakePrescript","StrongStrike","BattleCommand","Wallop_lor","TendonChords+1","Rewind+1","BackAttack","ViolentFlame"],"picked":"CleanUp","floor":40},{"not_picked":["QuickSuppression","PreemptiveStrike+1","SinglePointStab","Duel_lor","FleetEdge","EnergyCycle","SpearedSweep","HighKick"],"picked":"RagingStormLove","floor":42},{"not_picked":["HiddenBlade+1","CrackOfDawn","UndertakePrescript+1","ShrineToMusic+1","CoordinatedAssault+1","ICanCookAnything+1","StrongStrike","BlindFaith"],"picked":"SilentMist+1","floor":44},{"not_picked":["BurningFlash","StrongStrike+1","CombatPreparation+1","ScatteringSlash","FleetEdge+1","IngredientHunt+1","CoordinatedAssault","ViolentFlame","SnakesPrey+1"],"picked":"SKIP","floor":45},{"not_picked":["Standoff","Multislash","GuidanceOfTheGears","MindPrepared","MultiHit+1","EndlessBattle","TendonChords+1","DefenseOrder+1"],"picked":"ChopItOff","floor":47},{"not_picked":["CombatPreparation","BlazingStrike","BiAn+1","GaleKick+1","GrazeTheGrass+1","Outburst","Leap_lor","Pound","MirageStorm"],"picked":"SKIP","floor":55}],"player_experience":1490353,"relics_obtained":[{"floor":1,"key":"LetterFromLob"},{"floor":7,"key":"infinitespire:Satchel"},{"floor":7,"key":"RedMistMask"},{"floor":9,"key":"infinitespire:ShieldingShard"},{"floor":24,"key":"CCEMRelics:LatexGloves"},{"floor":26,"key":"qcfpunch:Red_Gi"},{"floor":28,"key":"reliquary:Sideboard"},{"floor":30,"key":"Bromod:ArcaneVictory"},{"floor":40,"key":"conspire:TopHat"},{"floor":40,"key":"PageOfSpiderBud"},{"floor":42,"key":"Akabeko"},{"floor":42,"key":"Guardian:PocketSentry"},{"floor":43,"key":"reliquary:Boomerang"},{"floor":44,"key":"SpikesRelics:DaevaFist"},{"floor":44,"key":"reliquary:Buckler"},{"floor":55,"key":"Nunchaku"},{"floor":55,"key":"ReplayFunnel"}],"event_choices":[{"damage_healed":0,"gold_gain":80,"player_choice":"Gained Gold","damage_taken":0,"max_hp_gain":0,"max_hp_loss":0,"event_name":"Golden Wing","floor":3,"gold_loss":0},{"damage_healed":0,"gold_gain":0,"player_choice":"2 cards matched","damage_taken":0,"max_hp_gain":0,"max_hp_loss":0,"event_name":"Match and Keep!","floor":4,"gold_loss":0,"cards_obtained":["DesperateStruggle","SharpenedBlade"]},{"damage_healed":0,"gold_gain":0,"player_choice":"Leave","damage_taken":0,"max_hp_gain":0,"max_hp_loss":0,"event_name":"conspire:Investor","floor":39,"gold_loss":0}],"is_beta":false,"boss_relics":[{"not_picked":["halation:Risk","Kintsugi","halation:CatFaceCupcake"]},{"not_picked":["halation:PlatinumPhoenix","Hololive_TopUpMoneyS"],"picked":"Black Star"}],"items_purged_floors":[],"is_endless":false,"potions_floor_spawned":[7,10,16,21,22,27,37,40,44,55],"ascension_level":1}}