{"host":"bx54wbx1b8s5cm4v","time":1614430089,"event":{"mods":["BaseMod","Beaked The Cultist","GifTheSpireLib","Hubris","Minty Spire (QoL Compilation)","StSLib","The Blackbeard","The Forsaken","The Necromancer","The Servant 0.9.4"],"gold_per_floor":[114,129,142,142,142,173,186,196,271,9,39,39,68,83,83,183,183,197,214,214,68,86,86,97,97,97,108,108,108],"floor_reached":28,"language":"ENG","playtime":1655,"items_purged":["Strike_W"],"score":242,"play_id":"51e4925f-da2b-4c0c-b70b-0abbde603c5b","local_time":"20210227094809","is_ascension_mode":false,"campfire_choices":[{"data":"Siphon_Strength","floor":15,"key":"SMITH"},{"data":"Summon_Undead","floor":23,"key":"SMITH"},{"data":"Thousand_Bone_Knives","floor":25,"key":"SMITH"}],"circlet_count":0,"master_deck":["Strike_W","Strike_W","Defend_W","Defend_W","Defend_W","Defend_W","Negative_Energy_Arrows","Bone_Wall","Life_Drain","Spectral_Walk","Spectral_Armor","Vampiric_Strike","Thousand_Bone_Knives+1","Death_March_Dance","Hellfire","Summon_Undead+1","Summon_Lich","Siphon_Strength+1","Spectral_Armor","Requiem+1","Bone_Bullets+1","Uncharnel+1"],"relics":["Vampire_Amulet","hubris:BottledRain","Bag of Preparation","Oddly Smooth Stone","Torii","Molten Egg 2","hubris:VirtuousBlindfold","CultistMask","HandDrill","The Courier"],"acts_visited":["Exordium","TheCity"],"potions_floor_usage":[8,11],"damage_taken":[{"damage":1,"enemies":"Cultist","floor":1,"turns":4},{"damage":0,"enemies":"2 Louse","floor":2,"turns":2},{"damage":0,"enemies":"Jaw Worm","floor":3,"turns":4},{"damage":32,"enemies":"Lagavulin","floor":6,"turns":11},{"damage":2,"enemies":"Red Slaver","floor":7,"turns":4},{"damage":8,"enemies":"2 Fungi Beasts","floor":8,"turns":3},{"damage":23,"enemies":"Gremlin Nob","floor":11,"turns":5},{"damage":15,"enemies":"Lagavulin","floor":13,"turns":7},{"damage":0,"enemies":"Looter","floor":14,"turns":4},{"damage":1,"enemies":"Slime Boss","floor":16,"turns":10},{"damage":2,"enemies":"Spheric Guardian","floor":18,"turns":7},{"damage":9,"enemies":"2 Thieves","floor":19,"turns":5},{"damage":1,"enemies":"Snecko","floor":22,"turns":4},{"damage":6,"enemies":"Centurion and Healer","floor":24,"turns":5},{"damage":18,"enemies":"Snake Plant","floor":27,"turns":3},{"damage":0,"enemies":"Gremlin Leader","floor":28,"turns":1}],"seed_played":"3435493224612797261","potions_obtained":[{"floor":2,"key":"Explosive Potion"},{"floor":7,"key":"Block Potion"},{"floor":11,"key":"FearPotion"},{"floor":13,"key":"Strength Potion"},{"floor":18,"key":"Dexterity Potion"}],"is_trial":false,"path_per_floor":["M","M","M","?","?","E","M","M","T","$","E","$","E","M","R","B",null,"M","M","?","$","M","R","M","R","T","M","E"],"character_chosen":"NECROMANCER","items_purchased":["Oddly Smooth Stone","Summon_Undead","HandDrill"],"campfire_rested":0,"item_purchase_floors":[10,10,21],"current_hp_per_floor":[82,82,82,75,75,60,72,74,74,74,69,69,68,76,76,82,82,82,82,82,82,82,82,82,82,82,75,75,75],"gold":108,"neow_bonus":"TEN_PERCENT_HP_BONUS","is_daily":false,"chose_seed":false,"campfire_upgraded":3,"win_rate":0.0,"timestamp":1614430089,"path_taken":["M","M","M","?","?","E","?","M","T","$","E","?","E","M","R","BOSS","M","M","?","$","?","R","M","R","T","M","E"],"items_purchased_type":["Relic","Card","Relic"],"build_version":"2020-12-22","purchased_purges":1,"victory":false,"max_hp_per_floor":[82,82,82,82,82,82,82,82,82,82,82,82,82,82,82,82,82,82,82,82,82,82,82,82,82,82,82,82,82],"card_choices":[{"not_picked":["Bone_Armor","Consume_Illness"],"picked":"Life_Drain","floor":1},{"not_picked":["Death_Coil","Negative_Energy_Mist"],"picked":"Spectral_Walk","floor":2},{"not_picked":["Bone_Shift","Chill_Blood"],"picked":"Spectral_Armor","floor":3},{"not_picked":["Uncharnel","Bone_Bullets"],"picked":"Thousand_Bone_Knives","floor":6},{"not_picked":["Death_Coil","Toxic_Smoke_Screen"],"picked":"Death_March_Dance","floor":7},{"not_picked":["Deaths_Shadow","Shackles_Of_Pain"],"picked":"Hellfire","floor":8},{"not_picked":["Toxic_Smoke_Screen","Bone_Bullets"],"picked":"Summon_Lich","floor":11},{"not_picked":["Corrupt","Deaths_Shadow+1"],"picked":"Siphon_Strength","floor":13},{"not_picked":["Negative_Energy_Mist","Blood_Whip+1"],"picked":"Spectral_Armor","floor":14},{"not_picked":["Negative_Energy_Bomb+1","Cloudkill"],"picked":"Requiem+1","floor":16},{"not_picked":["Shackles_Of_Pain","Exploit+1","Vampiric_Strike+1"],"picked":"SKIP","floor":18},{"not_picked":["Spectral_Armor","Bones_to_Steel"],"picked":"Bone_Bullets+1","floor":19},{"not_picked":["Shackles_Of_Pain","Death_March_Dance+1"],"picked":"Uncharnel+1","floor":22},{"not_picked":["Bone_Armor+1","Exploit+1","Consume_Illness"],"picked":"SKIP","floor":24},{"not_picked":["Blood_Shield","Negative_Energy_Javelin+1","Bone_Shift+1"],"picked":"SKIP","floor":27}],"player_experience":86771,"relics_obtained":[{"floor":6,"key":"Bag of Preparation"},{"floor":11,"key":"Torii"},{"floor":13,"key":"Molten Egg 2"},{"floor":26,"key":"The Courier"}],"event_choices":[{"damage_healed":0,"gold_gain":0,"player_choice":"Success","damage_taken":7,"relics_obtained":["hubris:BottledRain"],"max_hp_gain":0,"max_hp_loss":0,"event_name":"Scrap Ooze","floor":4,"gold_loss":0},{"damage_healed":0,"gold_gain":0,"cards_transformed":["Strike_W"],"player_choice":"Transformed","damage_taken":0,"max_hp_gain":0,"max_hp_loss":0,"event_name":"Transmorgrifier","floor":5,"gold_loss":0,"cards_obtained":["Vampiric_Strike"]},{"damage_healed":0,"gold_gain":0,"player_choice":"Trade","damage_taken":0,"relics_obtained":["CultistMask"],"max_hp_gain":0,"max_hp_loss":0,"event_name":"FaceTrader","floor":20,"gold_loss":0}],"is_beta":false,"boss_relics":[{"not_picked":["hubris:CrackedHourglass","SacredBark"],"picked":"hubris:VirtuousBlindfold"}],"items_purged_floors":[10],"is_endless":false,"potions_floor_spawned":[2,7,11,13,18,27],"killed_by":"Gremlin Leader","ascension_level":0}}