{"host":"jsd6g3c2vo13e69c","time":1614414094,"event":{"mods":["2.2 Compatiblity","Act Like it!","BaseMod","Better Altar","Better Match","Better Note","Better Sensory Stone","Better Third Choice","BetterRewards","Colored Map","Colored Powertips","Downfall","Friendly Minions","GifTheSpireLib","Googly Eyes","Gremlin Mod","Hermit","Hubris","Infinite Spire","Melee Mod","Minty Spire (QoL Compilation)","Permanent Neow","Quick Restart","Random Character Button","Replay The Spire","Shop Mod","Spire Arcade","StSLib","The Cursed","The Disciple","The Forsaken","thorton"],"gold_per_floor":[99,118,128,144,144,144,144,44,64,64,90,100,112,112,126,230,230,230,249,262,278,278,278,278,278],"floor_reached":23,"language":"ENG","playtime":1246,"items_purged":[],"score":195,"play_id":"a84a003e-11c6-4809-87a1-b6d5488b8ca6","local_time":"20210227032134","is_ascension_mode":false,"campfire_choices":[{"data":"hexamod:VolcanoVisage","floor":1,"key":"SMITH"},{"data":"hexamod:SoulSteal","floor":8,"key":"SMITH"},{"data":"hexamod:SearingWound","floor":10,"key":"SMITH"},{"floor":18,"key":"DIG"}],"circlet_count":0,"master_deck":["hexamod:Sear","hexamod:Float","hexamod:VolcanoVisage+1","hexamod:SoulSteal+1","hexamod:GhostflameBarrier","Regret","hexamod:SearingWound+1","hexamod:FastForward","hexamod:PowerFromBeyond","hexamod:RadiantFlame","hexamod:PhantomFireball","hexamod:ApocalypseNow","hexamod:FastForward","hexamod:HexaLevel","hexamod:HeatCrush","hexamod:ThirdSeal","hexamod:ApocalypseNow","hexamod:SpectralAdrenaline","hexamod:ThermalTransfer","hexamod:DynamicBlow","hexamod:DynamicBlow+1","hexamod:EtherealExpedition","hexamod:SwordOfDarkness","hexamod:PhantomCloak","hexamod:Rewind","hexamod:FirstSeal","Slimebound:MassFeed"],"relics":["hexamod:SpiritBrand","Ice Cream","downfall:HeartBlessingBlue","hubris:SlimyHat","Pandora\u0027s Box","Mummified Hand"],"acts_visited":["Exordium","TheCity"],"potions_floor_usage":[11,12,19,21],"damage_taken":[{"damage":4,"enemies":"Cultist","floor":2,"turns":4},{"damage":0,"enemies":"Small Slimes","floor":3,"turns":4},{"damage":16,"enemies":"infinitespire:Voidling","floor":4,"turns":4},{"damage":5,"enemies":"3 Louse","floor":9,"turns":3},{"damage":14,"enemies":"Gremlin Nob","floor":11,"turns":3},{"damage":15,"enemies":"2 Fungi Beasts","floor":12,"turns":4},{"damage":5,"enemies":"Lots of Slimes","floor":13,"turns":3},{"damage":10,"enemies":"Exordium Wildlife","floor":15,"turns":4},{"damage":30,"enemies":"IC_STATUS_ARCHETYPE","floor":16,"turns":7},{"damage":11,"enemies":"Shell Parasite","floor":19,"turns":4},{"damage":14,"enemies":"Spheric Guardian","floor":20,"turns":4},{"damage":27,"enemies":"Snake Plant","floor":21,"turns":5},{"damage":21,"enemies":"Centurion and Healer","floor":23,"turns":2}],"seed_played":"226557810710620099","potions_obtained":[{"floor":2,"key":"FairyPotion"},{"floor":4,"key":"AttackPotion"},{"floor":6,"key":"Adrenaline Potion"},{"floor":16,"key":"Weak Potion"},{"floor":20,"key":"EssenceOfSteel"}],"is_trial":false,"path_per_floor":["R","M","M","M","?","?","T","R","M","R","E","M","M","?","M","B",null,"R_BF","M","M","M","?","M"],"character_chosen":"THE_SPIRIT","items_purchased":[],"campfire_rested":0,"item_purchase_floors":[],"current_hp_per_floor":[63,59,59,56,56,56,56,66,61,61,47,32,27,27,17,26,73,73,62,48,21,21,0,0,0],"gold":278,"neow_bonus":"THREE_RARE_CARDS","is_daily":false,"chose_seed":false,"campfire_upgraded":3,"win_rate":0.0,"timestamp":1614414094,"path_taken":["R","M","M","M","?","?","T","R","M","R","E","?","M","?","M","BOSS","R_BF","M","M","M","?","?"],"items_purchased_type":[],"build_version":"2020-12-22","purchased_purges":0,"victory":false,"max_hp_per_floor":[63,63,63,63,63,63,63,73,73,73,73,73,73,73,73,73,73,73,73,73,73,73,73,73,73],"card_choices":[{"not_picked":["hexamod:HexaLevel","hexamod:TimeWarp"],"picked":"hexamod:VolcanoVisage","floor":0},{"not_picked":["hexamod:Firestarter","hexamod:HeatMetal","hexamod:HeatShield"],"picked":"SKIP","floor":2},{"not_picked":["hexamod:BacktrackSmack","hexamod:NecessarySacrifice"],"picked":"hexamod:SoulSteal","floor":3},{"not_picked":["hexamod:NightmareGuise","hexamod:SecondSeal"],"picked":"hexamod:GhostflameBarrier","floor":4},{"not_picked":["hexamod:InspiringFlames","hexamod:FastForward"],"picked":"hexamod:SearingWound","floor":9},{"not_picked":["hexamod:HauntingEcho","hexamod:BacktrackSmack"],"picked":"hexamod:FastForward","floor":11},{"not_picked":["hexamod:SwordOfDarkness","hexamod:SkipABeat"],"picked":"hexamod:PowerFromBeyond","floor":12},{"not_picked":["hexamod:GhostLash","hexamod:SwordOfDarkness"],"picked":"hexamod:RadiantFlame","floor":13},{"not_picked":["hexamod:NightmareGuise","hexamod:HeatMetal"],"picked":"hexamod:PhantomFireball","floor":15},{"not_picked":["hexamod:HexaLevel","hexamod:ForkedFlame"],"picked":"hexamod:ApocalypseNow","floor":16},{"not_picked":["hexamod:PhantomFireball","hexamod:Incineration"],"picked":"hexamod:DynamicBlow+1","floor":19},{"not_picked":["hexamod:AdvancingGuard","hexamod:ThermalTransfer"],"picked":"hexamod:EtherealExpedition","floor":19},{"not_picked":["hexamod:Hexaguard","hexamod:NightmareStrike"],"picked":"hexamod:SwordOfDarkness","floor":20},{"not_picked":["hexamod:GhostShield","hexamod:BacktrackSmack"],"picked":"hexamod:PhantomCloak","floor":20},{"not_picked":["hexamod:NightmareGuise+1","hexamod:ChargedBarrage"],"picked":"hexamod:Rewind","floor":21},{"not_picked":["hexamod:HauntingEcho+1","hexamod:FastForward+1"],"picked":"hexamod:FirstSeal","floor":21}],"player_experience":514446,"relics_obtained":[{"floor":11,"key":"hubris:SlimyHat"},{"floor":18,"key":"Mummified Hand"}],"event_choices":[{"damage_healed":0,"gold_gain":0,"player_choice":"Box","damage_taken":0,"relics_obtained":["Ice Cream"],"max_hp_gain":0,"max_hp_loss":0,"event_name":"Big Fish","floor":5,"gold_loss":0,"cards_obtained":["Regret"]},{"damage_healed":0,"gold_gain":0,"player_choice":"Got Potions","damage_taken":0,"max_hp_gain":0,"max_hp_loss":0,"event_name":"Lab","floor":6,"gold_loss":0},{"cards_removed":["hexamod:SwordOfDarkness"],"damage_healed":0,"gold_gain":0,"player_choice":"Take \u0026 Give","damage_taken":0,"max_hp_gain":0,"max_hp_loss":0,"event_name":"betterNote:BetterNote","floor":22,"gold_loss":0,"cards_obtained":["Slimebound:MassFeed"]}],"is_beta":false,"boss_relics":[{"not_picked":["theForsaken:PaleLantern","Fusion Hammer"],"picked":"Pandora\u0027s Box"}],"items_purged_floors":[],"is_endless":false,"potions_floor_spawned":[2,4,16,20],"killed_by":"Centurion and Healer","ascension_level":0}}