{"host":"gfxjwtol062e9znw","time":1614432931,"event":{"mods":["BaseMod","Colored Map","Minty Spire (QoL Compilation)","Rare Cards Sparkle","StSLib"],"gold_per_floor":[20,39,39,39,12,44,44,44,44,74,90,90,105,122,122,193,193,204,73,73,90,90,90],"floor_reached":22,"language":"ENG","playtime":1073,"items_purged":[],"score":320,"play_id":"f8bb4774-e6e8-43de-814f-5bcd34b261c8","local_time":"20210228003531","is_ascension_mode":true,"campfire_choices":[{"floor":7,"key":"REST"},{"floor":12,"key":"REST"},{"floor":15,"key":"REST"}],"circlet_count":0,"master_deck":["AscendersBane","Strike_R","Strike_R","Strike_R","Defend_R","Bash","Impervious","Hemokinesis","Pommel Strike","Clothesline+1","Shrug It Off","Shrug It Off","Iron Wave","Perfected Strike","Ghostly Armor","Flame Barrier","Offering","Flame Barrier+1","Power Through+1","Impervious+1","Searing Blow+1","Fire Breathing","Dark Shackles","Shockwave"],"relics":["Burning Blood","Ginger","Torii","Ancient Tea Set","Astrolabe"],"acts_visited":["Exordium","TheCity"],"potions_floor_usage":[13,16,22,22],"damage_taken":[{"damage":14,"enemies":"Jaw Worm","floor":1,"turns":2},{"damage":8,"enemies":"Small Slimes","floor":2,"turns":4},{"damage":45,"enemies":"3 Sentries","floor":6,"turns":8},{"damage":50,"enemies":"Lagavulin","floor":10,"turns":10},{"damage":0,"enemies":"2 Louse","floor":11,"turns":3},{"damage":3,"enemies":"Lots of Slimes","floor":13,"turns":3},{"damage":8,"enemies":"3 Louse","floor":14,"turns":3},{"damage":30,"enemies":"The Guardian","floor":16,"turns":14},{"damage":42,"enemies":"Spheric Guardian","floor":18,"turns":8},{"damage":8,"enemies":"3 Byrds","floor":21,"turns":7},{"damage":57,"enemies":"Centurion and Healer","floor":22,"turns":11}],"seed_played":"1365444334542807789","potions_obtained":[{"floor":10,"key":"Energy Potion"},{"floor":14,"key":"ColorlessPotion"},{"floor":16,"key":"Regen Potion"},{"floor":18,"key":"GamblersBrew"},{"floor":21,"key":"LiquidBronze"}],"is_trial":false,"path_per_floor":["M","M","?","?","$","E","R","?","T","E","M","R","M","M","R","B",null,"M","$","?","M","M"],"character_chosen":"IRONCLAD","items_purchased":["Shrug It Off","Fire Breathing","Dark Shackles"],"campfire_rested":3,"item_purchase_floors":[5,19,19],"current_hp_per_floor":[64,62,80,80,80,41,65,65,65,21,27,51,54,52,76,52,73,37,37,37,35,0,0],"gold":90,"neow_bonus":"TRANSFORM_TWO_CARDS","is_daily":false,"chose_seed":false,"campfire_upgraded":0,"win_rate":0.0,"timestamp":1614432931,"path_taken":["M","M","?","?","$","E","R","?","T","E","M","R","M","M","R","BOSS","M","$","?","M","M"],"items_purchased_type":["Card","Card","Card"],"build_version":"2020-12-22","purchased_purges":0,"victory":false,"max_hp_per_floor":[80,80,80,80,80,80,80,80,80,80,80,80,80,80,80,80,80,80,80,80,80,80,80],"card_choices":[{"not_picked":["Anger","Armaments"],"picked":"Pommel Strike","floor":1},{"not_picked":["Iron Wave","Reckless Charge"],"picked":"Clothesline","floor":2},{"not_picked":["Juggernaut","Entrench"],"picked":"Shrug It Off","floor":6},{"not_picked":["Metallicize","Dark Embrace"],"picked":"Iron Wave","floor":10},{"not_picked":["Armaments","Pommel Strike"],"picked":"Perfected Strike","floor":11},{"not_picked":["Disarm","Reckless Charge"],"picked":"Ghostly Armor","floor":13},{"not_picked":["Thunderclap","Bludgeon"],"picked":"Flame Barrier","floor":14},{"not_picked":["Corruption","Reaper"],"picked":"Offering","floor":16},{"not_picked":["Heavy Blade","Warcry"],"picked":"Searing Blow+1","floor":18},{"not_picked":["Anger+1","Armaments"],"picked":"Shockwave","floor":21}],"player_experience":220875,"relics_obtained":[{"floor":6,"key":"Ginger"},{"floor":9,"key":"Torii"},{"floor":10,"key":"Ancient Tea Set"}],"event_choices":[{"damage_healed":26,"gold_gain":0,"player_choice":"Banana","damage_taken":0,"max_hp_gain":0,"max_hp_loss":0,"event_name":"Big Fish","floor":3,"gold_loss":0},{"damage_healed":0,"gold_gain":0,"player_choice":"Leave","damage_taken":0,"max_hp_gain":0,"max_hp_loss":0,"event_name":"The Cleric","floor":4,"gold_loss":0},{"damage_healed":0,"gold_gain":0,"player_choice":"Grow","damage_taken":0,"max_hp_gain":0,"max_hp_loss":0,"event_name":"Living Wall","floor":8,"gold_loss":0,"cards_upgraded":["Clothesline"]},{"damage_healed":0,"gold_gain":0,"player_choice":"Ignored","damage_taken":0,"max_hp_gain":0,"max_hp_loss":0,"event_name":"Ghosts","floor":20,"gold_loss":0}],"is_beta":false,"boss_relics":[{"not_picked":["Ectoplasm","Fusion Hammer"],"picked":"Astrolabe"}],"items_purged_floors":[],"is_endless":false,"potions_floor_spawned":[10,14,16,18,21],"killed_by":"Centurion and Healer","ascension_level":13}}