{"host":"ebeqek106y9nustn","time":1614437342,"event":{"mods":["BaseMod","Downfall","Hermit","Hubris","Infinite Spire","Marisa????????","Minty Spire (QoL Compilation)","Replay The Spire","StSLib","The Cursed","The Necromancer","The Servant 0.9.4"],"gold_per_floor":[110,110,185,185,133,133,166,184,184,209,141,141,141,152,152,252,252,265,8,8,107,32,32,49,49,49,49,65,91,91,17,17,17,17],"floor_reached":33,"language":"ENG","playtime":1010,"items_purged":[],"score":267,"play_id":"c9ef158a-2606-4471-b067-fd9a5b532859","local_time":"20210227144902","daily_mods":["Heirloom","Time Dilation"],"is_ascension_mode":false,"campfire_choices":[{"data":"Toxic_Smoke_Screen","floor":6,"key":"SMITH"},{"floor":12,"key":"REST"},{"data":"Vampiric_Strike","floor":12,"key":"SMITH"},{"data":"Acid_Javelin","floor":15,"key":"SMITH"},{"floor":23,"key":"REST"},{"data":"Bone_Bullets","floor":23,"key":"SMITH"},{"data":"Detonate_Bones","floor":27,"key":"SMITH"},{"floor":32,"key":"REST"},{"data":"Bone_Armor","floor":32,"key":"SMITH"}],"circlet_count":0,"master_deck":["Strike_W","Strike_W","Defend_W","Defend_W","Defend_W","Negative_Energy_Arrows","Bone_Wall","Toxic_Smoke_Screen+1","Negative_Energy_Javelin","Vampiric_Strike+1","Negative_Energy_Javelin","Vampiric_Strike","Life_Tap","Acid_Javelin+1","Detonate_Bones+1","Bone_Bullets+1","Flesh_Made_Foul+1","Bone_Armor+1","Thousand_Bone_Knives+1"],"relics":["Vampire_Amulet","Replay:Kaleidoscope","hubris:Towel","Ornamental Fan","Lantern","infinitespire:Magic Flask","Juzu Bracelet","Empty Cage","Molten Egg 2","bronze:BronzeIdol","Nloth\u0027s Gift"],"acts_visited":["Exordium","TheCity"],"potions_floor_usage":[29,29,33],"damage_taken":[{"damage":2,"enemies":"2 Louse","floor":1,"turns":4},{"damage":25,"enemies":"Gremlin Nob","floor":7,"turns":5},{"damage":3,"enemies":"Jaw Worm","floor":8,"turns":3},{"damage":7,"enemies":"3 Sentries","floor":10,"turns":9},{"damage":0,"enemies":"Small Slimes","floor":14,"turns":2},{"damage":13,"enemies":"Hexaghost","floor":16,"turns":8},{"damage":21,"enemies":"Spheric Guardian","floor":18,"turns":4},{"damage":10,"enemies":"2 Thieves","floor":24,"turns":4},{"damage":28,"enemies":"Centurion and Healer","floor":28,"turns":7},{"damage":60,"enemies":"Gremlin Leader","floor":29,"turns":6},{"damage":79,"enemies":"Automaton","floor":33,"turns":6}],"seed_played":"-7732298835604461209","potions_obtained":[{"floor":1,"key":"DuplicationPotion"},{"floor":7,"key":"PowerPotion"},{"floor":10,"key":"Adrenaline Potion"}],"is_trial":true,"path_per_floor":["M","?","?","T","$","R","E","M","T","E","$","R","?","M","R","B",null,"M","$","?","?","?","R","M","?","T","R","M","E","?","$","R","B"],"character_chosen":"NECROMANCER","items_purchased":["Negative_Energy_Javelin","Life_Tap","Molten Egg 2","Thousand_Bone_Knives+1"],"campfire_rested":3,"item_purchase_floors":[5,11,19,31],"current_hp_per_floor":[75,75,64,64,64,64,41,40,40,45,45,67,72,78,78,74,80,63,63,48,48,48,73,70,85,85,85,61,13,13,13,38,0,0],"gold":17,"neow_bonus":"","is_daily":false,"chose_seed":false,"campfire_upgraded":6,"win_rate":0.0,"timestamp":1614437342,"path_taken":["M","?","?","?","$","R","E","M","T","E","$","R","?","M","R","BOSS","M","$","?","?","?","R","M","?","T","R","M","E","?","?","R","BOSS"],"items_purchased_type":["Card","Card","Relic","Card"],"build_version":"2020-12-22","purchased_purges":0,"victory":false,"max_hp_per_floor":[75,75,75,75,75,75,75,75,75,75,75,75,80,80,80,80,80,80,80,85,85,85,85,85,85,85,85,85,85,85,85,85,85,85],"card_choices":[{"not_picked":["Death_Coil","Spectral_Walk"],"picked":"Toxic_Smoke_Screen","floor":1},{"not_picked":["Bone_Shift","Death_March_Dance"],"picked":"Vampiric_Strike","floor":7},{"not_picked":["Life_Drain","Scare"],"picked":"Negative_Energy_Javelin","floor":8},{"not_picked":["Spectral_Walk","Consume_Illness"],"picked":"Vampiric_Strike","floor":10},{"not_picked":["Negative_Energy_Burst","Negative_Energy_Sphere"],"picked":"Acid_Javelin","floor":14},{"not_picked":["Skeleton_Dragon","Negative_Energy_Bomb"],"picked":"Detonate_Bones","floor":16},{"not_picked":["Bone_Armor","Negative_Energy_Javelin+1"],"picked":"Bone_Bullets","floor":18},{"not_picked":["Bones_to_Steel","Slay_Living+1"],"picked":"Flesh_Made_Foul+1","floor":24},{"not_picked":["Epidemic+1","Consume_Illness+1","Chill_Blood"],"picked":"SKIP","floor":28},{"not_picked":["Negative_Energy_Burst+1","Life_Drain+1"],"picked":"Bone_Armor","floor":29}],"player_experience":34463,"relics_obtained":[{"floor":4,"key":"Ornamental Fan"},{"floor":7,"key":"Lantern"},{"floor":9,"key":"infinitespire:Magic Flask"},{"floor":10,"key":"Juzu Bracelet"},{"floor":26,"key":"Mummified Hand"},{"floor":29,"key":"bronze:BronzeIdol"}],"event_choices":[{"damage_healed":0,"gold_gain":75,"player_choice":"Gather Gold","damage_taken":11,"max_hp_gain":0,"max_hp_loss":0,"event_name":"World of Goop","floor":3,"gold_loss":0},{"damage_healed":0,"gold_gain":0,"player_choice":"Donut","damage_taken":0,"max_hp_gain":5,"max_hp_loss":0,"event_name":"Big Fish","floor":13,"gold_loss":0},{"damage_healed":0,"gold_gain":0,"player_choice":"Shed Blood","damage_taken":20,"max_hp_gain":5,"max_hp_loss":0,"event_name":"Forgotten Altar","floor":20,"gold_loss":0},{"damage_healed":0,"gold_gain":99,"player_choice":"Stole From Cult","damage_taken":0,"max_hp_gain":0,"max_hp_loss":0,"event_name":"Nest","floor":21,"gold_loss":0},{"cards_removed":["Strike_W"],"damage_healed":0,"gold_gain":0,"player_choice":"Gave Gold","damage_taken":0,"max_hp_gain":0,"max_hp_loss":0,"event_name":"Beggar","floor":22,"gold_loss":75},{"damage_healed":28,"gold_gain":0,"player_choice":"Heal","damage_taken":0,"max_hp_gain":0,"max_hp_loss":0,"event_name":"The Library","floor":25,"gold_loss":0},{"damage_healed":0,"gold_gain":0,"player_choice":"Traded Relic","damage_taken":0,"relics_obtained":["Nloth\u0027s Gift"],"max_hp_gain":0,"max_hp_loss":0,"event_name":"N\u0027loth","floor":30,"relics_lost":["Mummified Hand"],"gold_loss":0}],"is_beta":false,"boss_relics":[{"not_picked":["hubris:CrackedHourglass","hubris:GrandSneckoEye"],"picked":"Empty Cage"}],"items_purged_floors":[],"is_endless":false,"potions_floor_spawned":[1,7,10,16,18,29],"killed_by":"Automaton","ascension_level":0}}