{"host":"u1dfzl6o6mfmauc3","time":1614458116,"event":{"mods":["2.2 Compatiblity","AchievementEnabler","BaseMod","Bestiary","Block Reminder","Challenge The Spire","Colored Map","Dark Map","Hermit","Highlight Path","Minty Spire (QoL Compilation)","Random Character Button","Rare Cards Sparkle","Relic Stats","Robot Space Explorer","StSLib","The Disciple"],"gold_per_floor":[118,78,89,106,72,106,106,106,106,106,126,126,45,45,58,58,58,160,160,179,179,194,49,49,49,49,83,83,161,179,203,203,223,223,223],"floor_reached":34,"language":"ENG","playtime":765,"items_purged":["Strike_B"],"score":427,"play_id":"f1f75007-378c-4e84-acfe-ae95c403a76a","local_time":"20210227153516","is_ascension_mode":true,"campfire_choices":[{"data":"Streamline","floor":7,"key":"SMITH"},{"floor":12,"key":"REST"},{"floor":14,"key":"REST"},{"data":"Defragment","floor":16,"key":"SMITH"},{"data":"Static Discharge","floor":17,"key":"SMITH"},{"data":"Capacitor","floor":26,"key":"SMITH"},{"data":"Barrage","floor":28,"key":"SMITH"},{"data":"Thunder Strike","floor":32,"key":"SMITH"}],"circlet_count":0,"master_deck":["Strike_B","Strike_B","Defend_B","Defend_B","Defend_B","Defend_B","Zap","Dualcast","Streamline+1","Coolheaded","Chill","Static Discharge+1","Thunder Strike+1","Ball Lightning","Defragment+1","Rip and Tear","Electrodynamics","Capacitor+1","Defragment+1","Barrage+1","Cold Snap"],"relics":["Cracked Core","Torii","Ancient Tea Set","Vajra","Dream Catcher","Coffee Dripper","CeramicFish"],"acts_visited":["Exordium","TheCity"],"potions_floor_usage":[3,6,8,8,8,15,27],"damage_taken":[{"damage":0,"enemies":"Cultist","floor":1,"turns":4},{"damage":0,"enemies":"2 Louse","floor":3,"turns":2},{"damage":1,"enemies":"Small Slimes","floor":4,"turns":3},{"damage":32,"enemies":"Gremlin Nob","floor":6,"turns":4},{"damage":10,"enemies":"Lagavulin","floor":8,"turns":3},{"damage":1,"enemies":"Looter","floor":11,"turns":4},{"damage":2,"enemies":"Gremlin Gang","floor":15,"turns":3},{"damage":7,"enemies":"Hexaghost","floor":18,"turns":4},{"damage":9,"enemies":"Spheric Guardian","floor":20,"turns":3},{"damage":7,"enemies":"Chosen","floor":22,"turns":3},{"damage":0,"enemies":"Gremlin Leader","floor":27,"turns":4},{"damage":1,"enemies":"3 Cultists","floor":30,"turns":4},{"damage":36,"enemies":"Shelled Parasite and Fungi","floor":31,"turns":5},{"damage":0,"enemies":"Centurion and Healer","floor":33,"turns":4},{"damage":24,"enemies":"Snake Plant","floor":34,"turns":2}],"seed_played":"7446628697340819534","potions_obtained":[{"floor":2,"key":"EssenceOfSteel"},{"floor":2,"key":"SneckoOil"},{"floor":2,"key":"SmokeBomb"},{"floor":4,"key":"PowerPotion"},{"floor":6,"key":"AttackPotion"},{"floor":15,"key":"Fruit Juice"},{"floor":20,"key":"BlessingOfTheForge"}],"is_trial":false,"path_per_floor":["M","?","M","M","$","E","R","E","T","T","M","R","$","R","M","R","R","B",null,"M","?","M","$","?","?","R","E","R","T","M","M","R","M","M"],"character_chosen":"DEFECT","items_purchased":["Static Discharge","Defragment","Capacitor"],"campfire_rested":2,"item_purchase_floors":[5,13,23],"current_hp_per_floor":[50,50,50,49,49,17,17,7,7,7,6,28,28,50,53,53,53,46,72,63,63,56,56,56,56,56,56,56,56,55,19,19,19,0,0],"gold":223,"neow_bonus":"ONE_RARE_RELIC","is_daily":false,"chose_seed":false,"campfire_upgraded":6,"win_rate":0.0,"timestamp":1614458116,"path_taken":["M","?","?","M","?","E","R","E","T","T","M","R","$","R","M","R","R","BOSS","M","?","?","$","?","?","R","E","R","T","?","M","R","M","M"],"items_purchased_type":["Card","Card","Card"],"build_version":"2020-12-22","purchased_purges":1,"victory":false,"max_hp_per_floor":[75,75,75,75,75,75,75,75,75,75,75,75,75,75,80,80,80,80,80,80,80,80,80,80,80,80,80,80,80,80,80,80,80,80,80],"relic_stats":{"Dream Catcher":2,"Torii":28,"counters":[15,52],"CeramicFish":18,"obtain_stats":[{"Dream Catcher":10,"Torii":0,"CeramicFish":27,"Vajra":9,"Coffee Dripper":19,"Cracked Core":0,"Ancient Tea Set":6},{"Dream Catcher":5,"Torii":0,"CeramicFish":11,"Vajra":5,"Coffee Dripper":8,"Cracked Core":0,"Ancient Tea Set":4},{"Dream Catcher":16,"Torii":0,"CeramicFish":37,"Vajra":16,"Coffee Dripper":27,"Cracked Core":0,"Ancient Tea Set":13}]},"card_choices":[{"not_picked":["Leap","Redo"],"picked":"Streamline","floor":1},{"not_picked":["Cold Snap","Turbo"],"picked":"Coolheaded","floor":3},{"not_picked":["BootSequence","Tempest"],"picked":"Chill","floor":4},{"not_picked":["Reprogram","Melter"],"picked":"Thunder Strike","floor":6},{"not_picked":["Redo","Hologram","Gash"],"picked":"SKIP","floor":11},{"not_picked":["Turbo","White Noise"],"picked":"Ball Lightning","floor":12},{"not_picked":["Chaos","Barrage"],"picked":"Rip and Tear","floor":15},{"not_picked":["Machine Learning","Amplify"],"picked":"Electrodynamics","floor":18},{"not_picked":["Melter","Sweeping Beam+1","Rip and Tear"],"picked":"SKIP","floor":20},{"not_picked":["Turbo","Streamline+1","Consume+1"],"picked":"SKIP","floor":22},{"not_picked":["Go for the Eyes","Hologram"],"picked":"Barrage","floor":27},{"not_picked":["Rebound","Compile Driver","Rip and Tear"],"picked":"SKIP","floor":30},{"not_picked":["Gash+1","Sunder"],"picked":"Cold Snap","floor":31},{"not_picked":["Steam Power","Gash","Conserve Battery"],"picked":"SKIP","floor":33}],"player_experience":281406,"relics_obtained":[{"floor":6,"key":"Ancient Tea Set"},{"floor":9,"key":"Vajra"},{"floor":10,"key":"Dream Catcher"},{"floor":27,"key":"CeramicFish"}],"event_choices":[{"damage_healed":0,"gold_gain":0,"player_choice":"Bought 3 Potions","damage_taken":0,"max_hp_gain":0,"max_hp_loss":0,"event_name":"The Woman in Blue","floor":2,"gold_loss":0},{"cards_removed":["Strike_B"],"damage_healed":0,"gold_gain":0,"player_choice":"Purged","damage_taken":0,"max_hp_gain":0,"max_hp_loss":0,"event_name":"Purifier","floor":21,"gold_loss":0},{"damage_healed":0,"gold_gain":0,"player_choice":"Copied","damage_taken":0,"max_hp_gain":0,"max_hp_loss":0,"event_name":"Duplicator","floor":25,"gold_loss":0,"cards_obtained":["Defragment"]}],"is_beta":false,"boss_relics":[{"not_picked":["Calling Bell","SacredBark"],"picked":"Coffee Dripper"}],"items_purged_floors":[23],"is_endless":false,"potions_floor_spawned":[4,6,15,20],"killed_by":"Snake Plant","ascension_level":8}}