{"host":"xltl1aroowo69o4n","time":1614408786,"event":{"mods":["BaseMod","Colored Map","Colored Powertips","Downfall","Koishi","Marisa????????","Minty Spire (QoL Compilation)","Replay The Spire","StSLib","The Cursed","The Hierophant","The Mystic","The Necromancer","The Servant 0.9.4"],"gold_per_floor":[99,117,117,134,152,152,176,76,95,113,23,42,59,77,90,90,90],"floor_reached":16,"language":"ENG","playtime":773,"items_purged":["Pain"],"score":103,"play_id":"a80baad5-b26d-4f9e-acc9-b19cca5e4c39","local_time":"20210227015306","is_ascension_mode":true,"campfire_choices":[{"floor":1,"key":"RECALL"},{"data":"Koishi:HauntingSlash","floor":8,"key":"SMITH"}],"circlet_count":0,"master_deck":["Koishi:BasicStrike","Koishi:BasicStrike","Koishi:BasicStrike","Koishi:BasicStrike","Koishi:BasicDefend","Koishi:BasicDefend","Koishi:BasicDefend","Koishi:BasicDefend","Koishi:Provoke+1","Koishi:HauntingSlash+1","Koishi:FidgetySnatcher","Koishi:StingingMind","Koishi:UnseenTerror","Koishi:BloodcurdlingScream","Koishi:BloodcurdlingScream","Koishi:ApparitionsStalkTheNight","Koishi:MassHysteria","Koishi:JumpScare","Koishi:CatchAndRose","Koishi:UnansweredLove"],"relics":["Koishi:ImaginaryFriend","ReplayTheSpireMod:Lightbulb","WarpedTongs","downfall:HeartBlessingRed"],"acts_visited":["Exordium"],"potions_floor_usage":[9,16,16],"damage_taken":[{"damage":7,"enemies":"Small Slimes","floor":2,"turns":5},{"damage":14,"enemies":"2 Louse","floor":4,"turns":4},{"damage":0,"enemies":"Cultist","floor":5,"turns":4},{"damage":20,"enemies":"Gremlin Gang","floor":9,"turns":3},{"damage":16,"enemies":"Exordium Thugs","floor":10,"turns":6},{"damage":2,"enemies":"downfall:FleeingMerchant","floor":11,"turns":4},{"damage":1,"enemies":"2 Fungi Beasts","floor":12,"turns":4},{"damage":3,"enemies":"3 Louse","floor":13,"turns":2},{"damage":0,"enemies":"Gremlin Gang","floor":14,"turns":2},{"damage":0,"enemies":"2 Fungi Beasts","floor":15,"turns":3},{"damage":29,"enemies":"DF_ARCHETYPE_STREAMLINE","floor":16,"turns":6}],"seed_played":"-1166351726581006803","potions_obtained":[{"floor":2,"key":"Venom Potion"},{"floor":4,"key":"SkillPotion"},{"floor":5,"key":"Swift Potion"},{"floor":14,"key":"PowerPotion"}],"is_trial":false,"path_per_floor":["R","M","?","M","M","?","T","R","M","M","$","M","M","M","M","B"],"character_chosen":"KOISHI","items_purchased":[],"campfire_rested":0,"item_purchase_floors":[],"current_hp_per_floor":[60,56,56,43,49,49,49,49,29,17,15,19,16,18,26,0,0],"gold":90,"neow_bonus":"RANDOM_COMMON_RELIC","is_daily":false,"chose_seed":false,"campfire_upgraded":1,"win_rate":0.0,"timestamp":1614408786,"path_taken":["R","M","?","M","M","?","T","R","?","M","$","M","?","M","M","BOSS"],"items_purchased_type":[],"build_version":"2020-12-13","purchased_purges":1,"victory":false,"max_hp_per_floor":[60,60,60,60,60,60,60,60,60,60,60,60,60,60,60,60,60],"card_choices":[{"not_picked":["Koishi:VengefulSpirit","Koishi:PhilosophyOfTheDespised"],"picked":"Koishi:FidgetySnatcher","floor":2},{"not_picked":["Koishi:PhantomStrike","Koishi:Jaunt"],"picked":"Koishi:StingingMind","floor":4},{"not_picked":["Koishi:RacingHeart","Koishi:Bloodlust"],"picked":"Koishi:UnseenTerror","floor":5},{"not_picked":["Koishi:Jaunt","Koishi:Untouchable"],"picked":"Koishi:BloodcurdlingScream","floor":9},{"not_picked":["Koishi:Prune","Koishi:FidgetySnatcher"],"picked":"Koishi:BloodcurdlingScream","floor":10},{"not_picked":["Koishi:DNAsFlaw","Koishi:JumpScare"],"picked":"Koishi:ApparitionsStalkTheNight","floor":11},{"not_picked":["Koishi:IdleWhim","Koishi:StrangeCloudFist"],"picked":"Koishi:MassHysteria","floor":12},{"not_picked":["Koishi:PhantomStrike","Koishi:RacingHeart"],"picked":"Koishi:JumpScare","floor":13},{"not_picked":["Koishi:Jaunt","Koishi:RorschachInDanmaku"],"picked":"Koishi:CatchAndRose","floor":14},{"not_picked":["Koishi:PhantomStrike","Koishi:FleetingPhantom"],"picked":"Koishi:UnansweredLove","floor":15}],"player_experience":284747,"relics_obtained":[],"event_choices":[{"damage_healed":0,"gold_gain":0,"player_choice":"Rummage","damage_taken":0,"relics_obtained":["WarpedTongs"],"max_hp_gain":0,"max_hp_loss":0,"event_name":"Accursed Blacksmith","floor":6,"gold_loss":0,"cards_obtained":["Pain"]}],"is_beta":false,"boss_relics":[],"items_purged_floors":[11],"is_endless":false,"potions_floor_spawned":[2,4,5,14],"killed_by":"DF_ARCHETYPE_STREAMLINE","ascension_level":1}}