{"host":"c97twqu0op5dg8i4","time":1614408858,"event":{"mods":["AchievementEnabler","BaseMod","Colored Map","Minty Spire (QoL Compilation)","Permanent Neow"],"gold_per_floor":[115,115,44,59,75,75,75,109,133,156,172,206,221,221,237,237,332,332,345,345,359,41,41,41,56,56,56,87,12,12,12],"floor_reached":30,"language":"ENG","playtime":794,"items_purged":["Bloodletting"],"score":413,"play_id":"e643a487-0cb7-4100-a80e-760612b1214f","local_time":"20210227015418","is_ascension_mode":true,"campfire_choices":[{"data":"Armaments","floor":6,"key":"SMITH"},{"floor":14,"key":"REST"},{"floor":16,"key":"REST"},{"data":"Demon Form","floor":24,"key":"SMITH"},{"floor":26,"key":"REST"}],"circlet_count":0,"master_deck":["AscendersBane","Strike_R","Defend_R","Defend_R","Defend_R","Defend_R+1","Bash+1","Searing Blow+1","Armaments+1","Battle Trance","Headbutt","Ghostly Armor","Evolve","Shrug It Off","True Grit","Double Tap","Battle Trance","Demon Form+1","Uppercut"],"relics":["Burning Blood","Bronze Scales","Toy Ornithopter","Red Skull","Pen Nib","Snecko Eye","PreservedInsect","InkBottle","Oddly Smooth Stone"],"acts_visited":["Exordium","TheCity"],"potions_floor_usage":[11,12,17,19,22,28],"damage_taken":[{"damage":8.0,"enemies":"Jaw Worm","floor":1.0,"turns":5.0},{"damage":3,"enemies":"2 Louse","floor":4,"turns":4},{"damage":1,"enemies":"Cultist","floor":5,"turns":3},{"damage":42,"enemies":"3 Sentries","floor":8,"turns":9},{"damage":3,"enemies":"3 Louse","floor":11,"turns":3},{"damage":30,"enemies":"Gremlin Nob","floor":12,"turns":4},{"damage":13,"enemies":"Large Slime","floor":13,"turns":3},{"damage":9,"enemies":"Red Slaver","floor":15,"turns":3},{"damage":31,"enemies":"Hexaghost","floor":17,"turns":8},{"damage":24,"enemies":"2 Thieves","floor":19,"turns":5},{"damage":2,"enemies":"Chosen","floor":21,"turns":4},{"damage":28,"enemies":"Sentry and Sphere","floor":25,"turns":8},{"damage":24,"enemies":"Book of Stabbing","floor":28,"turns":5},{"damage":0,"enemies":"3 Cultists","floor":30,"turns":1}],"seed_played":"-4559579266310505019","potions_obtained":[{"floor":4,"key":"PowerPotion"},{"floor":5,"key":"SpeedPotion"},{"floor":13,"key":"Energy Potion"},{"floor":17,"key":"SteroidPotion"},{"floor":25,"key":"ColorlessPotion"},{"floor":28,"key":"Strength Potion"}],"is_trial":false,"path_per_floor":["M","?","$","M","M","R","?","E","T","T","M","E","M","R","M","R","B",null,"M","?","M","$","?","R","M","R","T","E","$","M"],"character_chosen":"IRONCLAD","items_purchased":["Battle Trance","PreservedInsect","Fruit Juice","Uppercut"],"campfire_rested":3,"item_purchase_floors":[3,22,22,29],"current_hp_per_floor":[70,56,56,59,64,64,64,28,28,28,36,17,10,31,28,49,29,61,48,48,52,62,48,48,26,50,50,37,37,37,37],"gold":12,"neow_bonus":"TRANSFORM_TWO_CARDS","is_daily":false,"chose_seed":false,"campfire_upgraded":2,"win_rate":0.0,"timestamp":1614408858,"path_taken":["M","?","$","M","M","R","?","E","T","T","M","E","M","R","M","R","BOSS","M","?","M","$","?","R","M","R","T","E","$","M"],"items_purchased_type":["Card","Relic","Potion","Card"],"build_version":"2020-12-22","purchased_purges":1,"victory":false,"max_hp_per_floor":[72,72,72,72,72,72,72,72,72,72,72,72,72,72,72,72,72,72,72,72,72,77,82,82,82,82,82,82,82,82,82],"card_choices":[{"not_picked":["Cleave","Evolve"],"picked":"Armaments","floor":1},{"not_picked":["Heavy Blade","Burning Pact","Combust"],"picked":"SKIP","floor":4},{"not_picked":["Seeing Red","Body Slam"],"picked":"Headbutt","floor":5},{"not_picked":["Clothesline","Second Wind"],"picked":"Ghostly Armor","floor":8},{"not_picked":["Anger","Combust"],"picked":"Evolve","floor":11},{"not_picked":["Fiend Fire","Body Slam"],"picked":"Shrug It Off","floor":12},{"not_picked":["Iron Wave","Heavy Blade"],"picked":"True Grit","floor":13},{"not_picked":["Thunderclap","Flex","Sentinel"],"picked":"SKIP","floor":15},{"not_picked":["Fiend Fire","Feed"],"picked":"Double Tap","floor":17},{"not_picked":["Perfected Strike","Intimidate","Rage"],"picked":"SKIP","floor":19},{"not_picked":["Wild Strike","Rage","Iron Wave+1"],"picked":"SKIP","floor":21},{"not_picked":["Shrug It Off","Anger","Thunderclap"],"picked":"SKIP","floor":25},{"not_picked":["Cleave","Dark Embrace","Perfected Strike+1"],"picked":"SKIP","floor":28}],"player_experience":431774,"relics_obtained":[{"floor":8,"key":"Bronze Scales"},{"floor":9,"key":"Toy Ornithopter"},{"floor":10,"key":"Red Skull"},{"floor":12,"key":"Pen Nib"},{"floor":27,"key":"InkBottle"},{"floor":28,"key":"Oddly Smooth Stone"}],"event_choices":[{"damage_healed":0,"gold_gain":0,"player_choice":"Entered Light","damage_taken":14,"max_hp_gain":0,"max_hp_loss":0,"event_name":"Shining Light","floor":2,"gold_loss":0,"cards_upgraded":["Bash","Defend_R"]},{"damage_healed":0,"gold_gain":0,"player_choice":"Grow","damage_taken":0,"max_hp_gain":0,"max_hp_loss":0,"event_name":"Living Wall","floor":7,"gold_loss":0,"cards_upgraded":["Searing Blow"]},{"damage_healed":0,"gold_gain":0,"cards_transformed":["Strike_R","Strike_R"],"player_choice":"Became Test Subject","damage_taken":0,"max_hp_gain":0,"max_hp_loss":0,"event_name":"Drug Dealer","floor":20,"gold_loss":0,"cards_obtained":["Battle Trance","Demon Form"]},{"damage_healed":0,"gold_gain":0,"player_choice":"Shed Blood","damage_taken":19,"max_hp_gain":5,"max_hp_loss":0,"event_name":"Forgotten Altar","floor":23,"gold_loss":0}],"is_beta":false,"boss_relics":[{"not_picked":["Ectoplasm","Calling Bell"],"picked":"Snecko Eye"}],"items_purged_floors":[22],"is_endless":false,"potions_floor_spawned":[4,5,13,17,25,28],"killed_by":"3 Cultists","ascension_level":12}}