{"host":"ty2cix8xj6r3ad26","time":1614461661,"event":{"mods":["AchievementEnabler","BaseMod","BetterRewards","Minty Spire (QoL Compilation)","Quick Restart","StSLib","SuperFastMode","The Poker Player"],"gold_per_floor":[114,189,201,211,226,226,254,267,294,294,326,326,361,361,361,462,462,479,188,188,138,53,53,86,86,137,137,167,179,192,102,102,197,197,212,212,212,262,273,273,302,302,326,52,13,43,43,56,56,56],"floor_reached":51,"language":"ENG","playtime":3476,"items_purged":["PokerPlayerMod:Diamond1","PokerPlayerMod:Spade1","PokerPlayerMod:Club1","PokerPlayerMod:Diamond2"],"score":896,"play_id":"793f7c1d-0264-482a-82b5-34101b0d0cb1","local_time":"20210227233421","is_ascension_mode":true,"metric_token":530,"campfire_choices":[{"data":"PokerPlayerMod:TrumpStrike","floor":6,"key":"SMITH"},{"data":"PokerPlayerMod:JackOfSpades","floor":10,"key":"SMITH"},{"data":"PokerPlayerMod:GamblerForm","floor":15,"key":"SMITH"},{"data":"PokerPlayerMod:CardPrinter","floor":23,"key":"SMITH"},{"data":"PokerPlayerMod:CardPrinter+1","floor":25,"key":"SMITH"},{"data":"PokerPlayerMod:CardPrinter+2","floor":27,"key":"SMITH"},{"data":"PokerPlayerMod:CardPrinter+3","floor":32,"key":"SMITH"},{"data":"PokerPlayerMod:CardPrinter+4","floor":40,"key":"SMITH"},{"data":"PokerPlayerMod:CardPrinter+5","floor":42,"key":"SMITH"},{"data":"PokerPlayerMod:CardPrinter+6","floor":49,"key":"SMITH"}],"circlet_count":0,"master_deck":["PokerPlayerMod:Diamond3","PokerPlayerMod:Diamond5","PokerPlayerMod:Diamond5","PokerPlayerMod:Spade2","PokerPlayerMod:Spade3","PokerPlayerMod:Spade4","PokerPlayerMod:Club2","PokerPlayerMod:Heart2","PokerPlayerMod:TrumpStrike+1","PokerPlayerMod:BadJoker","PokerPlayerMod:Mulligan","PokerPlayerMod:ClubShade","PokerPlayerMod:Heart7","PokerPlayerMod:JackOfSpades+1","PokerPlayerMod:Raise","PokerPlayerMod:SecondChance","PokerPlayerMod:GamblerForm+1","PokerPlayerMod:Spade8","PokerPlayerMod:Spade10+","PokerPlayerMod:Club6","PokerPlayerMod:CardPrinter+7","PokerPlayerMod:CloakAndDiamond+1","PokerPlayerMod:Club8","PokerPlayerMod:Club10+","PokerPlayerMod:ClubsClub+1","PokerPlayerMod:RoyalStrike","PokerPlayerMod:Spade10+","PokerPlayerMod:Club9"],"relics":["PokerPlayerMod:DeckCase","Membership Card","Singing Bowl","Eternal Feather","Lee\u0027s Waffle","Juzu Bracelet","Akabeko","Nunchaku","Bag of Marbles","PokerPlayerMod:StuffedPocket","Coffee Dripper","Gambling Chip","Pear","Bottled Tornado","MealTicket","Shuriken","Velvet Choker","Ginger","PokerPlayerMod:BrokenClock","Oddly Smooth Stone","Lantern","Toxic Egg 2"],"acts_visited":["Exordium","TheCity","TheBeyond"],"potions_floor_usage":[3,11,13,13,24,33,35,39,39,46,46,50],"damage_taken":[{"damage":2,"enemies":"Jaw Worm","floor":1,"turns":4},{"damage":0,"enemies":"Small Slimes","floor":3,"turns":3},{"damage":3,"enemies":"2 Louse","floor":4,"turns":3},{"damage":4,"enemies":"Blue Slaver","floor":5,"turns":3},{"damage":7,"enemies":"3 Sentries","floor":7,"turns":5},{"damage":0,"enemies":"Looter","floor":8,"turns":3},{"damage":10,"enemies":"Lagavulin","floor":11,"turns":4},{"damage":8,"enemies":"Gremlin Nob","floor":13,"turns":4},{"damage":4,"enemies":"Slime Boss","floor":16,"turns":7},{"damage":0,"enemies":"Spheric Guardian","floor":18,"turns":4},{"damage":1,"enemies":"Book of Stabbing","floor":24,"turns":5},{"damage":0,"enemies":"Gremlin Leader","floor":28,"turns":5},{"damage":0,"enemies":"Chosen","floor":29,"turns":3},{"damage":2,"enemies":"Snake Plant","floor":30,"turns":3},{"damage":0,"enemies":"Champ","floor":33,"turns":9},{"damage":7,"enemies":"3 Darklings","floor":35,"turns":3},{"damage":15,"enemies":"Mind Bloom Boss Battle","floor":38,"turns":5},{"damage":15,"enemies":"Orb Walker","floor":39,"turns":2},{"damage":15,"enemies":"Nemesis","floor":41,"turns":5},{"damage":18,"enemies":"Reptomancer","floor":46,"turns":5},{"damage":0,"enemies":"Transient","floor":48,"turns":5},{"damage":45,"enemies":"Time Eater","floor":50,"turns":10}],"seed_played":"441341020083207842","potions_obtained":[{"floor":4,"key":"SpeedPotion"},{"floor":8,"key":"Dexterity Potion"},{"floor":11,"key":"SpeedPotion"},{"floor":13,"key":"GamblersBrew"},{"floor":18,"key":"Weak Potion"},{"floor":30,"key":"Dexterity Potion"},{"floor":33,"key":"LiquidBronze"},{"floor":38,"key":"Energy Potion"},{"floor":39,"key":"Fruit Juice"}],"is_trial":false,"path_per_floor":["M","?","M","M","M","R","E","M","T","R","E","?","E","?","R","B",null,"M","$","?","?","?","R","E","R","T","R","E","M","M","?","R","B",null,"M","?","?","?","M","R","E","R","T","$","$","E","?","M","R","B",null],"character_chosen":"THE_POKER_PLAYER","items_purchased":["Membership Card","Singing Bowl","PokerPlayerMod:ClubShade","Eternal Feather","PokerPlayerMod:Heart7","Lee\u0027s Waffle","PokerPlayerMod:JackOfSpades","PokerPlayerMod:Sharpen","Block Potion","Gambling Chip","PokerPlayerMod:Club6","PokerPlayerMod:CardPrinter","PokerPlayerMod:RoyalStrike","Lantern","BlessingOfTheForge","BlessingOfTheForge","PokerPlayerMod:Spade10+"],"campfire_rested":0,"item_purchase_floors":[0,0,0,0,0,0,0,0,0,19,19,19,44,44,44,44,45],"current_hp_per_floor":[57,46,58,59,63,63,56,65,65,65,55,55,51,26,38,43,67,69,69,69,69,79,79,78,79,79,79,79,81,83,83,83,83,83,85,81,81,73,72,87,84,99,99,100,100,100,95,97,97,67],"gold":56,"neow_bonus":"","is_daily":false,"chose_seed":false,"campfire_upgraded":10,"win_rate":0.0,"timestamp":1614461661,"path_taken":["M","?","M","M","M","R","E","M","T","R","E","?","E","?","R","BOSS","M","$","?","?","?","R","E","R","T","R","E","M","M","?","R","BOSS","M","?","?","?","M","R","E","R","T","?","$","E","?","M","R","BOSS"],"items_purchased_type":["Relic","Relic","Card","Relic","Card","Relic","Card","Card","Potion","Relic","Card","Card","Card","Relic","Potion","Potion","Undefined"],"build_version":"2020-12-22","purchased_purges":4,"victory":true,"max_hp_per_floor":[59,59,61,63,63,63,63,65,65,65,65,65,67,67,67,67,67,69,69,69,69,79,79,79,79,79,79,79,81,83,83,83,83,83,85,91,91,91,98,98,100,100,100,100,100,100,95,97,97,97],"card_choices":[{"not_picked":["PokerPlayerMod:Club2","PokerPlayerMod:DartThrow"],"picked":"PokerPlayerMod:Raise","floor":1},{"not_picked":["PokerPlayerMod:DiamondStrike","PokerPlayerMod:DartThrow","PokerPlayerMod:Club2"],"picked":"Singing Bowl","floor":3},{"not_picked":["PokerPlayerMod:ClubsClub","PokerPlayerMod:Diamond1","PokerPlayerMod:Spade1"],"picked":"Singing Bowl","floor":4},{"not_picked":["PokerPlayerMod:Spade2","PokerPlayerMod:Spade5"],"picked":"PokerPlayerMod:SecondChance","floor":5},{"not_picked":["PokerPlayerMod:Diamond1","PokerPlayerMod:Club2"],"picked":"PokerPlayerMod:GamblerForm","floor":7},{"not_picked":["PokerPlayerMod:Diamond3","PokerPlayerMod:Diamond4","PokerPlayerMod:PoorCopy"],"picked":"Singing Bowl","floor":8},{"not_picked":["PokerPlayerMod:CardBurn","PokerPlayerMod:DiamondStrike"],"picked":"PokerPlayerMod:Spade8","floor":11},{"not_picked":["PokerPlayerMod:SpadeStrike","PokerPlayerMod:Diamond4","PokerPlayerMod:JackOfSpades"],"picked":"Singing Bowl","floor":13},{"not_picked":["PokerPlayerMod:Diamond10+","PokerPlayerMod:GamblerForm"],"picked":"PokerPlayerMod:Spade10+","floor":16},{"not_picked":["PokerPlayerMod:Club5","PokerPlayerMod:SpadeStrike","PokerPlayerMod:Diamond4"],"picked":"Singing Bowl","floor":18},{"not_picked":["PokerPlayerMod:Club1","PokerPlayerMod:Diamond3"],"picked":"PokerPlayerMod:CloakAndDiamond+1","floor":24},{"not_picked":["PokerPlayerMod:Diamond4","PokerPlayerMod:Spade3"],"picked":"PokerPlayerMod:Club8","floor":28},{"not_picked":["PokerPlayerMod:Spade2","PokerPlayerMod:Fold","PokerPlayerMod:CardPrinter+1"],"picked":"Singing Bowl","floor":29},{"not_picked":["PokerPlayerMod:MagicTrick","PokerPlayerMod:Spade3","PokerPlayerMod:Diamond2"],"picked":"Singing Bowl","floor":30},{"not_picked":["PokerPlayerMod:Club9","PokerPlayerMod:Diamond8"],"picked":"PokerPlayerMod:Club10+","floor":33},{"not_picked":["PokerPlayerMod:Spade3","PokerPlayerMod:Club2","PokerPlayerMod:PoorCopy+1"],"picked":"Singing Bowl","floor":35},{"not_picked":["PanicButton","Purity","Forethought"],"picked":"Singing Bowl","floor":36},{"not_picked":["Dark Shackles","Finesse","Forethought"],"picked":"Singing Bowl","floor":36},{"not_picked":["Finesse","Panacea","Secret Technique"],"picked":"Singing Bowl","floor":36},{"not_picked":["PokerPlayerMod:FlyingCard","PokerPlayerMod:Spade3"],"picked":"PokerPlayerMod:ClubsClub+1","floor":38},{"not_picked":["PokerPlayerMod:Trickery","PokerPlayerMod:Diamond3","PokerPlayerMod:DamnStraight"],"picked":"Singing Bowl","floor":39},{"not_picked":["PokerPlayerMod:Spade7","PokerPlayerMod:DiamondStrike+1","PokerPlayerMod:Trickery"],"picked":"Singing Bowl","floor":41},{"not_picked":["PokerPlayerMod:CloakAndDiamond+1","PokerPlayerMod:Diamond2"],"picked":"PokerPlayerMod:Club9","floor":46},{"not_picked":["PokerPlayerMod:Spade4","PokerPlayerMod:SpadeStrike+1","PokerPlayerMod:DartThrow"],"picked":"Singing Bowl","floor":48}],"player_experience":643550,"relics_obtained":[{"floor":7,"key":"Juzu Bracelet"},{"floor":9,"key":"Akabeko"},{"floor":11,"key":"Nunchaku"},{"floor":13,"key":"Bag of Marbles"},{"floor":24,"key":"Bottled Tornado"},{"floor":26,"key":"MealTicket"},{"floor":28,"key":"Shuriken"},{"floor":38,"key":"Ginger"},{"floor":41,"key":"PokerPlayerMod:BrokenClock"},{"floor":43,"key":"Oddly Smooth Stone"},{"floor":46,"key":"Toxic Egg 2"}],"event_choices":[{"damage_healed":0,"gold_gain":75,"player_choice":"Gather Gold","damage_taken":11,"max_hp_gain":0,"max_hp_loss":0,"event_name":"World of Goop","floor":2,"gold_loss":0},{"damage_healed":0,"gold_gain":0,"player_choice":"Ignored","damage_taken":0,"max_hp_gain":0,"max_hp_loss":0,"event_name":"Liars Game","floor":12,"gold_loss":0},{"damage_healed":0,"gold_gain":0,"player_choice":"Success","damage_taken":25,"relics_obtained":["PokerPlayerMod:StuffedPocket"],"max_hp_gain":0,"max_hp_loss":0,"event_name":"Scrap Ooze","floor":14,"gold_loss":0},{"damage_healed":0,"gold_gain":0,"player_choice":"Ignored","damage_taken":0,"max_hp_gain":0,"max_hp_loss":0,"event_name":"Ghosts","floor":20,"gold_loss":0},{"damage_healed":0,"gold_gain":0,"player_choice":"Bet on Owner","damage_taken":0,"max_hp_gain":0,"max_hp_loss":0,"event_name":"The Joust","floor":21,"gold_loss":50},{"damage_healed":0,"gold_gain":0,"player_choice":"Obtained Relic","damage_taken":0,"relics_obtained":["Pear"],"max_hp_gain":0,"max_hp_loss":0,"event_name":"Addict","floor":22,"gold_loss":85},{"cards_removed":["PokerPlayerMod:Sharpen"],"damage_healed":0,"gold_gain":0,"player_choice":"Upgrade and Remove","damage_taken":0,"max_hp_gain":0,"max_hp_loss":0,"event_name":"Designer","floor":31,"gold_loss":90,"cards_upgraded":["PokerPlayerMod:Diamond5"]},{"damage_healed":0,"gold_gain":0,"player_choice":"Memory 3","damage_taken":10,"max_hp_gain":0,"max_hp_loss":0,"event_name":"SensoryStone","floor":36,"gold_loss":0},{"damage_healed":0,"gold_gain":0,"player_choice":"Ignored","damage_taken":0,"max_hp_gain":0,"max_hp_loss":0,"event_name":"Tomb of Lord Red Mask","floor":37,"gold_loss":0},{"damage_healed":0,"gold_gain":0,"player_choice":"Fight","damage_taken":0,"max_hp_gain":0,"max_hp_loss":0,"event_name":"MindBloom","floor":38,"gold_loss":0},{"damage_healed":0,"gold_gain":0,"player_choice":"Max HP","damage_taken":0,"max_hp_gain":0,"max_hp_loss":5,"event_name":"Winding Halls","floor":47,"gold_loss":0}],"is_beta":false,"boss_relics":[{"not_picked":["Tiny House","Astrolabe"],"picked":"Coffee Dripper"},{"not_picked":["Cursed Key","Calling Bell"],"picked":"Velvet Choker"}],"items_purged_floors":[0,0,19,44],"is_endless":false,"potions_floor_spawned":[4,8,11,13,18,30,33,38,39],"ascension_level":1}}