{"host":"egwexuw5uvnxf11j","time":1614401475,"event":{"mods":["2.2 Compatiblity","Aspiration","BaseMod","Better Note","Better Sensory Stone","Better Third Choice","Displayed Cursed Tome","Downfall","Hermit","Key Reminder","Koishi","Marisa????????","Minty Spire (QoL Compilation)","Quick Restart","Shade Mod","Spicy Shops","StSLib","The Construct","The Cursed","The Runesmith","The Senshi","The Servant 0.9.4","Transform Curses"],"gold_per_floor":[116,191,2,17,31,66,66,81,127,91,116,116,133,168,168,266,266,283,299,0,15,25,25,54,6,51,68,84,84,96,112,112,112,112],"floor_reached":33,"language":"ENG","playtime":1612,"items_purged":[],"score":404,"play_id":"0bc6a9a9-bf5b-4b89-9aa0-24d2526d9dd4","local_time":"20210226235115","is_ascension_mode":true,"campfire_choices":[{"floor":12,"key":"REST"},{"floor":15,"key":"REST"},{"floor":23,"key":"REST"},{"floor":32,"key":"REST"}],"circlet_count":0,"master_deck":["Strike_P","Strike_P","Defend_P","Defend_P","Defend_P","Eruption","Vigilance","Evaluate","EmptyBody","ReachHeaven","Tantrum","FearNoEvil","LikeWater","Consecrate","Adaptation","Establishment","Consecrate","Prostrate","MasterReality","DeceiveReality","Evaluate","BattleHymn","Pray","Consecrate+1","ReachHeaven","EmptyFist","TalkToTheHand","FlyingSleeves","Consecrate"],"relics":["PureWater","Damaru","MealTicket","aspiration:Lifesprig","Lizard Tail","Bag of Preparation","Empty Cage","Regal Pillow","Tiny Chest","theSenshi:SailorFukuRelic","keyreminder:keyreminder"],"acts_visited":["Exordium","TheCity"],"potions_floor_usage":[6,11,14,18,21,31,31,33],"damage_taken":[{"damage":3,"enemies":"Jaw Worm","floor":1,"turns":5},{"damage":0,"enemies":"Cultist","floor":4,"turns":3},{"damage":1,"enemies":"2 Louse","floor":5,"turns":3},{"damage":0,"enemies":"Lagavulin","floor":6,"turns":5},{"damage":11,"enemies":"Lots of Slimes","floor":8,"turns":4},{"damage":10,"enemies":"3 Sentries","floor":11,"turns":4},{"damage":14,"enemies":"Red Slaver","floor":13,"turns":4},{"damage":8,"enemies":"Lagavulin","floor":14,"turns":7},{"damage":52,"enemies":"The Guardian","floor":16,"turns":8},{"damage":29,"enemies":"2 Thieves","floor":18,"turns":3},{"damage":6,"enemies":"Shell Parasite","floor":19,"turns":4},{"damage":5,"enemies":"Snecko","floor":21,"turns":5},{"damage":24,"enemies":"Chosen and Byrds","floor":22,"turns":5},{"damage":20,"enemies":"Gremlin Leader","floor":24,"turns":5},{"damage":21,"enemies":"Snake Plant","floor":27,"turns":5},{"damage":24,"enemies":"Cultist and Chosen","floor":28,"turns":4},{"damage":4,"enemies":"Snecko","floor":30,"turns":4},{"damage":2,"enemies":"3 Cultists","floor":31,"turns":3},{"damage":101,"enemies":"Champ","floor":33,"turns":9}],"seed_played":"-5473589537476347958","potions_obtained":[{"floor":1,"key":"Strength Potion"},{"floor":4,"key":"Energy Potion"},{"floor":6,"key":"hexamod:SoulburnPotion"},{"floor":14,"key":"Ambrosia"},{"floor":16,"key":"Block Potion"},{"floor":18,"key":"FearPotion"},{"floor":24,"key":"Slimebound:ThreeZeroPotion"},{"floor":30,"key":"Fire Potion"},{"floor":31,"key":"Ancient Potion"}],"is_trial":false,"path_per_floor":["M","?","$","M","M","E","?","M","T","$","E","R","M","E","R","B",null,"M","M","$","M","M","R","E","$","T","M","M","T","M","M","R","B"],"character_chosen":"WATCHER","items_purchased":["Damaru","ReachHeaven","Adaptation","BattleHymn","Regal Pillow","Pray","EmptyFist"],"campfire_rested":4,"item_purchase_floors":[3,3,10,20,20,20,25],"current_hp_per_floor":[69,58,58,58,57,57,57,46,46,61,51,72,58,50,71,19,72,43,37,52,47,23,59,39,54,54,33,9,9,5,3,39,0,0],"gold":112,"neow_bonus":"THREE_CARDS","is_daily":false,"chose_seed":false,"campfire_upgraded":0,"win_rate":0.0,"timestamp":1614401475,"path_taken":["M","?","?","M","?","E","?","M","T","$","E","R","M","E","R","BOSS","M","M","$","M","?","R","E","?","T","?","?","?","M","M","R","BOSS"],"items_purchased_type":["Relic","Card","Card","Card","Relic","Card","Card"],"build_version":"2020-12-22","purchased_purges":0,"victory":false,"max_hp_per_floor":[72,72,72,72,72,72,72,72,72,72,72,72,72,72,72,72,72,72,72,72,72,72,72,72,72,72,72,72,72,72,72,72,72,72],"card_choices":[{"not_picked":["Fasting2","ForeignInfluence"],"picked":"Evaluate","floor":0},{"not_picked":["Wireheading","JustLucky"],"picked":"EmptyBody","floor":1},{"not_picked":["FlyingSleeves","Meditate"],"picked":"Tantrum","floor":4},{"not_picked":["Consecrate","Sanctity"],"picked":"FearNoEvil","floor":5},{"not_picked":["Study","EmptyBody"],"picked":"LikeWater","floor":6},{"not_picked":["Nirvana","BowlingBash"],"picked":"Consecrate","floor":8},{"not_picked":["FearNoEvil","Sanctity"],"picked":"Establishment","floor":11},{"not_picked":["Evaluate","Study"],"picked":"Consecrate","floor":13},{"not_picked":["CrushJoints","EmptyBody"],"picked":"Prostrate","floor":14},{"not_picked":["Judgement","DevaForm"],"picked":"MasterReality","floor":16},{"not_picked":["FearNoEvil","JustLucky"],"picked":"DeceiveReality","floor":18},{"not_picked":["JustLucky","DeceiveReality"],"picked":"Evaluate","floor":19},{"not_picked":["Perseverance","CutThroughFate+1"],"picked":"Consecrate+1","floor":21},{"not_picked":["PathToVictory","SignatureMove"],"picked":"ReachHeaven","floor":22},{"not_picked":["CrushJoints","Perseverance","Fasting2"],"picked":"SKIP","floor":24},{"not_picked":["Crescendo+1","Halt"],"picked":"TalkToTheHand","floor":27},{"not_picked":["BattleHymn","Vault"],"picked":"FlyingSleeves","floor":28},{"not_picked":["Nirvana","Worship","ThirdEye"],"picked":"SKIP","floor":30},{"not_picked":["SignatureMove","CutThroughFate"],"picked":"Consecrate","floor":31}],"player_experience":2162646,"relics_obtained":[{"floor":6,"key":"MealTicket"},{"floor":9,"key":"aspiration:Lifesprig"},{"floor":11,"key":"Lizard Tail"},{"floor":14,"key":"Bag of Preparation"},{"floor":24,"key":"Tiny Chest"},{"floor":26,"key":"theSenshi:SailorFukuRelic"}],"event_choices":[{"damage_healed":0,"gold_gain":75,"player_choice":"Gold","damage_taken":11,"max_hp_gain":0,"max_hp_loss":0,"event_name":"betterThird:BetterGoop","floor":2,"gold_loss":0},{"cards_removed":["Defend_P"],"damage_healed":0,"gold_gain":0,"player_choice":"Purged","damage_taken":0,"max_hp_gain":0,"max_hp_loss":0,"event_name":"Purifier","floor":7,"gold_loss":0}],"is_beta":false,"boss_relics":[{"not_picked":["aspiration:FutureDiary","Snecko Eye"],"picked":"Empty Cage"}],"items_purged_floors":[],"is_endless":false,"potions_floor_spawned":[1,4,6,14,16,18,24,30,31],"killed_by":"Champ","ascension_level":4}}