{"host":"5tir6155jnoxijqh","time":1614405079,"event":{"mods":["Act Like it!","Arknights","BaseMod","Downfall","Hermit","Library of Ruina","Library of Ruina Extra","Minty Spire (QoL Compilation)","MostiFishMod","Shop Mod","Spicy Shops","StSLib","WarShipGirlsR/’ΩΩ¢…Ÿ≈ÆR mod"],"gold_per_floor":[215,215,49,146,146,254,234,307,307,361,812,812,839,930,930,1047,1047,1102,1102,1102,1201,1252,1252,25,172,198,290,341,256,256,82,82,241,241,299,19,38,55,55,55,95,161,187,256,312,17,91,153,153,193,233,233,233,9,52,52],"floor_reached":57,"language":"ZHS","playtime":3591,"items_purged":["LightAttack","LightAttack","LightDefense","LightDefense"],"score":2387,"play_id":"54e4fad0-11ab-4e97-9306-05d11a358eee","local_time":"20210227135119","is_ascension_mode":true,"campfire_choices":[{"data":"Apotheosis","floor":12,"key":"SMITH"},{"floor":15,"key":"RECALL"},{"floor":23,"key":"REST"},{"data":"TheRedNotes","floor":32,"key":"SMITH"},{"data":"BoundaryOfDeath","floor":40,"key":"SMITH"},{"data":"UnforgettableMelody","floor":49,"key":"SMITH"},{"data":"SilentMist","floor":53,"key":"SMITH"}],"circlet_count":0,"master_deck":["AscendersBane","Dodge","LightDefense","LightDefense","ChargeAndCover","FocusedStrikes+1","GutHarvesting+1","Apotheosis+1","TheRedNotes+1","UnavoidableGaze+1","BiXi+1","BoundaryOfDeath+1","Commandeering+1","TheWillOfTheCity+1","ExtractFuel+1","DistortedBlade+1","UndertakePrescript+1","Quickness+1","Faith+1","SerpentSwordTechnique+1","SilentMist+1","FrontalAssault+1","TheArtOfRapidSteps+1","Rewind+1","WillOfThePrescript+1","Lock+1","SenseQuarry+1","StructuralAnalysis+1","FeatherShield+1","Castigation+1","LeRegole+1","FierceCharge+1","SomberProcuration+1","UnforgettableMelody+1","IronWall+1","Finesse+1","PuppetBlockade+1"],"relics":["PageOfLibrarian","DaveBox","DianPoetry","SynthV:TestCard","Toxic Egg 2","PageOfBloodbath","PageOfBigBadWolf","Old Coin","Question Card","MerchantsRug","Incense Burner","Toolbox","Sling","StoneCalendar","PageOfWizard","PageOfScorchedGirl","GuanYuAspect","Lantern","CeramicFish","Whetstone","OrangePellets","Meat on the Bone","Turnip","Pen Nib","Bag of Marbles"],"acts_visited":["TheCity","TheBeyond","TheEnding"],"potions_floor_usage":[8,13,13,16,22,25,33,33,51,56],"damage_taken":[{"damage":0,"enemies":"Small Slimes","floor":1,"turns":2},{"damage":0,"enemies":"2 Louse","floor":4,"turns":2},{"damage":22,"enemies":"3 Sentries","floor":6,"turns":4},{"damage":9,"enemies":"Lagavulin","floor":8,"turns":3},{"damage":0,"enemies":"Cultist","floor":10,"turns":3},{"damage":9,"enemies":"3 Sentries","floor":11,"turns":4},{"damage":6,"enemies":"Gremlin Nob","floor":13,"turns":2},{"damage":0,"enemies":"Exordium Wildlife","floor":14,"turns":3},{"damage":0,"enemies":"The Guardian","floor":16,"turns":5},{"damage":0,"enemies":"Spheric Guardian","floor":18,"turns":2},{"damage":5,"enemies":"2 Thieves","floor":21,"turns":4},{"damage":0,"enemies":"Chosen and Byrds","floor":22,"turns":4},{"damage":25,"enemies":"Slavers","floor":25,"turns":3},{"damage":0,"enemies":"Cultist and Chosen","floor":27,"turns":3},{"damage":0,"enemies":"Snake Plant","floor":28,"turns":2},{"damage":0,"enemies":"Collector","floor":33,"turns":8},{"damage":5,"enemies":"Orb Walker","floor":35,"turns":2},{"damage":0,"enemies":"3 Shapes","floor":37,"turns":3},{"damage":24,"enemies":"Writhing Mass","floor":38,"turns":2},{"damage":0,"enemies":"Giant Head","floor":41,"turns":3},{"damage":3,"enemies":"Maw","floor":42,"turns":5},{"damage":0,"enemies":"Spire Growth","floor":44,"turns":2},{"damage":0,"enemies":"4 Shapes","floor":45,"turns":4},{"damage":0,"enemies":"Reptomancer","floor":47,"turns":3},{"damage":16,"enemies":"2 Orb Walkers","floor":48,"turns":2},{"damage":11,"enemies":"Donu and Deca","floor":50,"turns":7},{"damage":0,"enemies":"Donu and Deca","floor":51,"turns":5},{"damage":22,"enemies":"Shield and Spear","floor":55,"turns":3},{"damage":9,"enemies":"The Heart","floor":56,"turns":3}],"seed_played":"-4703352065152107995","potions_obtained":[{"floor":4,"key":"FearPotion"},{"floor":7,"key":"SpeedPotion"},{"floor":11,"key":"champ:CounterPotion"},{"floor":14,"key":"FearPotion"},{"floor":16,"key":"Fire Potion"},{"floor":21,"key":"SteroidPotion"},{"floor":22,"key":"Fire Potion"},{"floor":27,"key":"PowerPotion"},{"floor":37,"key":"Regen Potion"},{"floor":41,"key":"GamblersBrew"},{"floor":47,"key":"CultistPotion"}],"is_trial":false,"path_per_floor":["M","?","$","M","?","E","?","E","T","M","E","R","E","M","R","B",null,"M","?","?","M","M","R","$","E","T","M","M","?","?","$","R","B",null,"M","$","M","M","?","R","E","M","T","M","M","$","E","?","R","B",null,null,"R","$","E","B",null],"character_chosen":"Librarian","items_purchased":["Apotheosis","MerchantsRug","SilentMist","Incense Burner","Toolbox","Sling","StoneCalendar","FrontalAssault+1","Lock+1","Lantern","OrangePellets","Pen Nib","Finesse+1"],"campfire_rested":1,"item_purchase_floors":[3,24,24,24,24,24,24,24,31,36,46,54,54],"current_hp_per_floor":[54,54,54,54,47,25,25,16,16,20,23,23,21,29,29,35,66,76,76,76,76,76,76,76,62,62,62,62,62,62,62,62,62,31,29,29,31,19,19,19,31,31,31,31,31,31,31,28,28,31,31,31,31,31,22,31],"gold":52,"neow_bonus":"HUNDRED_GOLD","is_daily":false,"chose_seed":false,"campfire_upgraded":5,"win_rate":0.0,"timestamp":1614405079,"path_taken":["M","?","$","M","?","E","?","E","T","M","E","R","E","?","R","BOSS","M","?","?","?","M","R","$","E","T","M","M","?","?","$","R","BOSS","M","$","M","M","?","R","E","M","T","M","M","$","E","?","R","BOSS","R","$","E","BOSS"],"items_purchased_type":["Card","Relic","Card","Relic","Relic","Relic","Relic","Card","Card","Relic","Relic","Relic","Card"],"build_version":"2020-12-22","purchased_purges":4,"victory":true,"max_hp_per_floor":[81,81,81,81,81,68,68,68,68,68,68,68,68,68,68,76,76,76,76,76,76,76,76,76,62,62,62,62,62,62,62,62,62,31,31,31,31,31,31,31,31,31,31,31,31,31,31,31,31,31,31,31,31,31,31,31],"card_choices":[{"not_picked":["TendonChords","EnergyShield","DarkCloud","Quickness","Brawl","SwordOfVolition","SinglePointStab","ButterflySlash"],"picked":"GutHarvesting","floor":1},{"not_picked":["DeepDrag","CoordinatedAssault","Leap_lor","Outburst","Thrust","QuickSuppression","FleetFootsteps","SmokingPipe","Creak","FleetEdge"],"picked":"TheRedNotes","floor":4},{"not_picked":["BindingArms","Standoff","GoinFirst","BizarreAttack","ViolentFlame","BlindFaith+1","FierceOnslaught","UpbeatPerformance","DaringDecision","BackstreetsDash"],"picked":"UnavoidableGaze+1","floor":6},{"not_picked":["SinglePointStab","GuardingStance+1","SmokingPipe+1","BurningFlash","LossOfSenses","GrazeTheGrass","BlindFaith+1","EnergyBeam","EndlessBattle","FleetEdge"],"picked":"BiXi+1","floor":8},{"not_picked":["SearingSword","HandleRequest","Track","Parry2","Unlock1","SparkingSpear","RatsGuideToSurvival+1","Parry","FlashOfSunup","UpbeatPerformance"],"picked":"BoundaryOfDeath","floor":10},{"not_picked":["Decapitation","Juggling+1","ViolentFlame","StructuralAnalysis+1","EndlessBattle","MirageStorm","Mutilate","StrongStrike","DefenseOrder+1","CoordinatedAssault+1"],"picked":"Commandeering+1","floor":11},{"not_picked":["TendonChords","HiddenBlade","SharpSwipe","FleetEdge","PreparedMind+1","ButterflySlash","UpbeatPerformance","MindPrepared","IronWall+1","FieryDragonSlash"],"picked":"TheWillOfTheCity+1","floor":13},{"not_picked":["HiddenBlade","BlowItUp","MindWhip","EnergyStrike","QuickAttack","SturdyDefense+1","DefenseOrder+1","Collision","Parry2","UncannyStrike","Faith+1"],"picked":"ExtractFuel+1","floor":14},{"not_picked":["FormingStorm","Castigation","MindCrush","Disposal","Suppress"],"picked":"DistortedBlade","floor":16},{"not_picked":["PreemptiveStrike","EnergyCycle","IdentifyWeakpoint+1","RatsGuideToSurvival+1","Suppress","OminousPower","Wallop_lor","BladeWhirl","FierceCharge+1","HardRehearsal","EnergyStrike+1"],"picked":"UndertakePrescript+1","floor":18},{"not_picked":["AsThePrescriptOrders+1","DevastatingThrash+1","Thrust","ChopItOff","Outburst","Tailoring","Eradication","Wallop_lor","VenomousFangs","SharpSwipe","Quickness+1"],"picked":"Faith+1","floor":21},{"not_picked":["JiaoTu","WrathOfTorment","BlowItUp","GuidanceOfTheGears+1","ShrineToMusic","SearingSword","UncannyStrike","TrashDisposal","SmokingPipe+1","HiddenBlade+1","Thrust+1"],"picked":"SerpentSwordTechnique+1","floor":22},{"not_picked":["FieryDragonSlash","EndlessBattle+1","SkyClearingCut","FleetEdge","ChargeUp","KeepItFresh","OpportunitySpotted+1","MultiBlock+1","TheWillOfTheCity+1","Thirst","Overcharge+1"],"picked":"TheArtOfRapidSteps+1","floor":25},{"not_picked":["ViolentFlame","SunsetBlade","CombatPreparation+1","SnakesPrey","EnergyStrike","Unlock1","SuanNi+1","UndertakePrescript+1","BattleCommand+1","FierceCharge+1","Duel_lor"],"picked":"Rewind+1","floor":27},{"not_picked":["SunsetBlade","YoureTooSlow+1","SuppressingShot","QuickAttack","DesperateStruggle","ExtremeEdge","FleetFootsteps+1","DarkCloud","CoordinatedAssault+1","StructuralAnalysis+1","NightInTheBackstreets"],"picked":"WillOfThePrescript+1","floor":28},{"not_picked":["SilentNight","WillProduceFineSilk+1","GroundSmash","Cruelty","Eradication"],"picked":"SenseQuarry+1","floor":33},{"not_picked":["Reload+1","YourShield+1","Parry+1","Diversion","TheRedNotes","Standoff","SturdyDefense+1","AsThePrescriptOrders+1","BiXi+1","Parry2","BlindFaith+1","SuppressingShot"],"picked":"SKIP","floor":35},{"not_picked":["Standoff+1","DarkCloud","Quickness+1","FrontalAssault+1","Wallop_lor","SuppressingShot","BiAn+1","DesperateStruggle","YoureAHindrance","AbsorbImpact+1","MultiBlock+1"],"picked":"StructuralAnalysis+1","floor":37},{"not_picked":["Mutilate","DarkCloud","BackAttack+1","StrongStrike","ViolentFlame","Outburst","Ripple","GuardingStance+1","GuidanceOfTheGears+1","NightInTheBackstreets","StructuralAnalysis+1"],"picked":"FeatherShield+1","floor":38},{"not_picked":[],"picked":"Castigation","floor":39},{"not_picked":["FleetEdge","Diversion","SharpSwipe","AbsorbImpact+1","Gamble","Parry2","StrongStrike","Thrust","SunsetBlade","InhaleSmoke+1","HighKick"],"picked":"LeRegole+1","floor":41},{"not_picked":["Pound+1","Overpower","FleetEdge+1","Gamble","SuppressingShot","JiaoTu+1","IllEndYou+1","ReadyUp+1","BiAn+1","Parry2","Rampage_lor"],"picked":"FierceCharge+1","floor":42},{"not_picked":["WildCard+1","SpearedSweep+1","Parry2+1","PinpointShot","Diversion","WrathOfTorment","QuickSuppression","StrongStrike+1","FaintMemories","DefenseOrder+1","ICanCookAnything"],"picked":"SomberProcuration+1","floor":44},{"not_picked":["ClassAndRespect","QuickSuppression","InkOver","FleetFootsteps+1","Castigation","HardRehearsal","MultiBlock+1","IngredientHunt","PreemptiveStrike","Thrust","BlindFaith+1","Zzzzzap+1"],"picked":"SKIP","floor":45},{"not_picked":["Reload+1","GatherIntel+1","FendThisOffIfYouCan+1","GreatSerpentsImpact+1","UnavoidableGaze+1","ExtremeEdge+1","TheWillOfTheCity+1","GutHarvesting","Faith+1","SnakesPrey+1","SerpentineBarrier+1"],"picked":"UnforgettableMelody","floor":47},{"not_picked":["SuanNi+1","Creak+1","IdentifyWeakpoint+1","Multislash","HiddenBlade","Wallop_lor+1","DesperateStruggle","AssaultOrder+1","SkyClearingCut","BlindFaith+1","CumulusWall+1"],"picked":"IronWall+1","floor":48},{"not_picked":["SmokingPipe+1","DarkCloud+1","FlashingStrike+1","Rewind+1","FlyingSword","CoordinatedAssault+1","SetFire","Outburst","Eject","BackstreetsDash","SpearedSweep"],"picked":"PuppetBlockade+1","floor":55}],"player_experience":437892,"relics_obtained":[{"floor":1,"key":"SynthV:TestCard"},{"floor":6,"key":"Toxic Egg 2"},{"floor":8,"key":"PageOfBloodbath"},{"floor":9,"key":"PageOfBigBadWolf"},{"floor":11,"key":"Old Coin"},{"floor":13,"key":"Question Card"},{"floor":25,"key":"PageOfWizard"},{"floor":41,"key":"CeramicFish"},{"floor":43,"key":"Whetstone"},{"floor":47,"key":"Meat on the Bone"},{"floor":48,"key":"Turnip"},{"floor":55,"key":"Bag of Marbles"}],"event_choices":[{"damage_healed":0,"gold_gain":0,"player_choice":"Grow","damage_taken":0,"max_hp_gain":0,"max_hp_loss":0,"event_name":"Living Wall","floor":2,"gold_loss":0,"cards_upgraded":["GutHarvesting"]},{"cards_removed":["LightAttack"],"damage_healed":0,"gold_gain":0,"player_choice":"Card Removal","damage_taken":7,"max_hp_gain":0,"max_hp_loss":0,"event_name":"Golden Wing","floor":5,"gold_loss":0},{"damage_healed":0,"gold_gain":0,"player_choice":"Bought 1 Potion","damage_taken":0,"max_hp_gain":0,"max_hp_loss":0,"event_name":"The Woman in Blue","floor":7,"gold_loss":0},{"damage_healed":0,"gold_gain":0,"player_choice":"Read","damage_taken":0,"max_hp_gain":0,"max_hp_loss":0,"event_name":"The Library","floor":19,"gold_loss":0,"cards_obtained":["Quickness"]},{"damage_healed":0,"gold_gain":0,"player_choice":"Forge","damage_taken":0,"max_hp_gain":0,"max_hp_loss":0,"event_name":"Accursed Blacksmith","floor":20,"gold_loss":0,"cards_upgraded":["DistortedBlade"]},{"damage_healed":0,"gold_gain":0,"player_choice":"Obtained Relic","damage_taken":0,"relics_obtained":["PageOfScorchedGirl"],"max_hp_gain":0,"max_hp_loss":0,"event_name":"Addict","floor":29,"gold_loss":85},{"damage_healed":0,"gold_gain":0,"player_choice":"Ignored","damage_taken":0,"max_hp_gain":0,"max_hp_loss":0,"event_name":"Ghosts","floor":30,"gold_loss":0},{"damage_healed":0,"gold_gain":0,"player_choice":"Fight","damage_taken":0,"max_hp_gain":0,"max_hp_loss":0,"event_name":"Mysterious Sphere","floor":48,"gold_loss":0}],"is_beta":false,"boss_relics":[{"not_picked":["MoonlightInvasionPlan","Astrolabe"],"picked":"Fusion Hammer"},{"not_picked":["Calling Bell","SacredBark"],"picked":"GuanYuAspect"}],"items_purged_floors":[24,31,36,46],"is_endless":false,"potions_floor_spawned":[4,11,14,16,21,22,27,37,41,47],"ascension_level":14}}