{"host":"sav7uxregyirlf69","time":1614391866,"event":{"mods":["AchievementEnabler","BaseMod","Colored Map","DeckTracker","Keyboard Shortcuts","Minty Spire (QoL Compilation)","READ ME - Guardian Mod","StSLib","SuperFastMode"],"gold_per_floor":[144,144,189,234,279,279,279,324,349,439,439,484,165,165,165,474,474,519,573,573,618,533,632,686,740,749,794,893,947,992,1026,1026,1344,1344,1344,1344],"floor_reached":35,"language":"KOR","playtime":696,"items_purged":[],"score":606,"play_id":"31fcb9b0-5d08-4e8e-8d13-e06f4bb03930","local_time":"20210227111106","daily_mods":["Cursed Run","Diverse","Midas"],"is_ascension_mode":false,"campfire_choices":[{"floor":6,"key":"REST"},{"floor":15,"key":"REST"}],"circlet_count":0,"master_deck":["Strike_B+1","Strike_B+1","Strike_B","Defend_B","Defend_B","Defend_B","Defend_B","Zap","Dualcast","Infernal Blade","CutThroughFate","Glacier","Footwork","Disarm","Writhe","Blade Dance","Barricade","Writhe","Injury","DeceiveReality","FlurryOfBlows","Streamline+1","Double Energy","Clumsy","Stack","Ghostly","Ghostly","Ghostly","Ghostly","Ghostly","Injury","Writhe","Feed"],"relics":["Cursed Key","Darkstone Periapt","Du-Vu Doll","Blood Vial","Matryoshka","Shuriken","CeramicFish","StrikeDummy","Coffee Dripper","Ancient Tea Set","Sundial","Tiny Chest","Cables","Potion Belt","Runic Pyramid"],"acts_visited":["Exordium","TheCity","TheBeyond"],"potions_floor_usage":[10,23,33],"damage_taken":[{"damage":0,"enemies":"Small Slimes","floor":1,"turns":4},{"damage":0,"enemies":"Cultist","floor":3,"turns":3},{"damage":0,"enemies":"2 Louse","floor":4,"turns":4},{"damage":0,"enemies":"Large Slime","floor":5,"turns":4},{"damage":0,"enemies":"Exordium Thugs","floor":8,"turns":4},{"damage":3,"enemies":"3 Sentries","floor":10,"turns":9},{"damage":0,"enemies":"Looter","floor":12,"turns":4},{"damage":0,"enemies":"The Guardian","floor":16,"turns":11},{"damage":16,"enemies":"Spheric Guardian","floor":18,"turns":5},{"damage":5,"enemies":"Shell Parasite","floor":19,"turns":5},{"damage":20,"enemies":"Centurion and Healer","floor":21,"turns":5},{"damage":0,"enemies":"Book of Stabbing","floor":23,"turns":6},{"damage":0,"enemies":"3 Cultists","floor":24,"turns":5},{"damage":35,"enemies":"Shelled Parasite and Fungi","floor":25,"turns":5},{"damage":18,"enemies":"Snake Plant","floor":27,"turns":4},{"damage":0,"enemies":"Centurion and Healer","floor":29,"turns":5},{"damage":3,"enemies":"Collector","floor":33,"turns":15},{"damage":5,"enemies":"3 Darklings","floor":35,"turns":5}],"seed_played":"-2463471341485849212","potions_obtained":[{"floor":1,"key":"BlessingOfTheForge"},{"floor":4,"key":"LiquidBronze"},{"floor":5,"key":"SpeedPotion"},{"floor":19,"key":"FearPotion"},{"floor":27,"key":"Ancient Potion"}],"is_trial":false,"path_per_floor":["M","?","M","M","M","R","?","M","T","E","?","M","$","T","R","B",null,"M","M","?","M","?","E","M","M","T","M","?","M","?","T","R","B",null,"M"],"character_chosen":"DEFECT","items_purchased":["Barricade","Shuriken"],"campfire_rested":2,"item_purchase_floors":[13,13],"current_hp_per_floor":[75,75,75,75,75,75,60,60,66,65,65,67,67,73,87,93,93,77,74,74,56,56,58,60,27,33,17,17,19,19,25,25,30,61,56,56],"gold":1344,"neow_bonus":"","is_daily":true,"chose_seed":false,"campfire_upgraded":0,"win_rate":0.0,"timestamp":1614391866,"path_taken":["M","?","M","M","M","R","?","M","T","E","?","?","$","?","R","BOSS","M","M","?","M","?","E","M","M","T","M","?","?","?","?","R","BOSS","M"],"items_purchased_type":["Card","Relic"],"build_version":"2020-12-22","purchased_purges":0,"victory":false,"max_hp_per_floor":[75,75,75,75,75,75,75,75,81,81,81,81,81,87,87,93,93,93,93,93,93,93,93,93,93,99,99,99,99,49,55,55,61,61,61,61],"card_choices":[{"not_picked":["Slice","Catalyst"],"picked":"Infernal Blade","floor":1},{"not_picked":["PathToVictory","Poisoned Stab"],"picked":"Glacier","floor":3},{"not_picked":["EmptyFist","Skewer","Protect"],"picked":"SKIP","floor":4},{"not_picked":["Cold Snap","Consecrate"],"picked":"Footwork","floor":5},{"not_picked":["A Thousand Cuts","Turbo"],"picked":"Disarm","floor":8},{"not_picked":["Barrage","Indignation","Hologram"],"picked":"SKIP","floor":10},{"not_picked":["Prepared","Protect"],"picked":"Blade Dance","floor":12},{"not_picked":["Aggregate","Study","CarveReality"],"picked":"SKIP","floor":18},{"not_picked":["Melter","Headbutt"],"picked":"DeceiveReality","floor":19},{"not_picked":["BowlingBash","Bloodletting","Wallop"],"picked":"SKIP","floor":21},{"not_picked":["ThirdEye+1","FollowUp"],"picked":"FlurryOfBlows","floor":23},{"not_picked":["InnerPeace","Steam Power"],"picked":"Streamline+1","floor":24},{"not_picked":["Thunderclap","Hello World"],"picked":"Double Energy","floor":25},{"not_picked":["Underhanded Strike","Leap","Catalyst"],"picked":"SKIP","floor":27},{"not_picked":["Rebound+1","Vengeance"],"picked":"Stack","floor":29},{"not_picked":["Judgement","Thunder Strike"],"picked":"Feed","floor":33}],"player_experience":1717400,"relics_obtained":[{"floor":9,"key":"Blood Vial"},{"floor":10,"key":"Matryoshka"},{"floor":14,"key":"CeramicFish"},{"floor":14,"key":"StrikeDummy"},{"floor":23,"key":"Sundial"},{"floor":26,"key":"Tiny Chest"},{"floor":26,"key":"Cables"},{"floor":31,"key":"Potion Belt"}],"event_choices":[{"damage_healed":0,"gold_gain":0,"cards_transformed":["Strike_B"],"player_choice":"Change","damage_taken":0,"max_hp_gain":0,"max_hp_loss":0,"event_name":"Living Wall","floor":2,"gold_loss":0,"cards_obtained":["CutThroughFate"]},{"damage_healed":0,"gold_gain":0,"player_choice":"Entered Light","damage_taken":15,"max_hp_gain":0,"max_hp_loss":0,"event_name":"Shining Light","floor":7,"gold_loss":0,"cards_upgraded":["Strike_B","Strike_B"]},{"damage_healed":0,"gold_gain":0,"player_choice":"0 cards matched","damage_taken":0,"max_hp_gain":0,"max_hp_loss":0,"event_name":"Match and Keep!","floor":11,"gold_loss":0,"cards_obtained":[]},{"damage_healed":0,"gold_gain":0,"player_choice":"Ignored","damage_taken":0,"max_hp_gain":0,"max_hp_loss":0,"event_name":"Vampires","floor":20,"gold_loss":0},{"damage_healed":0,"gold_gain":0,"player_choice":"Obtained Relic","damage_taken":0,"relics_obtained":["Ancient Tea Set"],"max_hp_gain":0,"max_hp_loss":0,"event_name":"Addict","floor":22,"gold_loss":85},{"damage_healed":0,"gold_gain":99,"player_choice":"Stole From Cult","damage_taken":0,"max_hp_gain":0,"max_hp_loss":0,"event_name":"Nest","floor":28,"gold_loss":0},{"damage_healed":0,"gold_gain":0,"player_choice":"Became a Ghost","damage_taken":0,"max_hp_gain":0,"max_hp_loss":50,"event_name":"Ghosts","floor":30,"gold_loss":0,"cards_obtained":["Ghostly","Ghostly","Ghostly","Ghostly","Ghostly"]}],"is_beta":false,"boss_relics":[{"not_picked":["Velvet Choker","Runic Dome"],"picked":"Coffee Dripper"},{"not_picked":["Black Star","Busted Crown"],"picked":"Runic Pyramid"}],"items_purged_floors":[],"is_endless":false,"potions_floor_spawned":[1,4,5,19,21,27,29],"killed_by":"3 Darklings","ascension_level":0}}