{"host":"lktusdb9orijgc6z","time":1614420482,"event":{"mods":["BaseMod","Bestiary","Colored Map","Colored Powertips","Minty Spire (QoL Compilation)","Permanent Neow","Quick Restart","Relic Stats","StSLib","everything is the same but u backflip on backflip","slay the spire mod where everything is the same but ironclad has a cowboy hat"],"gold_per_floor":[115,115,132,144,9,44,55,73,73,73,38,65,65,91,91,168,168,180,196,210,230,67,67,99,99,99,99,99],"floor_reached":27,"language":"ENG","playtime":816,"items_purged":[],"score":556,"play_id":"1708ef18-e259-416b-8a71-b550849ce257","local_time":"20210227110802","is_ascension_mode":true,"campfire_choices":[{"data":"1","floor":10.0,"key":"LIFT"},{"data":"2","floor":13.0,"key":"LIFT"},{"floor":15.0,"key":"REST"},{"data":"3","floor":23.0,"key":"LIFT"},{"data":"Wraith Form v2","floor":25.0,"key":"SMITH"}],"circlet_count":0,"master_deck":["AscendersBane","Survivor","Neutralize","Die Die Die","Slice","Slice","Skewer","Dash","PiercingWail","Dagger Spray","Dagger Spray","Caltrops","Corpse Explosion","Adrenaline","Setup","Phantasmal Killer","Tactician","Wraith Form v2","Night Terror","Prepared","Dagger Spray","Riddle With Holes","Venomology","Slice","Leg Sweep","Acrobatics","Well Laid Plans","PiercingWail+1","Wraith Form v2+1","Terror"],"relics":["Ring of the Snake","Girya","Orichalcum","Ancient Tea Set","Singing Bowl","Pandora\u0027s Box","The Courier","Kunai"],"acts_visited":["Exordium","TheCity"],"potions_floor_usage":[27],"damage_taken":[{"damage":0.0,"enemies":"2 Louse","floor":1.0,"turns":3.0},{"damage":0.0,"enemies":"Cultist","floor":3.0,"turns":3.0},{"damage":2.0,"enemies":"Jaw Worm","floor":4.0,"turns":3.0},{"damage":43.0,"enemies":"Lagavulin","floor":6.0,"turns":8.0},{"damage":0.0,"enemies":"3 Louse","floor":7.0,"turns":2.0},{"damage":0.0,"enemies":"Blue Slaver","floor":8.0,"turns":3.0},{"damage":18.0,"enemies":"Gremlin Nob","floor":12.0,"turns":4.0},{"damage":11.0,"enemies":"Lagavulin","floor":14.0,"turns":4.0},{"damage":2.0,"enemies":"Hexaghost","floor":16.0,"turns":8.0},{"damage":16.0,"enemies":"2 Thieves","floor":18.0,"turns":2.0},{"damage":6.0,"enemies":"3 Byrds","floor":19.0,"turns":2.0},{"damage":13.0,"enemies":"Snecko","floor":20.0,"turns":8.0},{"damage":0.0,"enemies":"Cultist and Chosen","floor":21.0,"turns":5.0},{"damage":0.0,"enemies":"Slavers","floor":24.0,"turns":1.0},{"damage":26,"enemies":"Gremlin Leader","floor":27,"turns":2}],"seed_played":"6073635272064971247","potions_obtained":[{"floor":2.0,"key":"SneckoOil"},{"floor":2.0,"key":"DuplicationPotion"},{"floor":7.0,"key":"Strength Potion"},{"floor":8.0,"key":"Strength Potion"},{"floor":12.0,"key":"LiquidBronze"},{"floor":14.0,"key":"Poison Potion"},{"floor":19.0,"key":"Fire Potion"}],"is_trial":false,"path_per_floor":["M","?","M","M","$","E","M","M","T","R","?","E","R","E","R","B",null,"M","M","M","M","$","R","E","R","T","E"],"character_chosen":"THE_SILENT","items_purchased":["Dash","PiercingWail","Wraith Form v2"],"campfire_rested":1,"item_purchase_floors":[5,5,22],"current_hp_per_floor":[59,59,59,57,57,14,14,14,14,14,30,12,12,3,23,21,56,40,34,21,21,21,21,21,21,21,0,0],"gold":99,"neow_bonus":"ONE_RANDOM_RARE_CARD","is_daily":false,"chose_seed":false,"campfire_upgraded":1,"win_rate":0.0,"timestamp":1614420482,"path_taken":["M","?","M","M","$","E","?","M","T","R","?","E","R","E","R","BOSS","M","M","M","M","$","R","E","R","T","E"],"items_purchased_type":["Card","Card","Card"],"build_version":"2020-12-22","purchased_purges":0,"victory":false,"max_hp_per_floor":[66,66,66,66,66,66,66,66,66,66,66,66,66,68,68,68,68,68,68,68,68,68,68,68,68,68,68,68],"relic_stats":{"Singing Bowl":2,"counters":[15,58],"Pandora\u0027s Box":["Setup","Phantasmal Killer","Tactician","Wraith Form v2","Night Terror","Prepared","Dagger Spray","Riddle With Holes","Venomology","Slice"],"Kunai":[1],"Orichalcum":[120],"obtain_stats":[{"Girya":6,"Singing Bowl":14,"Pandora\u0027s Box":17,"The Courier":24,"Kunai":26,"Orichalcum":9,"Ancient Tea Set":12,"Ring of the Snake":0},{"Girya":4,"Singing Bowl":8,"Pandora\u0027s Box":9,"The Courier":14,"Kunai":14,"Orichalcum":6,"Ancient Tea Set":7,"Ring of the Snake":0},{"Girya":17,"Singing Bowl":30,"Pandora\u0027s Box":38,"The Courier":56,"Kunai":56,"Orichalcum":22,"Ancient Tea Set":26,"Ring of the Snake":0}],"Ring of the Snake":[30]},"card_choices":[{"not_picked":["Bane","Prepared"],"picked":"Slice","floor":1.0},{"not_picked":["Underhanded Strike","Cloak And Dagger"],"picked":"Slice","floor":3.0},{"not_picked":["Setup","Expertise"],"picked":"Skewer","floor":4.0},{"not_picked":["Burst","Bane"],"picked":"Dagger Spray","floor":6.0},{"not_picked":["Underhanded Strike","Backflip"],"picked":"Dagger Spray","floor":7.0},{"not_picked":["Escape Plan","Underhanded Strike"],"picked":"Caltrops","floor":8.0},{"not_picked":["Sucker Punch","All Out Attack"],"picked":"Corpse Explosion","floor":12.0},{"not_picked":["Noxious Fumes","Acrobatics","Eviscerate"],"picked":"Singing Bowl","floor":14.0},{"not_picked":["Burst","Doppelganger"],"picked":"Adrenaline","floor":16.0},{"not_picked":["Noxious Fumes","Backflip"],"picked":"Leg Sweep","floor":18.0},{"not_picked":["Concentrate","Deflect"],"picked":"Acrobatics","floor":19.0},{"not_picked":["Poisoned Stab","Adrenaline"],"picked":"Well Laid Plans","floor":20.0},{"not_picked":["Eviscerate+1","Deflect"],"picked":"PiercingWail+1","floor":21.0},{"not_picked":["Poisoned Stab+1","Skewer"],"picked":"Terror","floor":24.0}],"player_experience":841125,"relics_obtained":[{"floor":6.0,"key":"Girya"},{"floor":9.0,"key":"Orichalcum"},{"floor":12.0,"key":"Ancient Tea Set"},{"floor":14.0,"key":"Singing Bowl"},{"floor":24.0,"key":"The Courier"},{"floor":26.0,"key":"Kunai"}],"event_choices":[{"damage_healed":0.0,"max_hp_gain":0.0,"max_hp_loss":0.0,"gold_gain":0.0,"event_name":"Lab","player_choice":"Got Potions","floor":2.0,"gold_loss":0.0,"damage_taken":0.0},{"damage_healed":16.0,"max_hp_gain":0.0,"max_hp_loss":0.0,"gold_gain":0.0,"event_name":"The Cleric","player_choice":"Healed","floor":11.0,"gold_loss":35.0,"damage_taken":0.0}],"is_beta":false,"boss_relics":[{"not_picked":["Fusion Hammer","Busted Crown"],"picked":"Pandora\u0027s Box"}],"items_purged_floors":[],"is_endless":false,"potions_floor_spawned":[7,8,12,14,19],"killed_by":"Gremlin Leader","ascension_level":20}}