{"host":"ptk1shuto3uimndw","time":1614450212,"event":{"mods":["AchievementEnabler","BaseMod","Bestiary","Colored Map","Colored Powertips","Curses Come First","Minty Spire (QoL Compilation)","Quick Restart","Rare Cards Sparkle","Relic Stats","StSLib","Uncapped"],"gold_per_floor":[119,76,76,76,76,110,124,124,124,49,49,60,60,92,92,169,169,156,156,169,119,137,137,151,182,182,182,15,25,25,56,56,128,128,144,35,35,53,78,104,104,159,159,177,177,190,218,233,233,233],"floor_reached":51,"language":"ENG","playtime":6212,"items_purged":["Strike_B"],"score":1492,"play_id":"e9fb14ca-fdc2-43d4-b2f7-baf3b8e1cccc","local_time":"20210227192332","is_ascension_mode":true,"campfire_choices":[{"data":"All For One","floor":8.0,"key":"SMITH"},{"data":"Echo Form","floor":15.0,"key":"SMITH"},{"data":"Creative AI","floor":23.0,"key":"SMITH"},{"floor":27.0,"key":"REST"},{"data":"Heatsinks","floor":30.0,"key":"SMITH"},{"data":"Leap","floor":32.0,"key":"SMITH"},{"floor":41,"key":"REST"},{"data":"1","floor":49,"key":"LIFT"}],"circlet_count":0,"master_deck":["AscendersBane","Zap+1","Dualcast+1","Leap+1","Undo+1","All For One+1","Conserve Battery+1","Echo Form+1","Meteor Strike+1","Steam Power+1","Creative AI+1","Hello World","Capacitor","Rebound","Heatsinks+1","Coolheaded+1","Ghostly+1","Ghostly+1","Ghostly+1","Turbo+1","Steam+1","Aggregate+1","Force Field+1","Doom and Gloom+1","Amplify+1","Electrodynamics","Scrape+1","Coolheaded+1","Turbo+1","Steam+1","Coolheaded+1","Chill+1","Glacier+1","Parasite","Loop+1","Undo+1"],"relics":["Cracked Core","NeowsBlessing","Eternal Feather","Pear","Toxic Egg 2","Gremlin Horn","Symbiotic Virus","Pandora\u0027s Box","White Beast Statue","HornCleat","Blood Vial","Pen Nib","Fusion Hammer","Pocketwatch","Dream Catcher","Girya","Ornamental Fan","Kunai"],"acts_visited":["Exordium","TheCity","TheBeyond"],"potions_floor_usage":[33,35,38,38,50,50],"damage_taken":[{"damage":0.0,"enemies":"Cultist","floor":1.0,"turns":1.0},{"damage":0.0,"enemies":"Gremlin Nob","floor":6.0,"turns":1.0},{"damage":0.0,"enemies":"Jaw Worm","floor":7.0,"turns":1.0},{"damage":0.0,"enemies":"2 Louse","floor":12.0,"turns":2.0},{"damage":13.0,"enemies":"Lagavulin","floor":14.0,"turns":8.0},{"damage":37.0,"enemies":"The Guardian","floor":16.0,"turns":12.0},{"damage":7.0,"enemies":"2 Thieves","floor":18.0,"turns":4.0},{"damage":0.0,"enemies":"Spheric Guardian","floor":20.0,"turns":4.0},{"damage":0.0,"enemies":"Centurion and Healer","floor":22.0,"turns":3.0},{"damage":1.0,"enemies":"Snake Plant","floor":24.0,"turns":5.0},{"damage":29.0,"enemies":"Slavers","floor":25.0,"turns":7.0},{"damage":0.0,"enemies":"Chosen and Byrds","floor":29.0,"turns":8.0},{"damage":13.0,"enemies":"Book of Stabbing","floor":31.0,"turns":8.0},{"damage":2,"enemies":"Champ","floor":33,"turns":7},{"damage":0,"enemies":"Orb Walker","floor":35,"turns":5},{"damage":13,"enemies":"3 Darklings","floor":38,"turns":4},{"damage":0,"enemies":"Mind Bloom Boss Battle","floor":39,"turns":5},{"damage":0,"enemies":"Nemesis","floor":40,"turns":7},{"damage":0,"enemies":"2 Orb Walkers","floor":42,"turns":6},{"damage":0,"enemies":"Maw","floor":44,"turns":7},{"damage":0,"enemies":"Writhing Mass","floor":46,"turns":6},{"damage":0,"enemies":"Giant Head","floor":47,"turns":7},{"damage":7,"enemies":"Sphere and 2 Shapes","floor":48,"turns":4},{"damage":31,"enemies":"Time Eater","floor":50,"turns":20}],"seed_played":"6382301581966945896","potions_obtained":[{"floor":12.0,"key":"FearPotion"},{"floor":16.0,"key":"Weak Potion"},{"floor":18.0,"key":"EntropicBrew"},{"floor":20.0,"key":"LiquidMemories"},{"floor":29.0,"key":"PowerPotion"},{"floor":31.0,"key":"Block Potion"},{"floor":33,"key":"ColorlessPotion"},{"floor":35,"key":"EntropicBrew"},{"floor":38,"key":"Dexterity Potion"}],"is_trial":false,"path_per_floor":["M","$","?","$","?","E","M","R","T","$","T","M","?","E","R","B",null,"M","?","M","?","M","R","M","E","T","R","$","M","R","E","R","B",null,"M","$","?","M","?","E","R","?","T","M","?","M","E","M","R","B",null],"character_chosen":"DEFECT","items_purchased":["Undo","Blood Vial","Coolheaded+1","Turbo+1"],"campfire_rested":2,"item_purchase_floors":[2,28,36,36],"current_hp_per_floor":[64,64,64,64,43,43,43,49,59,59,59,59,54,41,47,10,63,56,40,40,40,40,40,39,10,10,34,34,36,40,27,40,38,40,40,40,40,27,29,31,40,40,40,40,38,38,38,31,38,7],"gold":233,"neow_bonus":"THREE_ENEMY_KILL","is_daily":false,"chose_seed":false,"campfire_upgraded":5,"win_rate":0.0,"timestamp":1614450212,"path_taken":["M","?","?","$","?","E","M","R","T","?","?","?","?","E","R","BOSS","M","?","M","?","M","R","?","E","T","R","?","M","R","E","R","BOSS","M","$","?","?","?","E","R","?","T","M","?","?","E","M","R","BOSS"],"items_purchased_type":["Card","Relic","Card","Card"],"build_version":"2020-12-22","purchased_purges":1,"victory":true,"max_hp_per_floor":[71,71,71,71,71,71,71,71,81,81,81,81,81,81,81,81,81,81,40,40,40,40,40,40,40,40,40,40,40,40,40,40,40,40,40,40,40,40,40,40,40,40,40,40,38,38,38,38,38,38],"relic_stats":{"Blood Vial":6,"Dream Catcher":1,"Gremlin Horn":[10,11],"counters":[24,141],"Ornamental Fan":[28],"Eternal Feather":57,"Pandora\u0027s Box":["Steam Power","Creative AI","Hello World","Capacitor","Rebound","Heatsinks"],"Pen Nib":[8],"Kunai":[0],"obtain_stats":[{"Girya":42,"Pear":9,"NeowsBlessing":0,"Gremlin Horn":13,"Eternal Feather":6,"Pen Nib":31,"White Beast Statue":25,"Blood Vial":28,"Dream Catcher":40,"HornCleat":26,"Ornamental Fan":43,"Pandora\u0027s Box":17,"Fusion Hammer":34,"Kunai":47,"Toxic Egg 2":11,"Cracked Core":0,"Symbiotic Virus":14,"Pocketwatch":39},{"Girya":19,"Pear":3,"NeowsBlessing":0,"Gremlin Horn":4,"Eternal Feather":2,"Pen Nib":13,"White Beast Statue":11,"Blood Vial":11,"Dream Catcher":18,"HornCleat":11,"Ornamental Fan":19,"Pandora\u0027s Box":6,"Fusion Hammer":14,"Kunai":22,"Toxic Egg 2":3,"Cracked Core":0,"Symbiotic Virus":5,"Pocketwatch":17},{"Girya":98,"Pear":3,"NeowsBlessing":0,"Gremlin Horn":5,"Eternal Feather":2,"Pen Nib":64,"White Beast Statue":48,"Blood Vial":48,"Dream Catcher":92,"HornCleat":48,"Ornamental Fan":98,"Pandora\u0027s Box":25,"Fusion Hammer":71,"Kunai":118,"Toxic Egg 2":3,"Cracked Core":0,"Symbiotic Virus":13,"Pocketwatch":85}],"Pocketwatch":[23]},"card_choices":[{"not_picked":["Redo","Beam Cell"],"picked":"Leap","floor":1.0},{"not_picked":["Leap","Beam Cell"],"picked":"All For One","floor":6.0},{"not_picked":["Beam Cell","Consume","Streamline"],"picked":"SKIP","floor":7.0},{"not_picked":["Cold Snap","Rebound"],"picked":"Conserve Battery+1","floor":12.0},{"not_picked":["FTL","Ball Lightning"],"picked":"Echo Form","floor":14.0},{"not_picked":["Echo Form","All For One"],"picked":"Meteor Strike","floor":16.0},{"not_picked":["Ball Lightning","Go for the Eyes"],"picked":"Coolheaded+1","floor":18.0},{"not_picked":["Redo+1","Barrage"],"picked":"Turbo+1","floor":20.0},{"not_picked":["Hello World","Melter"],"picked":"Steam+1","floor":22.0},{"not_picked":["Hologram+1","Gash"],"picked":"Aggregate+1","floor":24.0},{"not_picked":["Hologram+1","Blizzard"],"picked":"Force Field+1","floor":25.0},{"not_picked":["Leap+1","Hologram+1"],"picked":"Doom and Gloom+1","floor":29.0},{"not_picked":["Recycle+1","Echo Form"],"picked":"Amplify+1","floor":31.0},{"not_picked":["Multi-Cast+1","Reboot+1"],"picked":"Electrodynamics","floor":33},{"not_picked":["Aggregate+1","Sweeping Beam"],"picked":"Scrape+1","floor":35},{"not_picked":["Ball Lightning","Cold Snap","Go for the Eyes+1"],"picked":"SKIP","floor":38},{"not_picked":["Chaos+1","Melter+1"],"picked":"Coolheaded+1","floor":39},{"not_picked":["Barrage","Melter","Scrape"],"picked":"SKIP","floor":40},{"not_picked":["Beam Cell","Gash"],"picked":"Chill+1","floor":41},{"not_picked":["Cold Snap","Streamline"],"picked":"Glacier+1","floor":42},{"not_picked":["Steam Power+1","Streamline","Rebound+1"],"picked":"SKIP","floor":44},{"not_picked":["Thunder Strike","Tempest+1"],"picked":"Loop+1","floor":46},{"not_picked":["Cold Snap","Hologram+1","Sunder"],"picked":"SKIP","floor":47},{"not_picked":["Rebound","Hello World"],"picked":"Undo+1","floor":48}],"player_experience":291587,"relics_obtained":[{"floor":6.0,"key":"Eternal Feather"},{"floor":9.0,"key":"Pear"},{"floor":11.0,"key":"Toxic Egg 2"},{"floor":14.0,"key":"Symbiotic Virus"},{"floor":25.0,"key":"White Beast Statue"},{"floor":26.0,"key":"HornCleat"},{"floor":31.0,"key":"Pen Nib"},{"floor":39,"key":"Pocketwatch"},{"floor":40,"key":"Dream Catcher"},{"floor":42,"key":"Girya"},{"floor":43,"key":"Ornamental Fan"},{"floor":47,"key":"Kunai"}],"event_choices":[{"cards_removed":["Strike_B"],"damage_healed":0.0,"max_hp_gain":0.0,"max_hp_loss":0.0,"gold_gain":0.0,"event_name":"Living Wall","player_choice":"Forget","floor":3.0,"gold_loss":0.0,"damage_taken":0.0},{"damage_healed":0.0,"max_hp_gain":0.0,"max_hp_loss":0.0,"gold_gain":0.0,"event_name":"Shining Light","player_choice":"Entered Light","floor":5.0,"gold_loss":0.0,"damage_taken":21.0,"cards_upgraded":["Undo","Dualcast"]},{"damage_healed":0.0,"max_hp_gain":0.0,"max_hp_loss":0.0,"gold_gain":0.0,"event_name":"Scrap Ooze","player_choice":"Success","floor":13.0,"gold_loss":0.0,"damage_taken":5.0,"relics_obtained":["Gremlin Horn"]},{"damage_healed":0.0,"max_hp_gain":0.0,"max_hp_loss":41.0,"gold_gain":0.0,"event_name":"Ghosts","player_choice":"Became a Ghost","floor":19.0,"gold_loss":0.0,"damage_taken":0.0,"cards_obtained":["Ghostly","Ghostly","Ghostly"]},{"damage_healed":0.0,"max_hp_gain":0.0,"max_hp_loss":0.0,"gold_gain":0.0,"event_name":"Designer","player_choice":"Upgraded Two","floor":21.0,"gold_loss":50.0,"damage_taken":0.0,"cards_upgraded":["Zap","Meteor Strike"]},{"damage_healed":0,"gold_gain":0,"player_choice":"1 cards matched","damage_taken":0,"max_hp_gain":0,"max_hp_loss":0,"event_name":"Match and Keep!","floor":37,"gold_loss":0,"cards_obtained":["Steam"]},{"damage_healed":0,"gold_gain":0,"player_choice":"Fight","damage_taken":0,"max_hp_gain":0,"max_hp_loss":0,"event_name":"MindBloom","floor":39,"gold_loss":0},{"damage_healed":0,"gold_gain":0,"player_choice":"Fight","damage_taken":0,"max_hp_gain":0,"max_hp_loss":0,"event_name":"Mysterious Sphere","floor":42,"gold_loss":0},{"damage_healed":0,"gold_gain":0,"player_choice":"Max HP","damage_taken":0,"max_hp_gain":0,"max_hp_loss":2,"event_name":"Winding Halls","floor":45,"gold_loss":0}],"is_beta":false,"boss_relics":[{"not_picked":["Snecko Eye","Empty Cage"],"picked":"Pandora\u0027s Box"},{"not_picked":["Sozu","Philosopher\u0027s Stone"],"picked":"Fusion Hammer"}],"items_purged_floors":[10],"is_endless":false,"potions_floor_spawned":[12,16,18,20,29,31,33,35,38,39,40,42,44,46,47,48],"ascension_level":16}}