{"host":"nihqlga4zpmrcpl9","time":1614450832,"event":{"mods":["BaseMod","Downfall","LagranYue(拉格朗・月)","Marisa（F雨　魔理沙）","Minty Spire (QoL Compilation)","Replay The Spire","Shop Mod","StSLib","The Bug Knight","The Cursed","The Hierophant","The Servant 0.9.4"],"gold_per_floor":[99,115,115,134,146,181,205,305,29,44,44,73,83,108,121,220,220,220,237,249,249,266,266,266,291,291,322,392,27,39,57,76,179,179,179,192,192,212,14,48,48,98,98,98,129,147,157,157,174,174],"floor_reached":51,"language":"ZHS","playtime":48847,"items_purged":[],"score":973,"play_id":"24002f0c-f86a-4456-9d35-e2f7b1bf27a5","local_time":"20210228023352","is_ascension_mode":true,"campfire_choices":[{"data":"Slimebound:Split","floor":1.0,"key":"SMITH"},{"data":"Slimebound:AcidTongue","floor":11.0,"key":"SMITH"},{"data":"Slimebound:Darklings","floor":18.0,"key":"SMITH"},{"data":"Slimebound:LevelUp","floor":23.0,"key":"SMITH"},{"data":"Slimebound:SpikyOuterGoop","floor":35.0,"key":"SMITH"},{"data":"Slimebound:SpikyOuterGoop","floor":43.0,"key":"SMITH"}],"circlet_count":0,"master_deck":["Slimebound:Tackle","Slimebound:Defend_Slimebound","Slimebound:Defend_Slimebound","Slimebound:Defend_Slimebound","Slimebound:Defend_Slimebound","Slimebound:Split+1","Slimebound:CorrosiveSpit","Slimebound:SplitAcid","Slimebound:GoopSpray","Slimebound:Prepare","Slimebound:Darklings+1","Slimebound:Grow","Slimebound:AcidTongue+1","expansioncontent:InvincibleStrength","Slimebound:SplitLeeching","Slimebound:ComboTackle","Slimebound:SplitBruiser","Slimebound:Prepare","Slimebound:SplitLeeching","Slimebound:MassRepurpose","Slimebound:LevelUp+1","Slimebound:Tackle+1","Slimebound:Tackle+1","Slimebound:Tackle+1","Slimebound:Recollect","Slimebound:Prepare","Ghostly","Ghostly","Ghostly","Ghostly+1","Ghostly","Slimebound:Overexert","Slimebound:ItLooksTasty","Slimebound:SamplingLick+1","Slimebound:SamplingLick","Slimebound:SpikyOuterGoop+1","Slimebound:Repurpose","Slimebound:SpikyOuterGoop+1","Slimebound:Gluttony+1","Slimebound:SplitSpecialist","Slimebound:MassRepurpose","Slimebound:SplitSpecialist+1","Slimebound:GoopSpray+1","Slimebound:DuplicatedForm","Slimebound:SplitMire","Slimebound:Gluttony","Slimebound:RejuvenatingLick","Slimebound:Equalize+1","Slimebound:AcidTongue+1","Slimebound:SplitSpecialist","Slimebound:HauntingLick+1","expansioncontent:InvincibleStrength","expansioncontent:InvincibleStrength","Replay:SS_forest_2","Slimebound:Schlurp"],"relics":["Slimebound:AbsorbEndCombat","LagranYue:RandomDrawCardRelic","Lantern","Thread and Needle","Orichalcum","MerchantsRug","Turnip","Slimebound:AggressiveSlimeRelic","Coffee Dripper","Pen Nib","ReplayTheSpireMod:TigerMarble","Oddly Smooth Stone","Blood Vial","Incense Burner","Sozu","Vajra","Durian","War Paint","Shuriken","Girya","Ginger"],"acts_visited":["Exordium","TheCity","TheBeyond"],"potions_floor_usage":[],"damage_taken":[{"damage":4.0,"enemies":"Small Slimes","floor":2.0,"turns":4.0},{"damage":7.0,"enemies":"Jaw Worm","floor":4.0,"turns":3.0},{"damage":0.0,"enemies":"2 Louse","floor":5.0,"turns":2.0},{"damage":17.0,"enemies":"Lagavulin","floor":6.0,"turns":8.0},{"damage":0.0,"enemies":"downfall:FleeingMerchant","floor":9.0,"turns":4.0},{"damage":4.0,"enemies":"Exordium Wildlife","floor":10.0,"turns":5.0},{"damage":7.0,"enemies":"3 Sentries","floor":12.0,"turns":11.0},{"damage":3.0,"enemies":"Blue Slaver","floor":13.0,"turns":4.0},{"damage":13.0,"enemies":"Gremlin Nob","floor":14.0,"turns":5.0},{"damage":0.0,"enemies":"downfall:LooterAlt","floor":15.0,"turns":4.0},{"damage":2.0,"enemies":"SI_SHIV_ARCHETYPE","floor":16.0,"turns":11.0},{"damage":0.0,"enemies":"Chosen","floor":19.0,"turns":3.0},{"damage":0.0,"enemies":"Shell Parasite","floor":20.0,"turns":6.0},{"damage":0.0,"enemies":"Centurion and Healer","floor":22.0,"turns":6.0},{"damage":15.0,"enemies":"Gremlin Leader","floor":25.0,"turns":5.0},{"damage":0.0,"enemies":"Replay:Snechameleon","floor":27.0,"turns":5.0},{"damage":1.0,"enemies":"downfall:FleeingMerchant","floor":29.0,"turns":4.0},{"damage":9.0,"enemies":"Sentry and Sphere","floor":30.0,"turns":6.0},{"damage":1.0,"enemies":"Shelled Parasite and Fungi","floor":31.0,"turns":5.0},{"damage":11.0,"enemies":"Cultist and Chosen","floor":32.0,"turns":5.0},{"damage":3.0,"enemies":"IC_MUSHROOM_ARCHETYPE","floor":33.0,"turns":9.0},{"damage":5.0,"enemies":"3 Shapes","floor":36.0,"turns":5.0},{"damage":0.0,"enemies":"Orb Walker","floor":38.0,"turns":3.0},{"damage":7.0,"enemies":"downfall:FleeingMerchant","floor":39.0,"turns":4.0},{"damage":26.0,"enemies":"Reptomancer","floor":40.0,"turns":9.0},{"damage":0.0,"enemies":"Reptomancer","floor":42.0,"turns":8.0},{"damage":14.0,"enemies":"Giant Head","floor":45.0,"turns":8.0},{"damage":0.0,"enemies":"3 Darklings","floor":46.0,"turns":8.0},{"damage":15.0,"enemies":"4 Shapes","floor":47.0,"turns":4.0},{"damage":1.0,"enemies":"Writhing Mass","floor":49.0,"turns":7.0},{"damage":42,"enemies":"DF_ARCHETYPE_ORBS","floor":50,"turns":7}],"seed_played":"2424847474186872084","potions_obtained":[{"floor":5.0,"key":"Elixir"},{"floor":6.0,"key":"EntropicBrew"},{"floor":15.0,"key":"Guardian:BlockOnCardUsePotion"},{"floor":16.0,"key":"Guardian:BlockOnCardUsePotion"},{"floor":22.0,"key":"Fire Potion"},{"floor":30.0,"key":"SkillPotion"},{"floor":31.0,"key":"Venom Potion"}],"is_trial":false,"path_per_floor":["R","M","?","M","M","E","T","?","$","M","R","E","M","E","M","B",null,"R","M","M","?","M","R","T","E","?","E","?","$","M","M","M","B",null,"R","M","?","M","$","E","T","?","R","?","E","M","M","?","M","B",null],"character_chosen":"SLIMEBOUND","items_purchased":["Slimebound:AcidTongue","MerchantsRug","expansioncontent:InvincibleStrength","Incense Burner","Slimebound:SpikyOuterGoop","Slimebound:Repurpose","Vajra","Slimebound:SplitMire","Slimebound:Gluttony","Durian"],"campfire_rested":0,"item_purchase_floors":[9,9,9,29,29,29,39,39,39,39],"current_hp_per_floor":[71,69,57,54,58,49,49,49,55,55,55,54,53,40,44,50,71,71,71,71,71,71,71,71,64,35,35,27,34,30,35,24,31,35,35,33,33,38,38,37,37,43,43,43,43,43,43,33,43,18],"gold":174,"neow_bonus":"TEN_PERCENT_HP_BONUS","is_daily":false,"chose_seed":false,"campfire_upgraded":6,"win_rate":0.0,"timestamp":1614450832,"path_taken":["R","M","?","M","M","E","T","?","$","M","R","E","M","E","M","BOSS","R","M","M","?","M","R","T","E","?","E","?","$","M","M","M","BOSS","R","M","?","M","$","E","T","?","R","?","E","M","?","?","M","BOSS"],"items_purchased_type":["Card","Relic","Card","Relic","Card","Card","Relic","Card","Card","Relic"],"build_version":"2020-12-22","purchased_purges":0,"victory":true,"max_hp_per_floor":[71,71,71,71,71,71,71,71,71,71,71,71,71,71,71,71,71,71,71,71,71,71,71,71,71,35,35,35,35,35,35,35,35,35,35,38,38,38,43,43,43,43,43,43,43,43,43,43,43,43],"card_choices":[{"not_picked":["Slimebound:HauntingLick","Slimebound:FlameTackle"],"picked":"Slimebound:SplitAcid","floor":2.0},{"not_picked":["Slimebound:SlimeBrawl","Slimebound:Schlurp"],"picked":"Slimebound:GoopSpray","floor":4.0},{"not_picked":["Slimebound:LeechingTouch","Slimebound:SamplingLick"],"picked":"Slimebound:Prepare","floor":5.0},{"not_picked":["Slimebound:Schlurp","Slimebound:Repurpose"],"picked":"Slimebound:Darklings","floor":6.0},{"not_picked":["Slimebound:GoopSpray","Slimebound:PressTheAttack"],"picked":"Slimebound:Grow","floor":9.0},{"not_picked":["Slimebound:HungryTackle","Slimebound:MegaLick"],"picked":"Slimebound:SplitLeeching","floor":10.0},{"not_picked":["Slimebound:Nibble","Slimebound:RollThrough"],"picked":"Slimebound:ComboTackle","floor":12.0},{"not_picked":["Slimebound:MegaLick","Slimebound:GrowthPunch"],"picked":"Slimebound:SplitBruiser","floor":13.0},{"not_picked":["Slimebound:Teamwork","Slimebound:HauntingLick"],"picked":"Slimebound:Prepare","floor":14.0},{"not_picked":["Slimebound:FinishingTackle","Slimebound:Recollect"],"picked":"Slimebound:SplitLeeching","floor":15.0},{"not_picked":["Slimebound:Recycling","Slimebound:OozeBath"],"picked":"Slimebound:MassRepurpose","floor":16.0},{"not_picked":["Slimebound:SlimeSpikes","Slimebound:LeechEnergy"],"picked":"Slimebound:SamplingLick+1","floor":19.0},{"not_picked":["Slimebound:SlimeBrawl","Slimebound:LivingWall"],"picked":"Slimebound:LevelUp","floor":20.0},{"not_picked":["Slimebound:SlimeBrawl","Slimebound:SlimeBarrage"],"picked":"Slimebound:Recollect","floor":22.0},{"not_picked":["Slimebound:LivingWall","Slimebound:GoopSpray"],"picked":"Slimebound:Prepare","floor":25.0},{"not_picked":["Slimebound:ComboTackle","Slimebound:Equalize"],"picked":"Slimebound:Overexert","floor":27.0},{"not_picked":["Slimebound:HungryTackle","Slimebound:RollThrough+1"],"picked":"Slimebound:ItLooksTasty","floor":28.0},{"not_picked":["Slimebound:FlameTackle+1","Slimebound:DisruptingSlam"],"picked":"Slimebound:SamplingLick","floor":28.0},{"not_picked":["Slimebound:ForwardTackle","Slimebound:PressTheAttack"],"picked":"Slimebound:SamplingLick","floor":29.0},{"not_picked":["Slimebound:SplitMire","Slimebound:RollThrough+1"],"picked":"Slimebound:SpikyOuterGoop","floor":30.0},{"not_picked":["Slimebound:RainOfGoop+1","Slimebound:RollThrough"],"picked":"Slimebound:Gluttony+1","floor":31.0},{"not_picked":["Slimebound:Gluttony","Slimebound:DivideAndConquer+1"],"picked":"Slimebound:SplitSpecialist","floor":32.0},{"not_picked":["Slimebound:RallyTheTroops","Slimebound:CheckThePlaybook"],"picked":"Slimebound:MassRepurpose","floor":33.0},{"not_picked":["Slimebound:ViciousTackle+1","Slimebound:LivingWall"],"picked":"Slimebound:SplitSpecialist+1","floor":36.0},{"not_picked":["Slimebound:LeechingTouch+1","Slimebound:SamplingLick+1"],"picked":"Slimebound:GoopSpray+1","floor":38.0},{"not_picked":["Slimebound:SplitSpecialist","Slimebound:LivingWall"],"picked":"Slimebound:DuplicatedForm","floor":39.0},{"not_picked":["Slimebound:BestDefense","Slimebound:GoopTackle"],"picked":"Slimebound:RejuvenatingLick","floor":40.0},{"not_picked":["Slimebound:SplitSpecialist","Slimebound:BestDefense+1"],"picked":"Slimebound:Equalize+1","floor":42.0},{"not_picked":["Slimebound:GoopSpray+1","Slimebound:FinishingTackle"],"picked":"Slimebound:AcidTongue+1","floor":45.0},{"not_picked":["Slimebound:Gluttony","Slimebound:LeechEnergy+1"],"picked":"Slimebound:SplitSpecialist","floor":46.0},{"not_picked":["Slimebound:SplitLeeching","Slimebound:FinishingTackle"],"picked":"Slimebound:HauntingLick+1","floor":47.0},{"not_picked":["expansioncontent:PolyBeam","expansioncontent:LastStand"],"picked":"expansioncontent:InvincibleStrength","floor":48.0},{"not_picked":["expansioncontent:LastStand","expansioncontent:PolyBeam"],"picked":"expansioncontent:InvincibleStrength","floor":48.0},{"not_picked":["expansioncontent:InvincibleStrength","expansioncontent:AwakenDeath"],"picked":"Replay:SS_forest_2","floor":48.0},{"not_picked":["Slimebound:LeechingTouch","Slimebound:DisruptingSlam+1"],"picked":"Slimebound:Schlurp","floor":49}],"player_experience":871822,"relics_obtained":[{"floor":6.0,"key":"Thread and Needle"},{"floor":7.0,"key":"Orichalcum"},{"floor":12.0,"key":"Turnip"},{"floor":14.0,"key":"Slimebound:AggressiveSlimeRelic"},{"floor":24.0,"key":"Pen Nib"},{"floor":25.0,"key":"ReplayTheSpireMod:TigerMarble"},{"floor":27.0,"key":"Oddly Smooth Stone"},{"floor":28.0,"key":"Blood Vial"},{"floor":40.0,"key":"War Paint"},{"floor":41.0,"key":"Shuriken"},{"floor":42.0,"key":"Girya"},{"floor":45.0,"key":"Ginger"}],"event_choices":[{"damage_healed":0.0,"max_hp_gain":0.0,"max_hp_loss":0.0,"gold_gain":0.0,"event_name":"Scrap Ooze","player_choice":"Success","floor":3.0,"gold_loss":0.0,"damage_taken":12.0,"relics_obtained":["Lantern"]},{"damage_healed":0.0,"max_hp_gain":0.0,"max_hp_loss":36.0,"gold_gain":0.0,"event_name":"Ghosts","player_choice":"Became a Ghost","floor":26.0,"gold_loss":0.0,"damage_taken":0.0,"cards_obtained":["Ghostly","Ghostly","Ghostly","Ghostly","Ghostly"]},{"cards_removed":["Slimebound:SamplingLick"],"damage_healed":0.0,"max_hp_gain":0.0,"max_hp_loss":0.0,"gold_gain":0.0,"event_name":"Falling","player_choice":"Removed Skill","floor":37.0,"gold_loss":0.0,"damage_taken":0.0}],"is_beta":false,"boss_relics":[{"not_picked":["ReplayTheSpireMod:DimensionalGlitch","Replay:Grab Bag"],"picked":"Coffee Dripper"},{"not_picked":["LagranYue:ContractPerformanceRelic","Runic Pyramid"],"picked":"Sozu"}],"items_purged_floors":[],"is_endless":false,"potions_floor_spawned":[5,6,15,16,22,27,30,31,42,45,47,49],"ascension_level":2}}