{"host":"d0btaf6p0msba79e","time":1614442404,"event":{"mods":["BaseMod","BetterRewards","Minty Spire (QoL Compilation)"],"gold_per_floor":[112,127,127,147,161,193,193,219,244,32,44,57,157,168,168,246,246,265,265,275,11,11,43,63,81,135,162,162,162,194,204,204,281,331,347,257,272,287,72,72,101,101,101,129,154,183,183,198,198,198,198,198,58,88,88,88],"floor_reached":55,"language":"ENG","playtime":3548,"items_purged":["Defend_P","Strike_P"],"score":1836,"play_id":"2bc1fb44-3a46-4f8b-87b8-8a70bc4fa4a5","local_time":"20210228031324","is_ascension_mode":true,"campfire_choices":[{"floor":7.0,"key":"REST"},{"floor":15.0,"key":"REST"},{"floor":29.0,"key":"REST"},{"floor":32.0,"key":"REST"},{"data":"Apotheosis","floor":40.0,"key":"SMITH"},{"data":"TalkToTheHand","floor":42.0,"key":"SMITH"},{"floor":47.0,"key":"RECALL"},{"floor":49.0,"key":"REST"},{"data":"DevaForm","floor":52,"key":"SMITH"}],"circlet_count":0,"master_deck":["AscendersBane","Strike_P","Strike_P","Strike_P+1","Defend_P+1","Defend_P","Eruption+1","Vigilance+1","Wallop+1","WheelKick","Protect","Tantrum","DevaForm+1","CarveReality","Apotheosis+1","DeusExMachina","SpiritShield","MasterReality","BattleHymn","SashWhip","TalkToTheHand+1","FollowUp+1","Wallop"],"relics":["PureWater","Membership Card","Kunai","CaptainsWheel","HornCleat","Gambling Chip","StrikeDummy","Pen Nib","Whetstone","Singing Bowl","SlaversCollar","Happy Flower","Oddly Smooth Stone","Anchor","Darkstone Periapt","Bag of Marbles","Meat on the Bone","Tiny House","Matryoshka","Bag of Preparation","Nunchaku","Blue Candle","Juzu Bracelet","Turnip","White Beast Statue","Lantern","Yang"],"acts_visited":["Exordium","TheCity","TheBeyond","TheEnding"],"potions_floor_usage":[50,50],"damage_taken":[{"damage":0.0,"enemies":"Cultist","floor":1.0,"turns":3.0},{"damage":0.0,"enemies":"2 Louse","floor":2.0,"turns":2.0},{"damage":0.0,"enemies":"Small Slimes","floor":4.0,"turns":2.0},{"damage":2.0,"enemies":"Looter","floor":5.0,"turns":3.0},{"damage":7.0,"enemies":"Lagavulin","floor":6.0,"turns":4.0},{"damage":19.0,"enemies":"3 Sentries","floor":8.0,"turns":5.0},{"damage":0.0,"enemies":"Exordium Thugs","floor":11.0,"turns":2.0},{"damage":3.0,"enemies":"Blue Slaver","floor":12.0,"turns":3.0},{"damage":0.0,"enemies":"Gremlin Gang","floor":14.0,"turns":2.0},{"damage":0.0,"enemies":"Slime Boss","floor":16.0,"turns":3.0},{"damage":4.0,"enemies":"Shell Parasite","floor":18.0,"turns":4.0},{"damage":22.0,"enemies":"2 Thieves","floor":20.0,"turns":3.0},{"damage":12.0,"enemies":"Slavers","floor":23.0,"turns":5.0},{"damage":0.0,"enemies":"3 Cultists","floor":24.0,"turns":3.0},{"damage":0.0,"enemies":"Snake Plant","floor":25.0,"turns":3.0},{"damage":8.0,"enemies":"Book of Stabbing","floor":27.0,"turns":4.0},{"damage":0.0,"enemies":"Gremlin Leader","floor":30.0,"turns":3.0},{"damage":24.0,"enemies":"Centurion and Healer","floor":31.0,"turns":5.0},{"damage":11.0,"enemies":"Automaton","floor":33.0,"turns":6.0},{"damage":9.0,"enemies":"3 Darklings","floor":35.0,"turns":4.0},{"damage":1.0,"enemies":"3 Shapes","floor":37.0,"turns":4.0},{"damage":1.0,"enemies":"Sphere and 2 Shapes","floor":38.0,"turns":7.0},{"damage":1.0,"enemies":"Giant Head","floor":41.0,"turns":6.0},{"damage":70.0,"enemies":"Nemesis","floor":44.0,"turns":5.0},{"damage":0.0,"enemies":"Mind Bloom Boss Battle","floor":45.0,"turns":4.0},{"damage":11.0,"enemies":"Reptomancer","floor":46.0,"turns":4.0},{"damage":0.0,"enemies":"4 Shapes","floor":48.0,"turns":3.0},{"damage":44,"enemies":"Donu and Deca","floor":50,"turns":8},{"damage":99,"enemies":"Shield and Spear","floor":54,"turns":6},{"damage":18,"enemies":"The Heart","floor":55,"turns":2}],"seed_played":"3868586130650908682","potions_obtained":[{"floor":2.0,"key":"BottledMiracle"},{"floor":5.0,"key":"ColorlessPotion"},{"floor":8.0,"key":"CultistPotion"},{"floor":12.0,"key":"Energy Potion"},{"floor":23.0,"key":"Dexterity Potion"},{"floor":38.0,"key":"SteroidPotion"},{"floor":48.0,"key":"EssenceOfSteel"}],"is_trial":false,"path_per_floor":["M","M","?","M","M","E","R","E","T","$","M","M","?","M","R","B",null,"M","?","M","$","?","E","M","M","T","E","?","R","E","M","R","B",null,"M","?","M","M","$","R","E","R","T","E","?","E","R","M","R","B",null,"R","$","E","B"],"character_chosen":"WATCHER","items_purchased":["Membership Card","Kunai","HornCleat","Wallop","Apotheosis","Singing Bowl","Oddly Smooth Stone","Anchor","SpiritShield","Matryoshka","TalkToTheHand","Lantern","Energy Potion","StancePotion"],"campfire_rested":5,"item_purchase_floors":[0,0,0,0,10,10,21,21,21,39,39,53,53,53],"current_hp_per_floor":[38,38,38,38,36,29,50,31,31,31,33,32,32,34,57,57,73,71,71,51,51,51,39,41,41,41,35,18,45,45,35,62,53,92,85,85,86,87,87,87,88,88,88,32,46,47,47,61,95,63,103,103,103,16,0,0],"gold":88,"neow_bonus":"","is_daily":false,"chose_seed":false,"campfire_upgraded":3,"win_rate":0.0,"timestamp":1614442404,"path_taken":["M","M","?","M","M","E","R","E","T","?","?","M","?","M","R","BOSS","M","?","M","$","?","E","M","M","T","E","?","R","E","?","R","BOSS","M","?","M","?","$","R","E","R","T","E","?","E","R","M","R","BOSS","R","$","E","BOSS"],"items_purchased_type":["Relic","Relic","Relic","Card","Card","Relic","Relic","Relic","Card","Relic","Card","Relic","Potion","Potion"],"build_version":"2020-12-22","purchased_purges":2,"victory":false,"max_hp_per_floor":[72,72,72,72,72,72,72,72,72,72,74,76,76,78,78,78,78,80,80,82,82,82,82,84,84,84,86,91,91,91,93,93,95,102,104,104,106,108,108,108,110,110,110,112,114,114,114,116,116,116,116,116,116,116,116,116],"card_choices":[{"not_picked":["PathToVictory","Halt","ThirdEye"],"picked":"SKIP","floor":1.0},{"not_picked":["CutThroughFate","ThirdEye"],"picked":"WheelKick","floor":2.0},{"not_picked":["Evaluate","CrushJoints"],"picked":"Protect","floor":4.0},{"not_picked":["FlyingSleeves","ThirdEye"],"picked":"Tantrum","floor":5.0},{"not_picked":["ReachHeaven","FlyingSleeves"],"picked":"DevaForm","floor":6.0},{"not_picked":["BowlingBash","Vengeance"],"picked":"CarveReality","floor":8.0},{"not_picked":["Pray","PathToVictory","SandsOfTime"],"picked":"Singing Bowl","floor":11.0},{"not_picked":["Wallop","FlurryOfBlows","Vengeance"],"picked":"Singing Bowl","floor":12.0},{"not_picked":["BowlingBash","PathToVictory","Protect"],"picked":"Singing Bowl","floor":14.0},{"not_picked":["Devotion","Scrawl"],"picked":"DeusExMachina","floor":16.0},{"not_picked":["ForeignInfluence","ClearTheMind","Prostrate+1"],"picked":"Singing Bowl","floor":18.0},{"not_picked":["Crescendo","Evaluate","JustLucky"],"picked":"Singing Bowl","floor":20.0},{"not_picked":["Perseverance","EmptyBody+1"],"picked":"MasterReality","floor":23.0},{"not_picked":["Crescendo+1","PathToVictory","Adaptation+1"],"picked":"Singing Bowl","floor":24.0},{"not_picked":["EmptyFist","Consecrate"],"picked":"BattleHymn","floor":25.0},{"not_picked":["Worship","Weave","Adaptation"],"picked":"Singing Bowl","floor":27.0},{"not_picked":["Prostrate","Halt"],"picked":"SashWhip","floor":30.0},{"not_picked":["Crescendo","Halt","BowlingBash"],"picked":"Singing Bowl","floor":31.0},{"not_picked":["Devotion","DevaForm","Blasphemy"],"picked":"Singing Bowl","floor":33.0},{"not_picked":["JustLucky","Swivel","FlyingSleeves"],"picked":"Singing Bowl","floor":34.0},{"not_picked":["EmptyMind","ReachHeaven+1","Wireheading+1"],"picked":"Singing Bowl","floor":35.0},{"not_picked":["Meditate","MentalFortress+1","ClearTheMind+1"],"picked":"Singing Bowl","floor":37.0},{"not_picked":["Nirvana","EmptyBody+1","Halt"],"picked":"Singing Bowl","floor":38.0},{"not_picked":["Perseverance","Prostrate","FlurryOfBlows"],"picked":"Singing Bowl","floor":41.0},{"not_picked":["Alpha","FlurryOfBlows","Evaluate"],"picked":"Singing Bowl","floor":44.0},{"not_picked":["Weave","Evaluate+1","Nirvana"],"picked":"Singing Bowl","floor":45.0},{"not_picked":["EmptyFist","Weave"],"picked":"FollowUp+1","floor":46.0},{"not_picked":["CrushJoints+1","Collect","Brilliance"],"picked":"Singing Bowl","floor":48.0},{"not_picked":["FollowUp","PathToVictory"],"picked":"Wallop","floor":54}],"player_experience":1122221,"relics_obtained":[{"floor":6.0,"key":"StrikeDummy"},{"floor":8.0,"key":"Pen Nib"},{"floor":9.0,"key":"Whetstone"},{"floor":23.0,"key":"Darkstone Periapt"},{"floor":27.0,"key":"Bag of Marbles"},{"floor":30.0,"key":"Meat on the Bone"},{"floor":41.0,"key":"Bag of Preparation"},{"floor":43.0,"key":"Nunchaku"},{"floor":43.0,"key":"Blue Candle"},{"floor":44.0,"key":"Juzu Bracelet"},{"floor":45.0,"key":"Turnip"},{"floor":46.0,"key":"White Beast Statue"},{"floor":54,"key":"Yang"}],"event_choices":[{"damage_healed":0.0,"max_hp_gain":0.0,"max_hp_loss":0.0,"gold_gain":0.0,"event_name":"Accursed Blacksmith","player_choice":"Forge","floor":3.0,"gold_loss":0.0,"damage_taken":0.0,"cards_upgraded":["Eruption"]},{"damage_healed":0.0,"max_hp_gain":0.0,"max_hp_loss":0.0,"gold_gain":100.0,"event_name":"Golden Shrine","player_choice":"Pray","floor":13.0,"gold_loss":0.0,"damage_taken":0.0},{"damage_healed":0.0,"max_hp_gain":0.0,"max_hp_loss":0.0,"gold_gain":0.0,"event_name":"The Mausoleum","player_choice":"Opened","floor":19.0,"gold_loss":0.0,"damage_taken":0.0,"relics_obtained":["Happy Flower"]},{"damage_healed":0.0,"max_hp_gain":0.0,"max_hp_loss":0.0,"gold_gain":0.0,"event_name":"Vampires","player_choice":"Ignored","floor":22.0,"gold_loss":0.0,"damage_taken":0.0},{"damage_healed":0.0,"max_hp_gain":5.0,"max_hp_loss":0.0,"gold_gain":0.0,"event_name":"Forgotten Altar","player_choice":"Shed Blood","floor":28.0,"gold_loss":0.0,"damage_taken":22.0},{"cards_removed":["Defend_P"],"damage_healed":0.0,"max_hp_gain":0.0,"max_hp_loss":0.0,"gold_gain":0.0,"event_name":"Designer","player_choice":"Upgrade and Remove","floor":36.0,"gold_loss":90.0,"damage_taken":0.0,"cards_upgraded":["Vigilance"]},{"damage_healed":0.0,"max_hp_gain":0.0,"max_hp_loss":0.0,"gold_gain":0.0,"event_name":"MindBloom","player_choice":"Fight","floor":45.0,"gold_loss":0.0,"damage_taken":0.0}],"is_beta":false,"boss_relics":[{"not_picked":["SacredBark","Cursed Key"],"picked":"SlaversCollar"},{"not_picked":["Velvet Choker","Snecko Eye"],"picked":"Tiny House"}],"items_purged_floors":[21,39],"is_endless":false,"potions_floor_spawned":[2,5,8,12,23,24,25,30,35,38,41,44,48,54],"killed_by":"The Heart","ascension_level":13}}