{"host":"or8fr2mp0k3eluj8","time":1614404242,"event":{"mods":["AchievementEnabler","BaseMod","Colored Map","DeckTracker","Keyboard Shortcuts","Minty Spire (QoL Compilation)","StSLib","SuperFastMode","everything is the same but u backflip on backflip"],"gold_per_floor":[111,36,36,63,63,93,93,127,127,27,27,43,43,77,77,176,176,218,218,228,256,171,171,211,230,230,230,230],"floor_reached":27,"language":"KOR","playtime":609,"items_purged":["Defend_P","Strike_P"],"score":291,"play_id":"9552bfd8-3816-423e-9557-8f36dc57ef9f","local_time":"20210227143722","is_ascension_mode":true,"campfire_choices":[{"data":"Eruption","floor":7,"key":"SMITH"},{"data":"CrushJoints","floor":13,"key":"SMITH"},{"data":"Adaptation","floor":15,"key":"SMITH"},{"data":"MentalFortress","floor":23,"key":"SMITH"}],"circlet_count":0,"master_deck":["Eruption+1","Vigilance","CrushJoints+1","Meditate","Consecrate","Adaptation+1","WheelKick","Halt+1","FlyingSleeves","Nirvana","Prostrate+1","Wish+1","TalkToTheHand+1","MentalFortress+1"],"relics":["PureWater","NeowsBlessing","Bag of Marbles","Strawberry","Orichalcum","Toxic Egg 2","Eternal Feather","Pandora\u0027s Box","Red Mask","Happy Flower"],"acts_visited":["Exordium","TheCity"],"potions_floor_usage":[27],"damage_taken":[{"damage":0,"enemies":"Cultist","floor":1,"turns":1},{"damage":0,"enemies":"Gremlin Nob","floor":6,"turns":1},{"damage":0,"enemies":"Lagavulin","floor":8,"turns":1},{"damage":1,"enemies":"Jaw Worm","floor":12,"turns":3},{"damage":10,"enemies":"Gremlin Nob","floor":14,"turns":3},{"damage":27,"enemies":"Slime Boss","floor":16,"turns":7},{"damage":12,"enemies":"2 Thieves","floor":18,"turns":3},{"damage":0,"enemies":"Chosen","floor":20,"turns":2},{"damage":16,"enemies":"Masked Bandits","floor":21,"turns":5},{"damage":18,"enemies":"Sentry and Sphere","floor":24,"turns":4},{"damage":4,"enemies":"Shelled Parasite and Fungi","floor":25,"turns":3},{"damage":22,"enemies":"Snake Plant","floor":27,"turns":2}],"seed_played":"1816321535620818318","potions_obtained":[{"floor":6,"key":"LiquidBronze"},{"floor":12,"key":"Dexterity Potion"},{"floor":14,"key":"Strength Potion"},{"floor":21,"key":"ColorlessPotion"}],"is_trial":false,"path_per_floor":["M","$","?","T","$","E","R","E","T","$","?","M","R","E","R","B",null,"M","?","M","?","?","R","M","M","T","M"],"character_chosen":"WATCHER","items_purchased":[],"campfire_rested":0,"item_purchase_floors":[],"current_hp_per_floor":[72,72,72,72,72,79,79,79,79,79,79,78,78,68,74,47,79,67,52,52,36,36,42,24,20,20,0,0],"gold":230,"neow_bonus":"THREE_ENEMY_KILL","is_daily":false,"chose_seed":false,"campfire_upgraded":4,"win_rate":0.0,"timestamp":1614404242,"path_taken":["M","?","?","?","$","E","R","E","T","$","?","M","R","E","R","BOSS","M","?","M","?","?","R","M","M","T","M"],"items_purchased_type":[],"build_version":"2020-12-22","purchased_purges":2,"victory":false,"max_hp_per_floor":[72,72,72,72,72,79,79,79,79,79,79,79,79,79,79,79,79,79,84,84,84,84,84,84,84,84,84,84],"card_choices":[{"not_picked":["BowlingBash","Indignation"],"picked":"CrushJoints","floor":1},{"not_picked":["Halt","Prostrate","PathToVictory"],"picked":"SKIP","floor":6},{"not_picked":["Establishment","Judgement"],"picked":"Meditate","floor":8},{"not_picked":["WreathOfFlame+1","JustLucky"],"picked":"Consecrate","floor":12},{"not_picked":["Pray+1","Consecrate"],"picked":"Adaptation","floor":14},{"not_picked":["BattleHymn","Worship+1"],"picked":"TalkToTheHand+1","floor":18},{"not_picked":["JustLucky+1","EmptyFist"],"picked":"MentalFortress","floor":20},{"not_picked":["ThirdEye+1","Wireheading","MentalFortress+1"],"picked":"SKIP","floor":24},{"not_picked":["LikeWater","Halt+1","FlurryOfBlows"],"picked":"SKIP","floor":25}],"player_experience":474876,"relics_obtained":[{"floor":4,"key":"Bag of Marbles"},{"floor":6,"key":"Strawberry"},{"floor":8,"key":"Orichalcum"},{"floor":9,"key":"Toxic Egg 2"},{"floor":14,"key":"Eternal Feather"},{"floor":21,"key":"Red Mask"}],"event_choices":[{"damage_healed":0,"gold_gain":0,"player_choice":"Leave","damage_taken":0,"max_hp_gain":0,"max_hp_loss":0,"event_name":"The Cleric","floor":3,"gold_loss":0},{"damage_healed":0,"gold_gain":0,"player_choice":"Ignored","damage_taken":0,"max_hp_gain":0,"max_hp_loss":0,"event_name":"Liars Game","floor":11,"gold_loss":0},{"damage_healed":0,"gold_gain":0,"player_choice":"Shed Blood","damage_taken":20,"max_hp_gain":5,"max_hp_loss":0,"event_name":"Forgotten Altar","floor":19,"gold_loss":0},{"damage_healed":0,"gold_gain":0,"player_choice":"Fought Bandits","damage_taken":0,"max_hp_gain":0,"max_hp_loss":0,"event_name":"Masked Bandits","floor":21,"gold_loss":0},{"damage_healed":0,"gold_gain":0,"player_choice":"Obtained Relic","damage_taken":0,"relics_obtained":["Happy Flower"],"max_hp_gain":0,"max_hp_loss":0,"event_name":"Addict","floor":22,"gold_loss":85}],"is_beta":false,"boss_relics":[{"not_picked":["Sozu","Philosopher\u0027s Stone"],"picked":"Pandora\u0027s Box"}],"items_purged_floors":[2,10],"is_endless":false,"potions_floor_spawned":[6,12,14,21,24],"killed_by":"Snake Plant","ascension_level":1}}