{"host":"pi8b3ffzwvxqztac","time":1614437723,"event":{"mods":["BaseMod","Colored Map","Custom Start","Downfall","Minty Spire (QoL Compilation)","StSLib"],"gold_per_floor":[99,109,123,142,142,42,42,27,27,59,77,89,89,107,127,224,224,224,238,238,253,253,253,253,269,169,196,213,231,261,261,277,277,277,277],"floor_reached":33,"language":"ENG","playtime":1871,"items_purged":[],"score":407,"play_id":"0505adb7-4899-432f-9865-ac76f86d5d2a","local_time":"20210228035523","is_ascension_mode":true,"campfire_choices":[{"floor":1,"key":"RECALL"},{"data":"Slimebound:Split","floor":6,"key":"SMITH"},{"data":"Slimebound:Equalize","floor":13,"key":"SMITH"},{"data":"Slimebound:SamplingLick","floor":18,"key":"SMITH"},{"data":"Slimebound:Repurpose","floor":26,"key":"SMITH"}],"circlet_count":0,"master_deck":["Slimebound:Defend_Slimebound","Slimebound:Defend_Slimebound","Slimebound:Defend_Slimebound","Slimebound:Split+1","Slimebound:CorrosiveSpit+1","Slimebound:DisruptingSlam","Slimebound:SamplingLick+1","Slimebound:SplitSpecialist+1","Injury","Slimebound:Equalize+1","Guardian:Defend_Guardian","Slimebound:Nibble","Slimebound:SplitAcid","Slimebound:FormOfPuddle","Slimebound:HauntingLick","Slimebound:LeechEnergy","Slimebound:Recycling","CurseOfTheBell","Slimebound:Repurpose+1","Slimebound:Equalize","Slimebound:GoopSpray","Slimebound:SamplingLick+1","Slimebound:MinionMaster","Slimebound:Repurpose","Slimebound:SlimeBrawl+1"],"relics":["Slimebound:AbsorbEndCombat","downfall:HeartBlessingRed","Shuriken","Torii","Calling Bell","White Beast Statue","Incense Burner","downfall:RedIOU","downfall:HeartBlessingBlue","Mercury Hourglass","InkBottle"],"acts_visited":["Exordium","TheCity"],"potions_floor_usage":[25,29,33],"damage_taken":[{"damage":9,"enemies":"Small Slimes","floor":2,"turns":5},{"damage":2,"enemies":"Cultist","floor":3,"turns":5},{"damage":6,"enemies":"Jaw Worm","floor":4,"turns":4},{"damage":5,"enemies":"downfall:FleeingMerchant","floor":8,"turns":4},{"damage":13,"enemies":"Lagavulin","floor":10,"turns":5},{"damage":1,"enemies":"Blue Slaver","floor":11,"turns":3},{"damage":10,"enemies":"Red Slaver","floor":12,"turns":3},{"damage":0,"enemies":"Large Slime","floor":14,"turns":4},{"damage":1,"enemies":"2 Fungi Beasts","floor":15,"turns":2},{"damage":41,"enemies":"DF_ARCHETYPE_STREAMLINE","floor":16,"turns":7},{"damage":9,"enemies":"Shell Parasite","floor":19,"turns":4},{"damage":10,"enemies":"Chosen","floor":21,"turns":5},{"damage":11,"enemies":"3 Cultists","floor":25,"turns":5},{"damage":1,"enemies":"Gremlin Leader","floor":27,"turns":8},{"damage":7,"enemies":"Cultist and Chosen","floor":28,"turns":4},{"damage":10,"enemies":"Centurion and Healer","floor":29,"turns":4},{"damage":76,"enemies":"Book of Stabbing","floor":30,"turns":6},{"damage":43,"enemies":"Chosen and Byrds","floor":32,"turns":6},{"damage":63,"enemies":"IC_MUSHROOM_ARCHETYPE","floor":33,"turns":8}],"seed_played":"5073575330583555191","potions_obtained":[{"floor":3,"key":"SpeedPotion"},{"floor":10,"key":"SneckoOil"},{"floor":15,"key":"bronze:BurnAndBuffPotion"},{"floor":16,"key":"Slimebound:SlimedPotion"},{"floor":19,"key":"FairyPotion"},{"floor":20,"key":"CultistPotion"},{"floor":25,"key":"Block Potion"},{"floor":29,"key":"Weak Potion"},{"floor":32,"key":"Guardian:BlockOnCardUsePotion"}],"is_trial":false,"path_per_floor":["R","M","M","M","?","R","T","$","?","E","M","M","R","M","M","B",null,"R","M","?","M","?","?","T","M","R","E","M","M","E","?","M","B"],"character_chosen":"SLIMEBOUND","items_purchased":[],"campfire_rested":0,"item_purchase_floors":[],"current_hp_per_floor":[59,54,60,62,62,62,62,61,61,54,61,65,65,65,65,40,59,59,65,65,55,55,55,55,55,65,75,75,75,18,18,28,0,0,0],"gold":277,"neow_bonus":"REMOVE_CARD","is_daily":false,"chose_seed":false,"campfire_upgraded":4,"win_rate":0.0,"timestamp":1614437723,"path_taken":["R","M","M","M","?","R","T","?","?","E","M","M","R","?","M","BOSS","R","M","?","M","?","?","T","M","R","E","M","?","E","?","M","BOSS"],"items_purchased_type":[],"build_version":"2020-12-22","purchased_purges":0,"victory":false,"max_hp_per_floor":[65,65,65,65,65,65,65,65,65,65,65,65,65,65,65,65,65,65,65,65,65,65,65,65,65,75,75,75,75,75,75,75,75,75,75],"card_choices":[{"not_picked":["Slimebound:FinishingTackle","Slimebound:SamplingLick"],"picked":"Slimebound:DisruptingSlam","floor":2},{"not_picked":["Slimebound:RollThrough","Slimebound:LeechingTouch"],"picked":"Slimebound:SamplingLick","floor":3},{"not_picked":["Slimebound:RollThrough","Slimebound:SpikyOuterGoop"],"picked":"Slimebound:SplitSpecialist","floor":4},{"not_picked":["Slimebound:PressTheAttack","Slimebound:SamplingLick"],"picked":"Slimebound:Equalize","floor":8},{"not_picked":["Slimebound:Dissolve","Slimebound:ProtectTheBoss"],"picked":"Slimebound:Nibble","floor":10},{"not_picked":["Slimebound:Grow","Slimebound:HauntingLick"],"picked":"Slimebound:SplitAcid","floor":11},{"not_picked":["Slimebound:HungryTackle","Slimebound:ServeAndProtect"],"picked":"Slimebound:FormOfPuddle","floor":12},{"not_picked":["Slimebound:PressTheAttack","Slimebound:LeechingTouch"],"picked":"Slimebound:HauntingLick","floor":14},{"not_picked":["Slimebound:SamplingLick","Slimebound:MinionMaster"],"picked":"Slimebound:LeechEnergy","floor":15},{"not_picked":["Slimebound:WasteNot","Slimebound:SlimeSlap"],"picked":"Slimebound:Recycling","floor":16},{"not_picked":["Slimebound:LeechingTouch+1","Slimebound:Nibble+1","Slimebound:HungryTackle+1"],"picked":"SKIP","floor":19},{"not_picked":["Slimebound:ServeAndProtect","Slimebound:SamplingLick","Slimebound:FlameTackle"],"picked":"SKIP","floor":21},{"not_picked":["Slimebound:GoopSpray","Slimebound:TongueLash"],"picked":"Slimebound:Repurpose","floor":25},{"not_picked":["Slimebound:HungryTackle+1","Slimebound:DivideAndConquer"],"picked":"Slimebound:Equalize","floor":27},{"not_picked":["Slimebound:RainOfGoop+1","Slimebound:SplitLeeching+1"],"picked":"Slimebound:GoopSpray","floor":28},{"not_picked":["Slimebound:LeechingTouch+1","Slimebound:LeechEnergy","Slimebound:ViciousTackle"],"picked":"SKIP","floor":29},{"not_picked":["Slimebound:MinionMaster","Slimebound:Darklings"],"picked":"Slimebound:SamplingLick+1","floor":30},{"not_picked":["Slimebound:GoopSpray","Slimebound:DisruptingSlam+1"],"picked":"Slimebound:SlimeBrawl+1","floor":32}],"player_experience":846682,"relics_obtained":[{"floor":7,"key":"Shuriken"},{"floor":10,"key":"Torii"},{"floor":17,"key":"Lantern"},{"floor":17,"key":"White Beast Statue"},{"floor":17,"key":"Incense Burner"},{"floor":27,"key":"Mercury Hourglass"},{"floor":30,"key":"InkBottle"}],"event_choices":[{"cards_removed":["Slimebound:Defend_Slimebound"],"damage_healed":0,"gold_gain":0,"player_choice":"Took Card","damage_taken":0,"max_hp_gain":0,"max_hp_loss":0,"event_name":"NoteForYourself","floor":9,"gold_loss":0,"cards_obtained":["Guardian:Defend_Guardian"]},{"cards_removed":["Slimebound:Strike_Slimebound"],"damage_healed":0,"gold_gain":0,"player_choice":"Offered Basic","damage_taken":0,"max_hp_gain":0,"max_hp_loss":0,"event_name":"Bonfire Elementals","floor":23,"gold_loss":0},{"damage_healed":0,"gold_gain":0,"cards_transformed":["Slimebound:Strike_Slimebound","Slimebound:Strike_Slimebound"],"player_choice":"Became Test Subject","damage_taken":0,"max_hp_gain":0,"max_hp_loss":0,"event_name":"Drug Dealer","floor":31,"gold_loss":0,"cards_obtained":["Slimebound:MinionMaster","Slimebound:Repurpose"]}],"is_beta":false,"boss_relics":[{"not_picked":["Snecko Eye","Runic Pyramid"],"picked":"Calling Bell"}],"items_purged_floors":[],"is_endless":false,"potions_floor_spawned":[3,10,15,16,19,21,25,27,28,29,30,32],"killed_by":"IC_MUSHROOM_ARCHETYPE","ascension_level":8}}