{"host":"76n1didplu2laqh4","time":1614438881,"event":{"mods":["BaseMod","Downfall","Good Game Mod","Marisa£®ÏF”Í°°ƒß¿Ì…≥£©","Minty Spire (QoL Compilation)","Prisma Mod","Quick Restart","READ ME - Guardian Mod","Replay The Spire","Shop Mod","StSLib","The Hierophant","The Senshi","The Servant 0.9.4","UnlockEverythingMod","Youmu£®ªÍ∆«—˝√Œ£©","Yuri Mod"],"gold_per_floor":[110,110,126,126,143,171,186,219,274,309,309,335,354,393,393,502,502,513,513,66,104,121,160,179,214,214,223,223,223,266,300,300,408,408,421,440,467,503,567,610,649,74,160,196,207,237,290,337,349,361,373,385,41,85,85],"floor_reached":56,"language":"ZHS","playtime":4439,"items_purged":["Mayhem"],"score":1734,"play_id":"94cd6173-7d6e-440d-b8e1-e72c8b095be1","local_time":"20210227231441","daily_mods":["Draft","Vintage","Colorless Cards","Heirloom","Time Dilation","Flight","DeadlyEvents"],"is_ascension_mode":false,"campfire_choices":[{"floor":11,"key":"REST"},{"floor":15,"key":"DIG"},{"floor":27,"key":"RECALL"},{"data":"theSenshi:SteeledNerves","floor":29,"key":"SMITH"},{"data":"theSenshi:MoonCrystalPowerMakeUp","floor":32,"key":"SMITH"},{"data":"Normality","floor":49,"key":"PURGE"},{"data":"Apotheosis","floor":52,"key":"SMITH"}],"circlet_count":0,"master_deck":["theSenshi:SteeledNerves+1","theSenshi:MoonPunch","theSenshi:TallSilhouette","theSenshi:MoonPunch","theSenshi:LateForSchool","ReplayTheSpireMod:Trickstab","theSenshi:LateForSchool","theSenshi:Sidestep+1","theSenshi:SchoolBag+1","theSenshi:MoonCrystalPowerMakeUp+1","theSenshi:PlutosSolemnity","theSenshi:SailorMercuryAssists","theSenshi:SailorVenusAssists+1","Specialist","theSenshi:MoonPunch+1","theSenshi:SchoolBag","Poisoned Strike","Secret Weapon","Bandage Up","theSenshi:TuxedoSmokingBomber+1","theSenshi:SupersonicWaves+1","ReplayTheSpireMod:Brewmster+1","theSenshi:VenusGlamour+1","theSenshi:SailorVenusAssists+1","theSenshi:MoonHealingEscalation","theSenshi:SailorVenusAssists+1","theSenshi:MercurysCunning+1","theSenshi:SailorChibiMoonAssists+1","theSenshi:LunasBite+1","theSenshi:LunaSensingAllies","ReplayTheSpireMod:Trickstab+1","Secret Technique","theSenshi:MoonCrisisMakeUp","theSenshi:SailorMarsAssists+1","theSenshi:SailorStarHealerAssists","theSenshi:MoonTiaraMagic+1","theSenshi:SailorStarHealerAssists","theSenshi:SailorStarHealerAssists","Apotheosis+1","theSenshi:SailorPlanetPower+1","theSenshi:PlutosSolemnity","Master of Strategy","Master of Strategy","Master of Strategy"],"relics":["theSenshi:TransformationBroochRelic","REME:ComplimentaryCards","replay:Trail_Library","Pocketwatch","Happy Flower","Bottled Flame","Potion Belt","ReplayTheSpireMod:Shallot","Whetstone","yuri:PortableGlitches","Replay:Baseball","bronze:BronzeIdol","Molten Egg 2","CeramicFish","Bag of Preparation","War Paint","Ring of Chaos","Art of War","Mirror","Nunchaku","Gremlin Horn","Smiling Mask","Snack Pack","Blue Doll","ReplayTheSpireMod:Lightbulb","Slimebound:StickyStick","White Beast Statue","Gremlin Food","Replay:Grab Bag","Cursed Key","ChewingGum","Honey Jar","Kunai","ReplayTheSpireMod:Ninjato","theSenshi:SuperSailorFukuRelic","Gambling Chip","Bird Faced Urn","Regal Pillow","Strawberry","Ice Cream","HornCleat","Centennial Puzzle","MawBank","Orichalcum","Counterbalance","Replay:Towering Pillar of Hats","Ornamental Fan","Replay:Accelerometer"],"acts_visited":["Exordium","TheCity","TheBeyond","TheEnding"],"potions_floor_usage":[12,18,21,21,21,21,23,24,24,24,25,30,30,30,30,33,33,35,35,38,39,40,40,44,46,47,48,48,54,55,55,55,55,55,55,55,55,55,55,55],"damage_taken":[{"damage":6,"enemies":"Small Slimes","floor":1,"turns":3},{"damage":0,"enemies":"Cultist","floor":3,"turns":3},{"damage":0,"enemies":"2 Louse","floor":5,"turns":2},{"damage":12,"enemies":"Lagavulin","floor":6,"turns":4},{"damage":4,"enemies":"Blue Slaver","floor":7,"turns":2},{"damage":6,"enemies":"Replay:BlueRogue","floor":8,"turns":3},{"damage":11,"enemies":"Gremlin Nob","floor":10,"turns":3},{"damage":0,"enemies":"3 Sentries","floor":12,"turns":5},{"damage":0,"enemies":"3 Louse","floor":13,"turns":3},{"damage":0,"enemies":"Lagavulin","floor":14,"turns":3},{"damage":0,"enemies":"Slime Boss","floor":16,"turns":2},{"damage":0,"enemies":"3 Byrds","floor":18,"turns":4},{"damage":30,"enemies":"Book of Stabbing","floor":21,"turns":5},{"damage":0,"enemies":"2 Thieves","floor":22,"turns":1},{"damage":17,"enemies":"Replay:Snechameleon","floor":23,"turns":4},{"damage":0,"enemies":"Centurion and Healer","floor":24,"turns":4},{"damage":9,"enemies":"Slavers","floor":25,"turns":3},{"damage":9,"enemies":"Book of Stabbing","floor":30,"turns":4},{"damage":0,"enemies":"Gremlin Leader","floor":31,"turns":1},{"damage":43,"enemies":"Champ","floor":33,"turns":9},{"damage":0,"enemies":"3 Shapes","floor":35,"turns":1},{"damage":7,"enemies":"Orb Walker","floor":36,"turns":3},{"damage":43,"enemies":"Reptomancer","floor":38,"turns":3},{"damage":0,"enemies":"2 Orb Walkers","floor":39,"turns":3},{"damage":0,"enemies":"R_Hoarder","floor":40,"turns":4},{"damage":3,"enemies":"Reptomancer","floor":41,"turns":2},{"damage":2,"enemies":"R_Hoarder","floor":44,"turns":3},{"damage":0,"enemies":"Spire Growth","floor":45,"turns":3},{"damage":0,"enemies":"Maw","floor":46,"turns":5},{"damage":10,"enemies":"Nemesis","floor":47,"turns":5},{"damage":0,"enemies":"R_Hoarder","floor":48,"turns":3},{"damage":8,"enemies":"Time Eater","floor":50,"turns":8},{"damage":5,"enemies":"Shield and Spear","floor":54,"turns":5},{"damage":18,"enemies":"The Heart","floor":55,"turns":4}],"seed_played":"-4488060673185307469","potions_obtained":[{"floor":1,"key":"FearPotion"},{"floor":5,"key":"Languid Potion"},{"floor":8,"key":"Elixir"},{"floor":12,"key":"Swift Potion"},{"floor":13,"key":"champ:CounterPotion"},{"floor":23,"key":"Fire Potion"},{"floor":24,"key":"SkillPotion"},{"floor":25,"key":"Dexterity Potion"},{"floor":31,"key":"Fire Potion"},{"floor":33,"key":"Swift Potion"},{"floor":35,"key":"Weak Potion"},{"floor":36,"key":"PowerPotion"},{"floor":38,"key":"PowerPotion"},{"floor":39,"key":"Regen Potion"},{"floor":40,"key":"Toxic Potion"},{"floor":41,"key":"Block Potion"},{"floor":44,"key":"Block Potion"},{"floor":45,"key":"SteroidPotion"},{"floor":46,"key":"Elixir"},{"floor":47,"key":"Fire Potion"},{"floor":48,"key":"EntropicBrew"},{"floor":54,"key":"Languid Potion"}],"is_trial":true,"path_per_floor":["M","?","M","?","M","E","M","E","T","E","R","E","M","E","R","B",null,"M","?","$","E","M","E","M","E","T","R","?","R","E","E","R","B",null,"M","M","?","E","?","E","E","$","T","E","M","M","E","E","R","B",null,"R","$","E","B",null],"character_chosen":"THE_SENSHI","items_purchased":["Mirror","Nunchaku","theSenshi:VenusGlamour+1","theSenshi:SailorStarHealerAssists","Strawberry","Ice Cream","Ornamental Fan","Master of Strategy"],"campfire_rested":1,"item_purchase_floors":[20,20,20,42,42,42,53,53],"current_hp_per_floor":[69,69,69,51,51,39,35,29,29,18,40,44,48,52,52,56,75,75,75,75,49,49,36,49,48,48,48,34,34,59,71,71,56,80,80,73,63,35,43,69,79,86,86,87,87,87,83,87,87,83,87,87,87,87,75],"gold":85,"neow_bonus":"","is_daily":false,"chose_seed":false,"campfire_upgraded":3,"win_rate":0.0,"timestamp":1614438881,"path_taken":["M","?","?","?","M","E","M","E","T","?","R","E","?","?","R","BOSS","M","?","$","?","M","E","M","E","T","R","?","R","?","E","R","BOSS","M","?","?","?","?","E","E","$","T","?","?","M","?","E","R","BOSS","R","$","E","BOSS"],"items_purchased_type":["Relic","Relic","Card","Card","Relic","Relic","Relic","Card"],"build_version":"2020-12-22","purchased_purges":1,"victory":true,"max_hp_per_floor":[75,75,75,75,75,75,75,75,75,75,75,75,75,75,75,75,75,75,75,75,75,75,75,75,75,75,75,80,80,80,80,80,80,80,80,80,80,80,80,80,80,87,87,87,87,87,87,87,87,87,87,87,87,87,87],"card_choices":[{"not_picked":["theSenshi:TallSilhouette","theSenshi:MoonsReflection"],"picked":"theSenshi:MoonPunch","floor":0},{"not_picked":["theSenshi:SailorStarFighterAssists","theSenshi:SailorMercuryAssists"],"picked":"theSenshi:TallSilhouette","floor":0},{"not_picked":["theSenshi:SailorPlanetAttack","theSenshi:MoonsReflection"],"picked":"theSenshi:MoonPunch","floor":0},{"not_picked":["theSenshi:MoonPunch","theSenshi:MoonsReflection"],"picked":"theSenshi:LateForSchool","floor":0},{"not_picked":["theSenshi:EncouragingSpeech","Enlightenment"],"picked":"ReplayTheSpireMod:Trickstab","floor":0},{"not_picked":["theSenshi:MoonsReflection","theSenshi:MoonPrincessHalation"],"picked":"theSenshi:LateForSchool","floor":0},{"not_picked":["theSenshi:LunasBite","theSenshi:SailorVenusAssists"],"picked":"theSenshi:Sidestep","floor":0},{"not_picked":["theSenshi:MoonTwilightFlash","theSenshi:RainbowMoonHeartAche"],"picked":"theSenshi:SchoolBag","floor":0},{"not_picked":["theSenshi:MoonKick","theSenshi:SchoolBag"],"picked":"theSenshi:MoonCrystalPowerMakeUp","floor":0},{"not_picked":["Replay:Sssssssssstrike","Madness"],"picked":"theSenshi:MoonSpiralHeartAttack","floor":0},{"not_picked":["theSenshi:SailorVenusAssists","theSenshi:MoonTiaraMagic"],"picked":"theSenshi:PlutosSolemnity","floor":0},{"not_picked":["theSenshi:SailorChibiMoonAssists","Replay:Sssssssssshield"],"picked":"theSenshi:SailorMercuryAssists","floor":0},{"not_picked":["theSenshi:TallSilhouette","theSenshi:GatheringStrength"],"picked":"theSenshi:SailorVenusAssists","floor":0},{"not_picked":["Blind","theSenshi:LateForSchool"],"picked":"Specialist","floor":0},{"not_picked":["theSenshi:MoonTiaraMagic","theSenshi:TuxedoSmokingBomber"],"picked":"theSenshi:MoonPunch","floor":0},{"not_picked":["Panacea","theSenshi:MoonsReflection"],"picked":"theSenshi:SchoolBag","floor":6},{"not_picked":["theSenshi:TuxedoSmokingBomber","theSenshi:MoonCrisisMakeUp"],"picked":"Poisoned Strike","floor":8},{"not_picked":["theSenshi:TuxedoSmokingBomber","theSenshi:MoonsReflection"],"picked":"Secret Weapon","floor":10},{"not_picked":["Survey Options","theSenshi:TallSilhouette"],"picked":"theSenshi:TuxedoSmokingBomber+1","floor":12},{"not_picked":["Dark Shackles","theSenshi:MoonKick+1"],"picked":"theSenshi:SupersonicWaves+1","floor":14},{"not_picked":["theSenshi:SilverMoonCrystalPowerKiss+1","theSenshi:SailorCosmosAssists"],"picked":"ReplayTheSpireMod:Brewmster","floor":16},{"not_picked":["theSenshi:MoonCosmicPowerMakeUp","theSenshi:MoonsReflection"],"picked":"theSenshi:SailorVenusAssists+1","floor":21},{"not_picked":["Replay:Bootleg Shield Generator","theSenshi:SchoolBag"],"picked":"theSenshi:MoonHealingEscalation","floor":23},{"not_picked":["Jack Of All Trades+1","theSenshi:LateForSchool+1"],"picked":"theSenshi:SailorVenusAssists+1","floor":25},{"not_picked":["theSenshi:SteeledNerves","theSenshi:SupersonicWaves+1"],"picked":"theSenshi:SailorChibiMoonAssists+1","floor":30},{"not_picked":["theSenshi:PlutosSolemnity","PanicButton+1"],"picked":"theSenshi:LunasBite+1","floor":31},{"not_picked":["Violence","ReplayTheSpireMod:Brewmster"],"picked":"theSenshi:LunaSensingAllies","floor":33},{"not_picked":["Deep Breath","Replay:Sssssssssstrike+1","Panacea"],"picked":"ReplayTheSpireMod:Trickstab+1","floor":37},{"not_picked":["Secret Technique","Secret Weapon","Specialist"],"picked":"Mayhem","floor":37},{"not_picked":["Metamorphosis","Trip","Midas Touch"],"picked":"Secret Technique","floor":37},{"not_picked":["Replay:Sssssssssstrike+1","theSenshi:SchoolBag","Forethought+1"],"picked":"theSenshi:MoonCrisisMakeUp","floor":38},{"not_picked":["theSenshi:Sidestep+1","theSenshi:MoonTiaraMagic+1","theSenshi:SailorMercuryAssists"],"picked":"theSenshi:SailorMarsAssists+1","floor":39},{"not_picked":["theSenshi:MoonKick+1","theSenshi:SailorMarsAssists+1","theSenshi:LunasBite+1"],"picked":"theSenshi:SailorStarHealerAssists","floor":40},{"not_picked":["theSenshi:MoonCrisisMakeUp","theSenshi:TallSilhouette","theSenshi:YouCanTalk+1"],"picked":"theSenshi:MoonTiaraMagic+1","floor":41},{"not_picked":["theSenshi:SailorChibiMoonAssists+1","theSenshi:DramaticEntrance","theSenshi:LunasBite+1"],"picked":"Apotheosis","floor":44},{"not_picked":["Replay:Sssssssssshield","Secret Weapon","theSenshi:InTheNickOfTime+1"],"picked":"theSenshi:SailorPlanetPower+1","floor":47},{"not_picked":["Panacea","theSenshi:SteeledNerves","theSenshi:SupersonicWaves+1"],"picked":"theSenshi:PlutosSolemnity","floor":48},{"not_picked":["theSenshi:Sidestep+1","ReplayTheSpireMod:Private Reserves+1","theSenshi:SailorMercuryAssists"],"picked":"Master of Strategy","floor":54}],"player_experience":274752,"relics_obtained":[{"floor":1,"key":"Happy Flower"},{"floor":3,"key":"Bottled Flame"},{"floor":5,"key":"ReplayTheSpireMod:Shallot"},{"floor":6,"key":"Whetstone"},{"floor":7,"key":"yuri:PortableGlitches"},{"floor":8,"key":"Replay:Baseball"},{"floor":10,"key":"bronze:BronzeIdol"},{"floor":12,"key":"Molten Egg 2"},{"floor":13,"key":"CeramicFish"},{"floor":14,"key":"Bag of Preparation"},{"floor":15,"key":"War Paint"},{"floor":18,"key":"Art of War"},{"floor":21,"key":"Gremlin Horn"},{"floor":22,"key":"Smiling Mask"},{"floor":23,"key":"Snack Pack"},{"floor":24,"key":"Blue Doll"},{"floor":25,"key":"ReplayTheSpireMod:Lightbulb"},{"floor":26,"key":"Slimebound:StickyStick"},{"floor":30,"key":"White Beast Statue"},{"floor":31,"key":"Gremlin Food"},{"floor":35,"key":"Kunai"},{"floor":36,"key":"ReplayTheSpireMod:Ninjato"},{"floor":38,"key":"theSenshi:SuperSailorFukuRelic"},{"floor":39,"key":"Gambling Chip"},{"floor":40,"key":"Bird Faced Urn"},{"floor":41,"key":"Regal Pillow"},{"floor":43,"key":"HornCleat"},{"floor":44,"key":"Centennial Puzzle"},{"floor":45,"key":"MawBank"},{"floor":46,"key":"Orichalcum"},{"floor":47,"key":"Counterbalance"},{"floor":48,"key":"Replay:Towering Pillar of Hats"},{"floor":54,"key":"Replay:Accelerometer"}],"event_choices":[{"cards_removed":["theSenshi:MoonSpiralHeartAttack"],"damage_healed":0,"gold_gain":0,"player_choice":"Purged","damage_taken":0,"max_hp_gain":0,"max_hp_loss":0,"event_name":"Purifier","floor":2,"gold_loss":0},{"damage_healed":0,"gold_gain":0,"player_choice":"Success","damage_taken":18,"relics_obtained":["Potion Belt"],"max_hp_gain":0,"max_hp_loss":0,"event_name":"Scrap Ooze","floor":4,"gold_loss":0},{"damage_healed":0,"gold_gain":0,"player_choice":"Upgraded","damage_taken":0,"max_hp_gain":0,"max_hp_loss":0,"event_name":"Upgrade Shrine","floor":19,"gold_loss":0,"cards_upgraded":["ReplayTheSpireMod:Brewmster"]},{"damage_healed":0,"gold_gain":0,"player_choice":"Shed Blood","damage_taken":19,"max_hp_gain":5,"max_hp_loss":0,"event_name":"Forgotten Altar","floor":28,"gold_loss":0},{"damage_healed":0,"gold_gain":0,"player_choice":"Memory 3","damage_taken":10,"max_hp_gain":0,"max_hp_loss":0,"event_name":"SensoryStone","floor":37,"gold_loss":0},{"damage_healed":0,"gold_gain":0,"player_choice":"Fight","damage_taken":0,"max_hp_gain":0,"max_hp_loss":0,"event_name":"Mysterious Sphere","floor":39,"gold_loss":0}],"is_beta":false,"boss_relics":[{"not_picked":["Snecko Heart","Snecko Eye"],"picked":"Ring of Chaos"},{"not_picked":["Astrolabe","theSenshi:MoonKaleidoScopeRelic"],"picked":"Replay:Grab Bag"},{"not_picked":["Fusion Hammer","Velvet Choker"],"picked":"Cursed Key"},{"not_picked":["Coffee Dripper","Sozu"],"picked":"ChewingGum"},{"not_picked":["Runic Pyramid","Kintsugi"],"picked":"Honey Jar"}],"items_purged_floors":[42],"is_endless":false,"potions_floor_spawned":[1,5,8,12,13,23,24,25,31,33,35,36,38,39,40,41,44,45,46,47,48,54],"ascension_level":0}}