{"host":"xg4r5pv6chpuampg","time":1614457682,"event":{"mods":["AchievementEnabler","BaseMod","Googly Eyes","Minty Spire (QoL Compilation)","StSLib","Together in Spire"],"gold_per_floor":[99,99,99,99,99,99,99,99,99,69,69,69,69,69,69],"floor_reached":14,"language":"ENG","playtime":534,"items_purged":[],"score":99,"play_id":"a9805c2f-4963-4c9b-8fbc-1ff222506d61","local_time":"20210227232802","is_ascension_mode":true,"campfire_choices":[{"data":"Wish","floor":6,"key":"SMITH"},{"floor":11,"key":"REST"}],"circlet_count":0,"master_deck":["Strike_P","Strike_P","Strike_P","Strike_P","Defend_P","Defend_P","Defend_P","Defend_P","Eruption","Vigilance","EmptyBody","Wish+1","PathToVictory","EmptyBody","FollowUp","PathToVictory","FollowUp"],"relics":["Ectoplasm","Centennial Puzzle","InkBottle"],"acts_visited":["Exordium"],"potions_floor_usage":[12,12,12],"damage_taken":[{"damage":7,"enemies":"Cultist","floor":1,"turns":3},{"damage":1,"enemies":"2 Louse","floor":2,"turns":3},{"damage":12,"enemies":"Small Slimes","floor":5,"turns":3},{"damage":5,"enemies":"2 Fungi Beasts","floor":7,"turns":3},{"damage":17,"enemies":"Large Slime","floor":8,"turns":6},{"damage":13,"enemies":"Exordium Thugs","floor":10,"turns":5},{"damage":21,"enemies":"Lagavulin","floor":12,"turns":4},{"damage":0,"enemies":"Exordium Wildlife","floor":13,"turns":5},{"damage":27,"enemies":"Gremlin Nob","floor":14,"turns":2}],"seed_played":"1634084008802725932","potions_obtained":[{"floor":2,"key":"SkillPotion"},{"floor":8,"key":"DuplicationPotion"},{"floor":10,"key":"EssenceOfSteel"}],"is_trial":false,"path_per_floor":["M","M","T","?","M","R","M","M","T","M","R","E","M","E"],"character_chosen":"WATCHER","items_purchased":[],"campfire_rested":1,"item_purchase_floors":[],"current_hp_per_floor":[65,64,64,64,52,52,47,30,30,17,38,17,17,0,0],"gold":69,"neow_bonus":"BOSS_RELIC","is_daily":false,"chose_seed":false,"campfire_upgraded":1,"win_rate":0.0,"timestamp":1614457682,"path_taken":["M","M","?","?","M","R","M","M","T","M","R","E","M","E"],"items_purchased_type":[],"build_version":"2020-12-22","purchased_purges":0,"victory":false,"max_hp_per_floor":[72,72,72,72,72,72,72,72,72,72,72,72,72,72,72],"card_choices":[{"not_picked":["Prostrate","Evaluate"],"picked":"EmptyBody","floor":1},{"not_picked":["Prostrate","Protect"],"picked":"Wish","floor":2},{"not_picked":["Perseverance","Sanctity"],"picked":"PathToVictory","floor":5},{"not_picked":["Crescendo","Brilliance"],"picked":"EmptyBody","floor":7},{"not_picked":["FlurryOfBlows","CrushJoints"],"picked":"FollowUp","floor":8},{"not_picked":["JustLucky","Perseverance"],"picked":"PathToVictory","floor":10},{"not_picked":["Consecrate","MentalFortress","Nirvana"],"picked":"SKIP","floor":12},{"not_picked":["Prostrate","ClearTheMind"],"picked":"FollowUp","floor":13}],"player_experience":199583,"relics_obtained":[{"floor":9,"key":"Centennial Puzzle"},{"floor":12,"key":"InkBottle"}],"event_choices":[{"damage_healed":0,"gold_gain":100,"player_choice":"Pray","damage_taken":0,"max_hp_gain":0,"max_hp_loss":0,"event_name":"Golden Shrine","floor":4,"gold_loss":0}],"is_beta":false,"boss_relics":[],"items_purged_floors":[],"is_endless":false,"potions_floor_spawned":[2,8,10],"killed_by":"Gremlin Nob","ascension_level":1}}