{"host":"skqrv63k0gjilndt","time":1614412044,"event":{"mods":["AchievementEnabler","BaseMod","Bestiary","Colored Powertips","Highlight Path","Minty Spire (QoL Compilation)","Quick Restart"],"gold_per_floor":[217,236,252,202,222,247,247,6,53,53,86,86,134,160,160,260,260,277,12,75,75,114,114,170,170,217,272,272,272,272,354,354,450,450,487,487,487,554,624,624,329,329,383,423,423,698,264,308,308,308],"floor_reached":51,"language":"ENG","playtime":3443,"items_purged":["Strike_P","Strike_P","Defend_P"],"score":938,"play_id":"f652616f-4f2d-4b0c-9d98-980644605801","local_time":"20210226234724","is_ascension_mode":true,"campfire_choices":[{"data":"Eruption","floor":7.0,"key":"SMITH"},{"data":"SashWhip","floor":10.0,"key":"SMITH"},{"data":"CrushJoints","floor":12.0,"key":"SMITH"},{"data":"Vigilance","floor":15.0,"key":"SMITH"},{"data":"RitualDagger","floor":23.0,"key":"SMITH"},{"data":"HandOfGreed","floor":25.0,"key":"SMITH"},{"data":"Study","floor":28.0,"key":"SMITH"},{"data":"Wish","floor":30.0,"key":"SMITH"},{"data":"CutThroughFate","floor":32.0,"key":"SMITH"},{"data":"Swivel","floor":40,"key":"SMITH"},{"data":"TalkToTheHand","floor":42,"key":"SMITH"},{"data":"Swivel","floor":45,"key":"SMITH"},{"data":"Wireheading","floor":49,"key":"SMITH"}],"circlet_count":0,"master_deck":["Defend_P","Defend_P","Defend_P","Eruption+1","Vigilance+1","CutThroughFate+1","FollowUp","Wireheading","SashWhip+1","CrushJoints+1","SandsOfTime","Wish+1","FollowUp+1","HandOfGreed+1","ClearTheMind","RitualDagger+1","Wireheading+1","Swivel+1","Study+1","Swivel+1","EmptyBody+1","Protect+1","Crescendo+1","Halt+1","DeceiveReality","TalkToTheHand+1","Evaluate+1","CrushJoints+1"],"relics":["PureWater","Mummified Hand","Eternal Feather","Omamori","Bag of Marbles","Bag of Preparation","Darkstone Periapt","Coffee Dripper","Pear","Potion Belt","Gremlin Horn","Strawberry","Runic Pyramid","Orichalcum","OrangePellets"],"acts_visited":["Exordium","TheCity","TheBeyond"],"potions_floor_usage":[50,50,50,50],"damage_taken":[{"damage":2.0,"enemies":"Cultist","floor":1.0,"turns":3.0},{"damage":3.0,"enemies":"Jaw Worm","floor":2.0,"turns":5.0},{"damage":0.0,"enemies":"Small Slimes","floor":3.0,"turns":2.0},{"damage":9.0,"enemies":"Red Slaver","floor":5.0,"turns":5.0},{"damage":50.0,"enemies":"Lagavulin","floor":6.0,"turns":7.0},{"damage":12.0,"enemies":"Gremlin Nob","floor":11.0,"turns":3.0},{"damage":4.0,"enemies":"3 Sentries","floor":14.0,"turns":7.0},{"damage":15.0,"enemies":"Slime Boss","floor":16.0,"turns":7.0},{"damage":0.0,"enemies":"Shell Parasite","floor":18.0,"turns":2.0},{"damage":10.0,"enemies":"Spheric Guardian","floor":20.0,"turns":4.0},{"damage":0.0,"enemies":"3 Cultists","floor":22.0,"turns":3.0},{"damage":30.0,"enemies":"Gremlin Leader","floor":24.0,"turns":5.0},{"damage":0.0,"enemies":"Book of Stabbing","floor":27.0,"turns":1.0},{"damage":15.0,"enemies":"Slavers","floor":31.0,"turns":5.0},{"damage":29.0,"enemies":"Champ","floor":33.0,"turns":9.0},{"damage":3,"enemies":"Orb Walker","floor":35,"turns":2},{"damage":0,"enemies":"3 Shapes","floor":38,"turns":4},{"damage":0,"enemies":"Jaw Worm Horde","floor":39,"turns":3},{"damage":3,"enemies":"3 Darklings","floor":44,"turns":3},{"damage":27,"enemies":"Writhing Mass","floor":48,"turns":3},{"damage":20,"enemies":"Awakened One","floor":50,"turns":10}],"seed_played":"2889502965621376000","potions_obtained":[{"floor":3.0,"key":"FairyPotion"},{"floor":11.0,"key":"SkillPotion"},{"floor":14.0,"key":"BlessingOfTheForge"},{"floor":16.0,"key":"SteroidPotion"},{"floor":22.0,"key":"Ambrosia"},{"floor":31.0,"key":"Dexterity Potion"},{"floor":38,"key":"BottledMiracle"},{"floor":44,"key":"Dexterity Potion"}],"is_trial":false,"path_per_floor":["M","M","M","?","M","E","R","$","T","R","E","R","T","E","R","B",null,"M","$","M","?","M","R","E","R","T","E","R","?","R","E","R","B",null,"M","?","?","M","M","R","$","R","T","M","R","?","$","M","R","B",null],"character_chosen":"WATCHER","items_purchased":["Eternal Feather","HandOfGreed","DeceiveReality","Strength Potion","TalkToTheHand","Orichalcum","OrangePellets"],"campfire_rested":0,"item_purchase_floors":[8,19,41,41,41,47,47],"current_hp_per_floor":[70,67,67,67,58,8,8,8,8,14,2,11,11,7,16,1,72,72,72,62,56,56,68,48,60,60,60,72,72,82,74,86,57,89,86,89,89,89,89,89,89,89,89,86,89,89,89,62,77,57],"gold":308,"neow_bonus":"HUNDRED_GOLD","is_daily":false,"chose_seed":false,"campfire_upgraded":13,"win_rate":0.0,"timestamp":1614412044,"path_taken":["M","M","M","?","M","E","R","$","T","R","E","R","?","E","R","BOSS","M","$","M","?","M","R","E","R","T","E","R","?","R","E","R","BOSS","M","?","?","?","M","R","?","R","T","M","R","?","$","?","R","BOSS"],"items_purchased_type":["Relic","Card","Card","Potion","Card","Relic","Relic"],"build_version":"2020-12-22","purchased_purges":3,"victory":true,"max_hp_per_floor":[72,72,72,72,72,72,72,72,72,72,72,72,72,72,72,72,72,72,72,72,72,72,72,82,82,82,82,82,82,82,89,89,89,89,89,89,89,89,89,89,89,89,89,89,89,89,89,89,89,89],"card_choices":[{"not_picked":["ForeignInfluence","CarveReality"],"picked":"CutThroughFate","floor":1.0},{"not_picked":["EmptyFist","EmptyBody"],"picked":"FollowUp","floor":2.0},{"not_picked":["DevaForm","DeceiveReality"],"picked":"Wireheading","floor":3.0},{"not_picked":["Prostrate","Tantrum"],"picked":"SashWhip","floor":5.0},{"not_picked":["Prostrate","ForeignInfluence"],"picked":"CrushJoints","floor":6.0},{"not_picked":["SashWhip","WindmillStrike"],"picked":"SandsOfTime","floor":11.0},{"not_picked":["SashWhip","DevaForm","Indignation"],"picked":"SKIP","floor":14.0},{"not_picked":["Blasphemy","Scrawl"],"picked":"Wish","floor":16.0},{"not_picked":["Conclude","BowlingBash+1"],"picked":"FollowUp+1","floor":18.0},{"not_picked":["CrushJoints","EmptyBody"],"picked":"ClearTheMind","floor":20.0},{"not_picked":["FlyingSleeves+1","SandsOfTime"],"picked":"Wireheading","floor":22.0},{"not_picked":["JustLucky","Tantrum"],"picked":"Swivel","floor":24.0},{"not_picked":["Judgement","CarveReality"],"picked":"Study","floor":27.0},{"not_picked":["ClearTheMind","MentalFortress"],"picked":"EmptyBody+1","floor":31.0},{"not_picked":["DevaForm","Wish"],"picked":"Scrawl","floor":33.0},{"not_picked":["Halt","Prostrate+1"],"picked":"Protect+1","floor":35},{"not_picked":["FlyingSleeves+1","JustLucky+1"],"picked":"Crescendo+1","floor":38},{"not_picked":["Conclude+1","Crescendo+1"],"picked":"Halt+1","floor":39},{"not_picked":["Collect+1","Weave"],"picked":"Evaluate+1","floor":44},{"not_picked":["Crescendo","BowlingBash"],"picked":"CrushJoints+1","floor":48}],"player_experience":98624,"relics_obtained":[{"floor":6.0,"key":"Mummified Hand"},{"floor":9.0,"key":"Omamori"},{"floor":11.0,"key":"Bag of Marbles"},{"floor":13.0,"key":"Bag of Preparation"},{"floor":14.0,"key":"Darkstone Periapt"},{"floor":24.0,"key":"Pear"},{"floor":26.0,"key":"Potion Belt"},{"floor":27.0,"key":"Gremlin Horn"},{"floor":31.0,"key":"Strawberry"}],"event_choices":[{"cards_removed":["Strike_P"],"damage_healed":0.0,"max_hp_gain":0.0,"max_hp_loss":0.0,"gold_gain":0.0,"event_name":"The Cleric","player_choice":"Card Removal","floor":4.0,"gold_loss":50.0,"damage_taken":0.0},{"damage_healed":0.0,"max_hp_gain":0.0,"max_hp_loss":0.0,"gold_gain":0.0,"event_name":"Nest","player_choice":"Joined the Cult","floor":21.0,"gold_loss":0.0,"damage_taken":6.0,"cards_obtained":["RitualDagger"]},{"damage_healed":0.0,"max_hp_gain":0.0,"max_hp_loss":0.0,"gold_gain":0.0,"cards_transformed":["Strike_P"],"event_name":"Transmorgrifier","player_choice":"Transformed","floor":29.0,"gold_loss":0.0,"damage_taken":0.0,"cards_obtained":["Swivel"]},{"damage_healed":22,"gold_gain":0,"player_choice":"Writhe","damage_taken":0,"max_hp_gain":0,"max_hp_loss":0,"event_name":"Winding Halls","floor":36,"gold_loss":0,"cards_obtained":["Writhe"]},{"cards_removed":["Scrawl"],"damage_healed":0,"gold_gain":0,"player_choice":"Removed Skill","damage_taken":0,"max_hp_gain":0,"max_hp_loss":0,"event_name":"Falling","floor":37,"gold_loss":0},{"damage_healed":0,"gold_gain":275,"player_choice":"Desecrate","damage_taken":0,"max_hp_gain":0,"max_hp_loss":0,"event_name":"Golden Shrine","floor":46,"gold_loss":0,"cards_obtained":["Regret"]}],"is_beta":false,"boss_relics":[{"not_picked":["Tiny House","Philosopher\u0027s Stone"],"picked":"Coffee Dripper"},{"not_picked":["Busted Crown","SlaversCollar"],"picked":"Runic Pyramid"}],"items_purged_floors":[19,41,47],"is_endless":false,"potions_floor_spawned":[3,11,14,16,22,31,38,44],"ascension_level":4}}