{"host":"35xtutb4g3jpco3h","time":1614407225,"event":{"mods":["2.2 Compatiblity","BaseMod","Colored Map","Downfall","Hermit","Minty Spire (QoL Compilation)","Replay The Spire","Robot Space Explorer","StSLib","The Disciple","The Runesmith"],"gold_per_floor":[111,127,138,155,155,155,172,172,242,242,253,253,253,37,37,140,140,155,167,167,14,14,14,45,45,70,80,80,80,93,112,112,211,211,221,139,139,151,167,167,187,187,264,5,5,18,18,37,37,37],"floor_reached":51,"language":"ENG","playtime":4679,"items_purged":["Writhe"],"score":509,"play_id":"e6dd97bb-2327-488f-8aff-1cffb3a05fce","local_time":"20210227002705","is_ascension_mode":false,"campfire_choices":[{"data":"RobotSpaceExplorer:LaserBurst","floor":6.0,"key":"SMITH"},{"data":"RobotSpaceExplorer:PowerGlove","floor":8.0,"key":"SMITH"},{"data":"RobotSpaceExplorer:MiniLasers","floor":10.0,"key":"SMITH"},{"data":"RobotSpaceExplorer:GlueSpray","floor":13.0,"key":"SMITH"},{"floor":23,"key":"REST"},{"floor":25,"key":"REST"},{"floor":29,"key":"REST"},{"floor":40,"key":"REST"},{"floor":47,"key":"REST"},{"data":"RobotSpaceExplorer:DoubleFind","floor":49,"key":"SMITH"}],"circlet_count":0,"master_deck":["RobotSpaceExplorer:Strike+1","RobotSpaceExplorer:Strike+1","RobotSpaceExplorer:Strike+1","RobotSpaceExplorer:Strike+1","RobotSpaceExplorer:Defend+1","RobotSpaceExplorer:Defend+1","RobotSpaceExplorer:Defend+1","RobotSpaceExplorer:Defend+1","RobotSpaceExplorer:Scan","RobotSpaceExplorer:MiniLasers+1","RobotSpaceExplorer:Pulsar+1","RobotSpaceExplorer:LaserBurst+1","RobotSpaceExplorer:PowerGlove+1","RobotSpaceExplorer:PowerCollector","RobotSpaceExplorer:GlueSpray+1","RobotSpaceExplorer:MetalStrike","RobotSpaceExplorer:Discharger+1","ReplayTheSpireMod:Brewmster+1","RobotSpaceExplorer:HighVoltage","RobotSpaceExplorer:TurboDodge","RobotSpaceExplorer:DoubleFind+1","RobotSpaceExplorer:StunGrenade","RobotSpaceExplorer:ImprovisedAttack","RobotSpaceExplorer:SwiftStep","RobotSpaceExplorer:Fix+1","RobotSpaceExplorer:ChargingLaser","RobotSpaceExplorer:ScrapToss+1","RobotSpaceExplorer:MiniBoosters","RobotSpaceExplorer:ScrapMissile","RobotSpaceExplorer:IronShell+1","Parasite","RobotSpaceExplorer:DoubleFind+1","RobotSpaceExplorer:SwiftStep","RobotSpaceExplorer:StarLightning","RobotSpaceExplorer:ImprovisedAttack+1","RobotSpaceExplorer:GlueShot"],"relics":["RobotSpaceExplorer:RoboCore","Kunai","Runesmith:UraniumAnvil","Toolbox","FossilizedHelix","Juzu Bracelet","Philosopher\u0027s Stone","Gremlin Horn","Pen Nib","Ring of Searing","Ring of Misfortune"],"acts_visited":["Exordium","TheCity","TheBeyond"],"potions_floor_usage":[16,16,16,16,16,16,18,18,19,19,19,24,24,24,27,27,27,31,31,31,31,31,31,31,31,31,33,33,33,33,33,33,33,35,35,35,38,39,39,39,39,39,41,46,46,48,50,50,50],"damage_taken":[{"damage":0.0,"enemies":"Small Slimes","floor":1.0,"turns":4.0},{"damage":0.0,"enemies":"Cultist","floor":2.0,"turns":5.0},{"damage":1.0,"enemies":"Jaw Worm","floor":3.0,"turns":4.0},{"damage":11.0,"enemies":"3 Louse","floor":4.0,"turns":3.0},{"damage":0.0,"enemies":"Blue Slaver","floor":7.0,"turns":4.0},{"damage":1.0,"enemies":"Red Slaver","floor":11.0,"turns":4.0},{"damage":23,"enemies":"Hexaghost","floor":16,"turns":8},{"damage":0,"enemies":"Chosen","floor":18,"turns":4},{"damage":21,"enemies":"2 Thieves","floor":19,"turns":4},{"damage":52,"enemies":"Slavers","floor":24,"turns":6},{"damage":0,"enemies":"Chosen and Byrds","floor":27,"turns":3},{"damage":12,"enemies":"3 Cultists","floor":30,"turns":4},{"damage":10,"enemies":"Cultist and Chosen","floor":31,"turns":6},{"damage":2,"enemies":"Champ","floor":33,"turns":11},{"damage":18,"enemies":"Orb Walker","floor":35,"turns":4},{"damage":35,"enemies":"3 Shapes","floor":38,"turns":5},{"damage":18,"enemies":"Writhing Mass","floor":39,"turns":6},{"damage":0,"enemies":"Spire Growth","floor":41,"turns":5},{"damage":19,"enemies":"Maw","floor":46,"turns":6},{"damage":0,"enemies":"Jaw Worm Horde","floor":48,"turns":2},{"damage":44,"enemies":"Replay:Hell Engine","floor":50,"turns":6}],"seed_played":"6106910754679259062","potions_obtained":[{"floor":1.0,"key":"PowerPotion"},{"floor":7.0,"key":"LifebloodPotion"},{"floor":11.0,"key":"SteroidPotion"},{"floor":24,"key":"SkillPotion"},{"floor":30,"key":"LiquidBronze"},{"floor":33,"key":"sneckomod:MuddlingPotion"},{"floor":41,"key":"Toxic Potion"},{"floor":46,"key":"Swift Potion"}],"is_trial":false,"path_per_floor":["M","M","M","M","?","R","M","R","T","R","M","?","R","$","R_BF","B",null,"M","M","?","$","?","R","E","R","T","M","?","R","M","M","R_BF","B",null,"M","$","?","M","M","R","M","?","T","$","?","M","R","M","R","B",null],"character_chosen":"RobotSpaceExplorer","items_purchased":["RobotSpaceExplorer:Discharger","ReplayTheSpireMod:Brewmster","Toolbox","RobotSpaceExplorer:MiniBoosters","RobotSpaceExplorer:ScrapMissile","RobotSpaceExplorer:StarLightning","Pen Nib"],"campfire_rested":5,"item_purchase_floors":[14,14,21,36,36,44,44],"current_hp_per_floor":[82,82,81,70,70,70,70,70,70,70,69,69,69,69,82,59,82,82,61,45,45,45,71,19,45,45,45,45,71,59,49,75,79,87,69,69,87,58,46,72,78,78,78,78,78,65,87,87,87,49],"gold":37,"neow_bonus":"TEN_PERCENT_HP_BONUS","is_daily":false,"chose_seed":false,"campfire_upgraded":5,"win_rate":0.0,"timestamp":1614407225,"path_taken":["M","M","M","M","?","R","M","R","T","R","M","?","R","$","R_BF","BOSS","M","M","?","$","?","R","E","R","T","M","?","R","M","M","R_BF","BOSS","M","$","?","M","M","R","M","?","T","$","?","M","R","M","R","BOSS"],"items_purchased_type":["Card","Card","Relic","Card","Card","Card","Relic"],"build_version":"2020-12-22","purchased_purges":1,"victory":true,"max_hp_per_floor":[82,82,82,82,82,82,82,82,82,82,82,82,82,82,82,82,82,82,82,87,87,87,87,87,87,87,87,87,87,87,87,87,87,87,87,87,87,87,87,87,87,87,87,87,87,87,87,87,87,87],"card_choices":[{"not_picked":["RobotSpaceExplorer:StunGrenade","RobotSpaceExplorer:Electroshield"],"picked":"RobotSpaceExplorer:Pulsar","floor":1.0},{"not_picked":["RobotSpaceExplorer:MakeshiftVolley","RobotSpaceExplorer:MiniDrones"],"picked":"RobotSpaceExplorer:LaserBurst","floor":2.0},{"not_picked":["RobotSpaceExplorer:MakeshiftVolley","RobotSpaceExplorer:ScrapMissile"],"picked":"RobotSpaceExplorer:PowerGlove","floor":3.0},{"not_picked":["RobotSpaceExplorer:FranticSearch","RobotSpaceExplorer:SurgingStrike"],"picked":"RobotSpaceExplorer:PowerCollector","floor":4.0},{"not_picked":["RobotSpaceExplorer:Counterblock","RobotSpaceExplorer:ShockKick"],"picked":"RobotSpaceExplorer:GlueSpray","floor":7.0},{"not_picked":["RobotSpaceExplorer:SurgingShield","RobotSpaceExplorer:Probe"],"picked":"RobotSpaceExplorer:MetalStrike","floor":11.0},{"not_picked":["RobotSpaceExplorer:Exploration","RobotSpaceExplorer:BlastShield"],"picked":"RobotSpaceExplorer:HighVoltage","floor":16},{"not_picked":["RobotSpaceExplorer:SlimeMissile+1","RobotSpaceExplorer:Probe+1"],"picked":"RobotSpaceExplorer:TurboDodge","floor":18},{"not_picked":["RobotSpaceExplorer:SlimeMissile","RobotSpaceExplorer:SurgingStrike"],"picked":"RobotSpaceExplorer:DoubleFind","floor":19},{"not_picked":["RobotSpaceExplorer:Counterblock","RobotSpaceExplorer:GlueShot"],"picked":"RobotSpaceExplorer:StunGrenade","floor":24},{"not_picked":["RobotSpaceExplorer:Jetpack+1","RobotSpaceExplorer:FrostMissile"],"picked":"RobotSpaceExplorer:ImprovisedAttack","floor":27},{"not_picked":["RobotSpaceExplorer:Discharger","RobotSpaceExplorer:PlasmaMissile"],"picked":"RobotSpaceExplorer:SwiftStep","floor":30},{"not_picked":["RobotSpaceExplorer:MiniDrones+1","RobotSpaceExplorer:FrostMissile"],"picked":"RobotSpaceExplorer:Fix+1","floor":31},{"not_picked":["RobotSpaceExplorer:Blaster","RobotSpaceExplorer:Asteroid"],"picked":"RobotSpaceExplorer:ChargingLaser","floor":33},{"not_picked":["RobotSpaceExplorer:MiniDrones","RobotSpaceExplorer:FreezingShield"],"picked":"RobotSpaceExplorer:ScrapToss+1","floor":35},{"not_picked":["RobotSpaceExplorer:ScrapMissile","RobotSpaceExplorer:Pulsar+1"],"picked":"RobotSpaceExplorer:IronShell+1","floor":38},{"not_picked":["RobotSpaceExplorer:MetalStrike","RobotSpaceExplorer:SlimeMissile+1"],"picked":"RobotSpaceExplorer:DoubleFind+1","floor":39},{"not_picked":["RobotSpaceExplorer:DoubleBlock","RobotSpaceExplorer:MakeshiftVolley+1"],"picked":"RobotSpaceExplorer:SwiftStep","floor":41},{"not_picked":["RobotSpaceExplorer:Counterblock","RobotSpaceExplorer:Pulsar"],"picked":"RobotSpaceExplorer:ImprovisedAttack+1","floor":46},{"not_picked":["RobotSpaceExplorer:Blitz","RobotSpaceExplorer:SwiftStep+1"],"picked":"RobotSpaceExplorer:GlueShot","floor":48}],"player_experience":757290,"relics_obtained":[{"floor":9.0,"key":"Kunai"},{"floor":24,"key":"FossilizedHelix"},{"floor":26,"key":"Juzu Bracelet"},{"floor":43,"key":"Gremlin Horn"},{"floor":45,"key":"Ring of Searing"},{"floor":45,"key":"Ring of Misfortune"}],"event_choices":[{"damage_healed":0.0,"max_hp_gain":0.0,"max_hp_loss":0.0,"gold_gain":0.0,"event_name":"Golden Wing","player_choice":"Ignored","floor":5.0,"gold_loss":0.0,"damage_taken":0.0},{"damage_healed":0.0,"max_hp_gain":0.0,"max_hp_loss":0.0,"gold_gain":0.0,"event_name":"The Woman in Blue","player_choice":"Bought 0 Potions","floor":12.0,"gold_loss":0.0,"damage_taken":0.0},{"damage_healed":0,"gold_gain":0,"player_choice":"Shed Blood","damage_taken":21,"max_hp_gain":5,"max_hp_loss":0,"event_name":"Forgotten Altar","floor":20,"gold_loss":0},{"damage_healed":0,"gold_gain":0,"player_choice":"Simplicity","damage_taken":0,"max_hp_gain":0,"max_hp_loss":0,"event_name":"Back to Basics","floor":22,"gold_loss":0,"cards_upgraded":["RobotSpaceExplorer:Strike","RobotSpaceExplorer:Strike","RobotSpaceExplorer:Strike","RobotSpaceExplorer:Strike","RobotSpaceExplorer:Defend","RobotSpaceExplorer:Defend","RobotSpaceExplorer:Defend","RobotSpaceExplorer:Defend"]},{"damage_healed":0,"gold_gain":0,"player_choice":"Ignored","damage_taken":0,"max_hp_gain":0,"max_hp_loss":0,"event_name":"Vampires","floor":28,"gold_loss":0},{"damage_healed":22,"gold_gain":0,"player_choice":"Writhe","damage_taken":0,"max_hp_gain":0,"max_hp_loss":0,"event_name":"Winding Halls","floor":37,"gold_loss":0,"cards_obtained":["Writhe"]},{"damage_healed":0,"gold_gain":0,"player_choice":"Upgraded","damage_taken":0,"max_hp_gain":0,"max_hp_loss":0,"event_name":"Upgrade Shrine","floor":42,"gold_loss":0,"cards_upgraded":["ReplayTheSpireMod:Brewmster"]}],"is_beta":false,"boss_relics":[{"not_picked":["RobotSpaceExplorer:TurboCore","ReplayTheSpireMod:DimensionalGlitch"],"picked":"Runesmith:UraniumAnvil"},{"not_picked":["Abe\u0027s Treasure","Busted Crown"],"picked":"Philosopher\u0027s Stone"}],"items_purged_floors":[44],"is_endless":false,"potions_floor_spawned":[1,7,11,24,30,33,41,46],"ascension_level":0}}