{"host":"7vsti54a9aip3o1e","time":1614442510,"event":{"mods":["AchievementEnabler","BaseMod","Colored Map","Colored Powertips","Highlight Path","Minty Spire (QoL Compilation)","Quick Restart","Rare Cards Sparkle","SuperFastMode"],"gold_per_floor":[112,112,18,18,38,71,71,71,97,97,116,135,164,177,177,254,254,266,285,285,299,299,299,314,314,314],"floor_reached":25,"language":"ENG","playtime":696,"items_purged":[],"score":428,"play_id":"fd9ffe28-0052-4389-aedf-3df87f471eec","local_time":"20210227111510","is_ascension_mode":true,"campfire_choices":[{"data":"Defragment","floor":7.0,"key":"SMITH"},{"data":"Zap","floor":10.0,"key":"SMITH"},{"data":"Lockon","floor":15.0,"key":"SMITH"},{"floor":23.0,"key":"REST"}],"circlet_count":0,"master_deck":["AscendersBane","Strike_B","Strike_B","Strike_B","Strike_B","Defend_B","Defend_B","Defend_B","Defend_B","Zap+1","Dualcast","Defragment+1","Steam","Cold Snap","Amplify","Lockon+1","Buffer","Hologram","Capacitor"],"relics":["Cracked Core","NeowsBlessing","Ornamental Fan","Ancient Tea Set","Anchor","Lantern","Sozu","Question Card"],"acts_visited":["Exordium","TheCity"],"potions_floor_usage":[],"damage_taken":[{"damage":0.0,"enemies":"Cultist","floor":1.0,"turns":1.0},{"damage":0.0,"enemies":"Jaw Worm","floor":5.0,"turns":1.0},{"damage":0.0,"enemies":"3 Sentries","floor":6.0,"turns":1.0},{"damage":0.0,"enemies":"2 Louse","floor":11.0,"turns":2.0},{"damage":0.0,"enemies":"2 Fungi Beasts","floor":12.0,"turns":3.0},{"damage":6.0,"enemies":"Lagavulin","floor":13.0,"turns":7.0},{"damage":0.0,"enemies":"Exordium Wildlife","floor":14.0,"turns":3.0},{"damage":22.0,"enemies":"Hexaghost","floor":16.0,"turns":10.0},{"damage":0.0,"enemies":"Chosen","floor":18.0,"turns":5.0},{"damage":13.0,"enemies":"Spheric Guardian","floor":19.0,"turns":4.0},{"damage":35.0,"enemies":"Centurion and Healer","floor":21.0,"turns":10.0},{"damage":30.0,"enemies":"Snake Plant","floor":24.0,"turns":5.0},{"damage":26,"enemies":"Chosen and Byrds","floor":25,"turns":4}],"seed_played":"-2119018933347060176","potions_obtained":[{"floor":5.0,"key":"GamblersBrew"},{"floor":12.0,"key":"EssenceOfSteel"}],"is_trial":false,"path_per_floor":["M","$","?","$","M","E","R","$","T","R","M","M","E","M","R","B",null,"M","M","T","M","?","R","M","M"],"character_chosen":"DEFECT","items_purchased":[],"campfire_rested":1,"item_purchase_floors":[],"current_hp_per_floor":[64,64,64,64,64,64,64,64,64,64,64,64,58,58,58,36,62,62,49,49,14,14,35,5,0,0],"gold":314,"neow_bonus":"THREE_ENEMY_KILL","is_daily":false,"chose_seed":false,"campfire_upgraded":3,"win_rate":0.0,"timestamp":1614442510,"path_taken":["M","?","?","$","?","E","R","$","T","R","M","M","E","M","R","BOSS","M","M","?","?","?","R","M","M"],"items_purchased_type":[],"build_version":"2020-12-22","purchased_purges":0,"victory":false,"max_hp_per_floor":[71,71,71,71,71,71,71,71,71,71,71,71,71,71,71,71,71,71,71,71,71,71,71,71,71,71],"card_choices":[{"not_picked":["Ball Lightning","Reinforced Body"],"picked":"Defragment","floor":1.0},{"not_picked":["Beam Cell","Barrage"],"picked":"Steam","floor":5.0},{"not_picked":["Aggregate","Undo"],"picked":"Cold Snap","floor":6.0},{"not_picked":["Turbo","Cold Snap","Rebound"],"picked":"SKIP","floor":11.0},{"not_picked":["Ball Lightning","Beam Cell"],"picked":"Amplify","floor":12.0},{"not_picked":["Leap","Ball Lightning"],"picked":"Lockon","floor":13.0},{"not_picked":["Leap","Ball Lightning","Beam Cell"],"picked":"SKIP","floor":14.0},{"not_picked":["Creative AI","Meteor Strike"],"picked":"Buffer","floor":16.0},{"not_picked":["Consume","Stack","Undo"],"picked":"SKIP","floor":18.0},{"not_picked":["Rebound","Ball Lightning","Stack"],"picked":"SKIP","floor":19.0},{"not_picked":["Gash","Barrage","Chaos"],"picked":"Hologram","floor":21.0},{"not_picked":["Auto Shields+1","Turbo+1","Gash"],"picked":"Capacitor","floor":24.0}],"player_experience":576047,"relics_obtained":[{"floor":6.0,"key":"Ancient Tea Set"},{"floor":9.0,"key":"Anchor"},{"floor":13.0,"key":"Lantern"},{"floor":20.0,"key":"Question Card"}],"event_choices":[{"damage_healed":0.0,"max_hp_gain":0.0,"max_hp_loss":0.0,"gold_gain":0.0,"event_name":"WeMeetAgain","player_choice":"Paid Gold","floor":3.0,"gold_loss":94.0,"damage_taken":0.0,"relics_obtained":["Ornamental Fan"]},{"damage_healed":0.0,"max_hp_gain":0.0,"max_hp_loss":0.0,"gold_gain":0.0,"event_name":"Ghosts","player_choice":"Ignored","floor":22.0,"gold_loss":0.0,"damage_taken":0.0}],"is_beta":false,"boss_relics":[{"not_picked":["Ectoplasm","Cursed Key"],"picked":"Sozu"}],"items_purged_floors":[],"is_endless":false,"potions_floor_spawned":[5,12,13,19,21,24],"killed_by":"Chosen and Byrds","ascension_level":16}}