{"host":"8rgpnls124hwjv5t","time":1614388185,"event":{"mods":["BaseMod","Downfall","Minty Spire (QoL Compilation)","Relic Stats","StSLib"],"gold_per_floor":[99,119,175,194,119,129,156,256,289,139,47,66,16,116,130,232,232,182,194,27,27,27,37,37,37,51,1,16,32,52,52,67,172,172,122,141,16,36,48,48,72,98,114,214,164,178,128,140,156,156],"floor_reached":51,"language":"ENG","playtime":5024,"items_purged":["Slimebound:Strike_Slimebound","Slimebound:Strike_Slimebound+1"],"score":731,"play_id":"ba93d6fd-176d-49ad-a4f9-294457ccb87c","local_time":"20210226200945","is_ascension_mode":false,"campfire_choices":[{"data":"Slimebound:CorrosiveSpit","floor":1,"key":"SMITH"},{"data":"Slimebound:LeadByExample","floor":10,"key":"SMITH"},{"data":"Slimebound:LevelUp","floor":13,"key":"SMITH"},{"data":"Slimebound:SlimeSlap","floor":18,"key":"SMITH"},{"data":"Slimebound:PressTheAttack","floor":25,"key":"SMITH"},{"data":"Slimebound:Gluttony","floor":27,"key":"SMITH"},{"data":"expansioncontent:StudyTheSpire","floor":35,"key":"SMITH"},{"data":"Slimebound:LeadByExample","floor":40,"key":"SMITH"},{"data":"J.A.X.","floor":45,"key":"SMITH"},{"data":"Slimebound:AcidTongue","floor":47,"key":"SMITH"}],"circlet_count":0,"master_deck":["Slimebound:Tackle+1","Slimebound:Defend_Slimebound+1","Slimebound:Defend_Slimebound+1","Slimebound:Defend_Slimebound","Slimebound:Split","Slimebound:CorrosiveSpit+1","Slimebound:LeadByExample+1","Slimebound:Gluttony+1","Slimebound:SplitBruiser","Slimebound:ItLooksTasty","Slimebound:FormOfPuddle","Slimebound:AcidTongue+1","Slimebound:SlimeBarrage+1","Slimebound:LevelUp+1","Slimebound:PressTheAttack+1","Slimebound:LivingWall","Slimebound:SlimeSlap+1","RitualDagger","Slimebound:LevelUp+1","Slimebound:FormOfPuddle+1","Slimebound:MegaLick+1","Slimebound:LivingWall","expansioncontent:StudyTheSpire+1","Slimebound:LeadByExample+1","Slimebound:MegaLick+1","J.A.X.+1","Slimebound:SlimeSpikes+1","Slimebound:MinionMaster","Slimebound:SlimeSpikes+1","Slimebound:Replication+1","Slimebound:SpikyOuterGoop+1","Slimebound:SplitMire","Slimebound:FirmFortitude","Slimebound:LeadByExample+1"],"relics":["Slimebound:AbsorbEndCombat","Thread and Needle","Slimebound:GreedOozeRelic","Whetstone","Toy Ornithopter","War Paint","downfall:HeartBlessingGreen","SlaversCollar","Membership Card","Bottled Lightning","Slimebound:AggressiveSlimeRelic","Slimebound:SelfDamagePreventRelic","Runic Pyramid","OrangePellets","Bag of Preparation","Incense Burner"],"acts_visited":["Exordium","TheCity","TheBeyond"],"potions_floor_usage":[3,3,8,8,9,14,14,26,28,33,33,42,49,50],"damage_taken":[{"damage":4,"enemies":"Jaw Worm","floor":2,"turns":4},{"damage":26,"enemies":"Lagavulin Event","floor":3,"turns":7},{"damage":0,"enemies":"2 Louse","floor":4,"turns":2},{"damage":0,"enemies":"Cultist","floor":6,"turns":3},{"damage":11,"enemies":"downfall:LadyInBlue","floor":8,"turns":8},{"damage":5,"enemies":"Gremlin Nob","floor":9,"turns":3},{"damage":6,"enemies":"downfall:FleeingMerchant","floor":11,"turns":4},{"damage":0,"enemies":"Large Slime","floor":12,"turns":4},{"damage":50,"enemies":"downfall:Heads","floor":14,"turns":5},{"damage":0,"enemies":"2 Fungi Beasts","floor":15,"turns":3},{"damage":0,"enemies":"SI_SHIV_ARCHETYPE","floor":16,"turns":5},{"damage":10,"enemies":"Shell Parasite","floor":19,"turns":4},{"damage":0,"enemies":"downfall:FleeingMerchant","floor":20,"turns":4},{"damage":6,"enemies":"Spheric Guardian","floor":23,"turns":3},{"damage":17,"enemies":"Snake Plant","floor":26,"turns":3},{"damage":15,"enemies":"Shelled Parasite and Fungi","floor":28,"turns":3},{"damage":0,"enemies":"downfall:FleeingMerchant","floor":29,"turns":2},{"damage":30,"enemies":"Cultist and Chosen","floor":30,"turns":5},{"damage":11,"enemies":"Snake Plant","floor":32,"turns":2},{"damage":25,"enemies":"IC_MUSHROOM_ARCHETYPE","floor":33,"turns":6},{"damage":3,"enemies":"3 Darklings","floor":36,"turns":5},{"damage":5,"enemies":"Orb Walker","floor":38,"turns":3},{"damage":3,"enemies":"Maw","floor":39,"turns":5},{"damage":13,"enemies":"Nemesis","floor":42,"turns":5},{"damage":11,"enemies":"Jaw Worm Horde","floor":43,"turns":6},{"damage":13,"enemies":"3 Darklings","floor":46,"turns":4},{"damage":1,"enemies":"Sphere and 2 Shapes","floor":48,"turns":5},{"damage":2,"enemies":"Jaw Worm Horde","floor":49,"turns":4},{"damage":8,"enemies":"WA_ARCHETYPE_DIVINITY","floor":50,"turns":8}],"seed_played":"-2970936688738722513","potions_obtained":[{"floor":2,"key":"EntropicBrew"},{"floor":4,"key":"DuplicationPotion"},{"floor":8,"key":"BlessingOfTheForge"},{"floor":8,"key":"SneckoOil"},{"floor":14,"key":"Explosive Potion"},{"floor":15,"key":"Strength Potion"},{"floor":23,"key":"PowerPotion"},{"floor":26,"key":"Weak Potion"},{"floor":28,"key":"sneckomod:MuddlingPotion"},{"floor":33,"key":"Block Potion"},{"floor":38,"key":"Weak Potion"},{"floor":42,"key":"Slimebound:SlimyTonguePotion"},{"floor":46,"key":"LiquidMemories"}],"is_trial":false,"path_per_floor":["R","M","?","M","?","M","T","?","E","R","$","M","R","?","M","B",null,"R","M","$","?","?","M","T","R","M","R","M","$","M","?","M","B",null,"R","M","$","M","M","R","T","E","M","?","R","M","R","M","M","B",null],"character_chosen":"SLIMEBOUND","items_purchased":["Slimebound:SlimeBarrage","Membership Card","Slimebound:AggressiveSlimeRelic","expansioncontent:StudyTheSpire","Slimebound:SelfDamagePreventRelic","Slimebound:LeadByExample","OrangePellets"],"campfire_rested":0,"item_purchase_floors":[11,20,29,29,29,29,37],"current_hp_per_floor":[71,69,51,55,55,57,57,54,60,60,62,66,66,48,54,62,71,71,62,70,64,64,58,58,58,52,52,46,52,26,26,19,12,71,71,71,71,68,71,71,71,64,61,61,61,52,52,57,66,66],"gold":156,"neow_bonus":"TEN_PERCENT_HP_BONUS","is_daily":false,"chose_seed":false,"campfire_upgraded":10,"win_rate":0.0,"timestamp":1614388185,"path_taken":["R","M","?","M","?","M","T","?","E","R","$","?","R","?","M","BOSS","R","M","$","?","?","M","T","R","M","R","M","$","?","?","M","BOSS","R","M","$","M","M","R","T","E","M","?","R","M","R","?","M","BOSS"],"items_purchased_type":["Card","Relic","Relic","Card","Relic","Card","Relic"],"build_version":"2020-12-22","purchased_purges":2,"victory":true,"max_hp_per_floor":[71,71,71,71,71,71,71,71,71,71,71,71,71,71,71,71,71,71,71,71,71,71,71,71,71,71,71,71,71,71,71,71,71,71,71,71,71,71,71,71,71,71,71,71,71,71,71,71,71,71],"relic_stats":{"OrangePellets":[4],"counters":[29,124],"Bag of Preparation":[12],"Whetstone":["Slimebound:Tackle","Slimebound:Strike_Slimebound"],"War Paint":["Slimebound:Defend_Slimebound","Slimebound:Defend_Slimebound"],"obtain_stats":[{"Slimebound:AggressiveSlimeRelic":29,"Slimebound:SelfDamagePreventRelic":29,"Thread and Needle":3,"downfall:HeartBlessingGreen":10,"Bag of Preparation":41,"Incense Burner":42,"Whetstone":7,"War Paint":9,"Slimebound:GreedOozeRelic":5,"SlaversCollar":17,"OrangePellets":37,"Slimebound:AbsorbEndCombat":0,"Membership Card":20,"Bottled Lightning":24,"Toy Ornithopter":8,"Runic Pyramid":34},{"Slimebound:AggressiveSlimeRelic":17,"Slimebound:SelfDamagePreventRelic":17,"Thread and Needle":2,"downfall:HeartBlessingGreen":6,"Bag of Preparation":23,"Incense Burner":24,"Whetstone":4,"War Paint":6,"Slimebound:GreedOozeRelic":3,"SlaversCollar":11,"OrangePellets":21,"Slimebound:AbsorbEndCombat":0,"Membership Card":13,"Bottled Lightning":14,"Toy Ornithopter":5,"Runic Pyramid":20},{"Slimebound:AggressiveSlimeRelic":67,"Slimebound:SelfDamagePreventRelic":67,"Thread and Needle":11,"downfall:HeartBlessingGreen":27,"Bag of Preparation":92,"Incense Burner":97,"Whetstone":16,"War Paint":27,"Slimebound:GreedOozeRelic":13,"SlaversCollar":48,"OrangePellets":84,"Slimebound:AbsorbEndCombat":0,"Membership Card":56,"Bottled Lightning":59,"Toy Ornithopter":24,"Runic Pyramid":79}],"Toy Ornithopter":45},"card_choices":[{"not_picked":["Slimebound:SpikyOuterGoop","Slimebound:GoopSpray"],"picked":"Slimebound:LeadByExample","floor":2},{"not_picked":["Slimebound:PressTheAttack","Slimebound:HauntingLick"],"picked":"Slimebound:Gluttony","floor":3},{"not_picked":["Slimebound:GoopTackle","Slimebound:SamplingLick"],"picked":"Slimebound:SplitBruiser","floor":4},{"not_picked":["Slimebound:FlameTackle","Slimebound:DisruptingSlam"],"picked":"Slimebound:ItLooksTasty","floor":6},{"not_picked":["Slimebound:SlimeBrawl","Slimebound:SlimeSpikes"],"picked":"Slimebound:FormOfPuddle","floor":9},{"not_picked":["Slimebound:RollThrough","Slimebound:Replication"],"picked":"Slimebound:AcidTongue","floor":11},{"not_picked":["Slimebound:SplitLeeching","Slimebound:Grow"],"picked":"Slimebound:LevelUp","floor":12},{"not_picked":["Slimebound:SpikyOuterGoop","Slimebound:GoopTackle"],"picked":"Slimebound:LivingWall","floor":15},{"not_picked":["Slimebound:PrepareCrush","Slimebound:FirmFortitude"],"picked":"Slimebound:SlimeSlap","floor":16},{"not_picked":["Slimebound:SlimeSpikes","Slimebound:Nibble","Slimebound:ComboTackle"],"picked":"SKIP","floor":19},{"not_picked":["Slimebound:SlimeSpikes","Slimebound:ItLooksTasty","Slimebound:OneTwoCombo"],"picked":"SKIP","floor":20},{"not_picked":["Slimebound:GoopTackle+1","Slimebound:FinishingTackle+1"],"picked":"Slimebound:FormOfPuddle+1","floor":23},{"not_picked":["Slimebound:Schlurp","Slimebound:Prepare","Slimebound:ItLooksTasty"],"picked":"SKIP","floor":26},{"not_picked":["Slimebound:Replication","Slimebound:PressTheAttack"],"picked":"Slimebound:MegaLick+1","floor":28},{"not_picked":["Slimebound:SlimeSpikes","Slimebound:Gluttony+1"],"picked":"Slimebound:LivingWall","floor":29},{"not_picked":["Slimebound:GoopTackle+1","Slimebound:SlimeBarrage"],"picked":"Slimebound:MegaLick+1","floor":30},{"not_picked":["Slimebound:Dissolve","Slimebound:SplitAcid"],"picked":"Slimebound:SlimeSpikes+1","floor":32},{"not_picked":["Slimebound:OozeBath","Slimebound:LeechLife"],"picked":"Slimebound:MinionMaster","floor":33},{"not_picked":["Slimebound:LivingWall+1","Slimebound:Schlurp+1"],"picked":"Slimebound:SlimeSpikes+1","floor":36},{"not_picked":["Slimebound:GoopTackle+1","Slimebound:RollThrough"],"picked":"Slimebound:Replication+1","floor":38},{"not_picked":["Slimebound:LeechEnergy+1","Slimebound:FinishingTackle"],"picked":"Slimebound:SpikyOuterGoop+1","floor":39},{"not_picked":["Slimebound:MegaLick","Slimebound:LivingWall","Slimebound:SlimeSpikes"],"picked":"SKIP","floor":42},{"not_picked":["Slimebound:ViciousTackle+1","Slimebound:ItLooksTasty+1","Slimebound:GoopSpray"],"picked":"SKIP","floor":43},{"not_picked":["Slimebound:SplitBruiser","Slimebound:Grow+1"],"picked":"Slimebound:SplitMire","floor":46},{"not_picked":["Slimebound:Chomp","Slimebound:SplitBruiser"],"picked":"Slimebound:FirmFortitude","floor":48},{"not_picked":["Slimebound:LeechingTouch","Slimebound:Chomp"],"picked":"Slimebound:LeadByExample+1","floor":49}],"player_experience":671666,"relics_obtained":[{"floor":3,"key":"Thread and Needle"},{"floor":7,"key":"Whetstone"},{"floor":8,"key":"Toy Ornithopter"},{"floor":9,"key":"War Paint"},{"floor":24,"key":"Bottled Lightning"},{"floor":41,"key":"Bag of Preparation"},{"floor":42,"key":"Incense Burner"}],"event_choices":[{"damage_healed":0,"gold_gain":0,"player_choice":"Obtain J.A.X.","damage_taken":0,"max_hp_gain":0,"max_hp_loss":0,"event_name":"Drug Dealer","floor":31,"gold_loss":0,"cards_obtained":["J.A.X."]}],"is_beta":false,"boss_relics":[{"not_picked":["Coffee Dripper","SacredBark"],"picked":"SlaversCollar"},{"not_picked":["Snecko Eye","Sozu"],"picked":"Runic Pyramid"}],"items_purged_floors":[29,37],"is_endless":false,"potions_floor_spawned":[2,4,6,14,15,23,26,28,33,38,42,46,48],"ascension_level":0}}