{"host":"1xo5g347e5o4auts","time":1614429201,"event":{"mods":["BaseMod","Minty Spire (QoL Compilation)","Permanent Neow","StSLib"],"gold_per_floor":[119,133,133,145,155,187,187,202,276,306,356,391,401,420,420,491,491,510,510,470,485,501,536,552,586,610,610,55,72,100,100,100,174,174,186,196,196,216,216,216],"floor_reached":39,"language":"ENG","playtime":1900,"items_purged":["Defend_P"],"score":980,"play_id":"fb9e05ab-a0c7-4308-981a-9184d63b4125","local_time":"20210227143321","is_ascension_mode":true,"campfire_choices":[{"data":"BowlingBash","floor":7.0,"key":"SMITH"},{"data":"TalkToTheHand","floor":15.0,"key":"SMITH"},{"data":"TalkToTheHand","floor":27.0,"key":"SMITH"},{"data":"WaveOfTheHand","floor":32.0,"key":"SMITH"}],"circlet_count":0,"master_deck":["AscendersBane","Defend_P","Defend_P","Defend_P","Eruption","Vigilance","SashWhip+1","BowlingBash+1","BattleHymn","TalkToTheHand+1","ClearTheMind+1","EmptyFist+1","FearNoEvil","FlurryOfBlows+1","Conclude","Wireheading+1","LikeWater+1","Meditate","MentalFortress+1","DeusExMachina","Weave+1","Bite","Bite+1","Bite","Bite","Bite","Adaptation+1","TalkToTheHand+1","Wallop","Halt","Wireheading+1","Nirvana+1","LessonLearned+1","SpiritShield","Wallop","Tantrum+1","WaveOfTheHand+1","Blasphemy","FlurryOfBlows","Panache+1","Thinking Ahead","Adaptation+1"],"relics":["PureWater","Prayer Wheel","Eternal Feather","Frozen Egg 2","Ginger","Strawberry","Runic Pyramid","Oddly Smooth Stone","Happy Flower","Whetstone","VioletLotus"],"acts_visited":["Exordium","TheCity","TheBeyond"],"potions_floor_usage":[36,38],"damage_taken":[{"damage":0.0,"enemies":"Small Slimes","floor":1.0,"turns":3.0},{"damage":4.0,"enemies":"Jaw Worm","floor":2.0,"turns":8.0},{"damage":0.0,"enemies":"Cultist","floor":4.0,"turns":2.0},{"damage":7.0,"enemies":"Blue Slaver","floor":5.0,"turns":5.0},{"damage":8.0,"enemies":"Lagavulin","floor":6.0,"turns":7.0},{"damage":5.0,"enemies":"Looter","floor":8.0,"turns":3.0},{"damage":2.0,"enemies":"Gremlin Nob","floor":10.0,"turns":3.0},{"damage":30.0,"enemies":"Lagavulin","floor":12.0,"turns":6.0},{"damage":6.0,"enemies":"Exordium Thugs","floor":13.0,"turns":3.0},{"damage":0.0,"enemies":"Exordium Wildlife","floor":14.0,"turns":1.0},{"damage":4.0,"enemies":"The Guardian","floor":16.0,"turns":11.0},{"damage":0.0,"enemies":"3 Byrds","floor":18.0,"turns":7.0},{"damage":9.0,"enemies":"Spheric Guardian","floor":21.0,"turns":4.0},{"damage":10.0,"enemies":"Cultist and Chosen","floor":22.0,"turns":4.0},{"damage":39.0,"enemies":"Slavers","floor":23.0,"turns":5.0},{"damage":9.0,"enemies":"Chosen and Byrds","floor":24.0,"turns":5.0},{"damage":37.0,"enemies":"Book of Stabbing","floor":25.0,"turns":6.0},{"damage":9.0,"enemies":"3 Cultists","floor":29.0,"turns":6.0},{"damage":28.0,"enemies":"Slavers","floor":30.0,"turns":4.0},{"damage":24.0,"enemies":"Champ","floor":33.0,"turns":11.0},{"damage":19,"enemies":"3 Darklings","floor":35,"turns":14},{"damage":12,"enemies":"3 Shapes","floor":36,"turns":4},{"damage":0,"enemies":"Maw","floor":38,"turns":9},{"damage":50,"enemies":"2 Orb Walkers","floor":39,"turns":3}],"seed_played":"-8272679932906771248","potions_obtained":[{"floor":2.0,"key":"GamblersBrew"},{"floor":4.0,"key":"Swift Potion"},{"floor":10.0,"key":"SteroidPotion"},{"floor":18.0,"key":"Regen Potion"},{"floor":20.0,"key":"FairyPotion"},{"floor":20.0,"key":"Swift Potion"},{"floor":24.0,"key":"Regen Potion"},{"floor":30.0,"key":"Fire Potion"},{"floor":35,"key":"Weak Potion"},{"floor":36,"key":"LiquidMemories"}],"is_trial":false,"path_per_floor":["M","M","?","M","M","E","R","M","T","E","?","E","M","M","R","B",null,"M","?","?","M","M","E","M","E","T","R","$","M","E","?","R","B",null,"M","M","?","M","?"],"character_chosen":"WATCHER","items_purchased":["LessonLearned","SpiritShield","Energy Potion","Ambrosia"],"campfire_rested":0,"item_purchase_floors":[28,28,28,28],"current_hp_per_floor":[61,57,62,62,55,47,56,51,51,49,43,20,14,14,26,22,61,61,51,51,42,36,5,19,11,11,29,29,28,2,2,23,25,45,50,42,32,43,0,0],"gold":216,"neow_bonus":"ONE_RARE_RELIC","is_daily":false,"chose_seed":false,"campfire_upgraded":4,"win_rate":0.0,"timestamp":1614429201,"path_taken":["M","M","?","M","M","E","R","M","T","E","?","E","M","?","R","BOSS","M","?","?","M","M","E","?","E","T","R","$","M","E","?","R","BOSS","M","M","?","M","?"],"items_purchased_type":["Card","Card","Potion","Potion"],"build_version":"2020-12-22","purchased_purges":1,"victory":false,"max_hp_per_floor":[62,62,67,67,67,67,67,67,67,67,67,74,74,74,74,74,74,74,51,51,51,51,51,51,51,51,51,51,51,51,51,51,51,51,51,51,51,51,51,51],"card_choices":[{"not_picked":["Crescendo","EmptyBody"],"picked":"SashWhip","floor":1.0},{"not_picked":["Worship","ThirdEye"],"picked":"BowlingBash","floor":1.0},{"not_picked":["FollowUp","Evaluate"],"picked":"BattleHymn","floor":2.0},{"not_picked":["ForeignInfluence","ConjureBlade","SashWhip"],"picked":"SKIP","floor":2.0},{"not_picked":["EmptyBody","Wallop"],"picked":"TalkToTheHand","floor":4.0},{"not_picked":["ReachHeaven","CrushJoints","WreathOfFlame"],"picked":"SKIP","floor":4.0},{"not_picked":["Halt","EmptyBody"],"picked":"ClearTheMind","floor":5.0},{"not_picked":["Perseverance","FollowUp"],"picked":"EmptyFist","floor":5.0},{"not_picked":["Evaluate","BowlingBash","Alpha"],"picked":"SKIP","floor":6.0},{"not_picked":["LikeWater","WreathOfFlame"],"picked":"FearNoEvil","floor":8.0},{"not_picked":["FollowUp","ForeignInfluence"],"picked":"FlurryOfBlows","floor":8.0},{"not_picked":["Crescendo","ReachHeaven"],"picked":"Conclude","floor":10.0},{"not_picked":["BowlingBash","Consecrate"],"picked":"Wireheading+1","floor":12.0},{"not_picked":["Crescendo","Protect"],"picked":"LikeWater+1","floor":13.0},{"not_picked":["ThirdEye","FollowUp","Halt"],"picked":"SKIP","floor":13.0},{"not_picked":["Indignation","Halt"],"picked":"Meditate","floor":14.0},{"not_picked":["Sanctity","Protect"],"picked":"MentalFortress+1","floor":14.0},{"not_picked":["Judgement","Ragnarok"],"picked":"DeusExMachina","floor":16.0},{"not_picked":["EmptyBody","FearNoEvil"],"picked":"Weave","floor":18.0},{"not_picked":["Prostrate","Crescendo","SashWhip+1"],"picked":"SKIP","floor":18.0},{"not_picked":["BattleHymn+1","CrushJoints"],"picked":"Adaptation+1","floor":21.0},{"not_picked":["Ragnarok","PathToVictory","Worship"],"picked":"SKIP","floor":21.0},{"not_picked":["ClearTheMind","PathToVictory"],"picked":"TalkToTheHand","floor":22.0},{"not_picked":["Perseverance+1","CrushJoints"],"picked":"Wallop","floor":22.0},{"not_picked":["ThirdEye","Prostrate","BowlingBash"],"picked":"SKIP","floor":23.0},{"not_picked":["ForeignInfluence","ReachHeaven"],"picked":"Halt","floor":24.0},{"not_picked":["EmptyFist","CarveReality"],"picked":"Wireheading+1","floor":24.0},{"not_picked":["BattleHymn+1","EmptyBody"],"picked":"Nirvana+1","floor":25.0},{"not_picked":["FlyingSleeves+1","Sanctity"],"picked":"Wallop","floor":29.0},{"not_picked":["Crescendo","FollowUp"],"picked":"Tantrum","floor":29.0},{"not_picked":["SignatureMove","Conclude","EmptyMind+1"],"picked":"SKIP","floor":30.0},{"not_picked":["Devotion+1","Wish"],"picked":"Blasphemy","floor":33.0},{"not_picked":["Protect","Sanctity+1"],"picked":"FlurryOfBlows","floor":35},{"not_picked":["SashWhip","Sanctity+1","Evaluate+1"],"picked":"SKIP","floor":35},{"not_picked":["FlyingSleeves+1","Swivel","WheelKick"],"picked":"SKIP","floor":36},{"not_picked":["BowlingBash","SignatureMove","Collect"],"picked":"SKIP","floor":36},{"not_picked":["Jack Of All Trades","Enlightenment"],"picked":"Panache+1","floor":37},{"not_picked":["PanicButton","Bandage Up"],"picked":"Thinking Ahead","floor":37},{"not_picked":["EmptyMind","ClearTheMind"],"picked":"Adaptation+1","floor":38},{"not_picked":["BowlingBash","FlyingSleeves","EmptyFist"],"picked":"SKIP","floor":38}],"player_experience":1520897,"relics_obtained":[{"floor":6.0,"key":"Eternal Feather"},{"floor":9.0,"key":"Frozen Egg 2"},{"floor":10.0,"key":"Ginger"},{"floor":12.0,"key":"Strawberry"},{"floor":23.0,"key":"Oddly Smooth Stone"},{"floor":25.0,"key":"Happy Flower"},{"floor":30.0,"key":"Whetstone"}],"event_choices":[{"damage_healed":0.0,"max_hp_gain":5.0,"max_hp_loss":0.0,"gold_gain":0.0,"event_name":"Big Fish","player_choice":"Donut","floor":3.0,"gold_loss":0.0,"damage_taken":0.0},{"damage_healed":0.0,"max_hp_gain":0.0,"max_hp_loss":0.0,"gold_gain":50.0,"event_name":"FaceTrader","player_choice":"Touch","floor":11.0,"gold_loss":0.0,"damage_taken":6.0},{"damage_healed":0.0,"max_hp_gain":0.0,"max_hp_loss":23.0,"gold_gain":0.0,"event_name":"Vampires","player_choice":"Became a vampire","floor":19.0,"gold_loss":0.0,"damage_taken":0.0,"cards_obtained":["Bite","Bite","Bite","Bite","Bite"]},{"damage_healed":0.0,"max_hp_gain":0.0,"max_hp_loss":0.0,"gold_gain":0.0,"event_name":"The Woman in Blue","player_choice":"Bought 3 Potions","floor":20.0,"gold_loss":0.0,"damage_taken":0.0},{"damage_healed":0.0,"max_hp_gain":0.0,"max_hp_loss":0.0,"gold_gain":0.0,"event_name":"The Library","player_choice":"Read","floor":31.0,"gold_loss":0.0,"damage_taken":0.0,"cards_obtained":["WaveOfTheHand"]},{"damage_healed":0,"gold_gain":0,"player_choice":"Memory 3","damage_taken":10,"max_hp_gain":0,"max_hp_loss":0,"event_name":"SensoryStone","floor":37,"gold_loss":0},{"damage_healed":0,"gold_gain":0,"player_choice":"Fight","damage_taken":0,"max_hp_gain":0,"max_hp_loss":0,"event_name":"Mysterious Sphere","floor":39,"gold_loss":0}],"is_beta":false,"boss_relics":[{"not_picked":["Cursed Key","SlaversCollar"],"picked":"Runic Pyramid"},{"not_picked":["Snecko Eye","Sozu"],"picked":"VioletLotus"}],"items_purged_floors":[28],"is_endless":false,"potions_floor_spawned":[2,4,6,10,13,18,23,24,30,35,36],"killed_by":"2 Orb Walkers","ascension_level":20}}