{"host":"ju66gn9zov5ov15o","time":1614417728,"event":{"mods":["100% Spire Juice","2.2 Compatiblity","Act Like it!","Aspiration","BaseMod","Conspire","Downfall","GifTheSpireLib","Hubris","Library of Ruina","Library of Ruina Extra","Lobotomy","LobotomyExtend","Marisa????????","Minty Spire (QoL Compilation)","Pale of the Ancients","Rare Cards Sparkle","Relic Stats","Replay The Spire","Ruina","Shapeshifter Mod","StSLib","The Alterego","The Animator"],"gold_per_floor":[118,135,156,6,86,112,124,124,124,136,136,136,136,168,168,270,270,283,283,283,297,151,178,194,194,220,220,105,105,105,115,115,115,115],"floor_reached":33,"language":"ENG","playtime":2856,"items_purged":["LightAttack"],"score":271,"play_id":"7b782b20-251b-467f-b6d0-09c461077528","local_time":"20210227102208","is_ascension_mode":false,"campfire_choices":[{"data":"ChargeAndCover","floor":11,"key":"SMITH"},{"data":"SharpSwipe","floor":13,"key":"SMITH"},{"data":"KeepItFresh","floor":15,"key":"SMITH"},{"data":"SunsetBlade","floor":29,"key":"SMITH"},{"floor":32,"key":"REST"}],"circlet_count":0,"master_deck":["Dodge","LightDefense","LightAttack","LightAttack","LightDefense","LightDefense","LightDefense","ChargeAndCover+1","FocusedStrikes","PreparedMind","KeepItFresh+1","Tttonst","TendonChords","WillBeTasty","MultiBlock","EnergyShield","SharpSwipe+1","FleetFootsteps+1","Commandeering+1","Reload+1","ruina:Lumber","SparkingSpear","SunsetBlade+1","DarkCloud","Writhe","AlloutWar+1","Unlock1","PreemptiveStrike","EmotionalTurbulence"],"relics":["PageOfLibrarian","WingedGreaves","PageOfUniverseFragment","Blue Doll","Toxic Egg 2","Shuriken","ReplayTheSpireMod:DimensionalGlitch","PageOfSpiderBud","PageOfPorccubus","ruina:Goodbye","aspiration:HiddenCompartment"],"acts_visited":["Exordium","ruina:Briah"],"potions_floor_usage":[6,16,16,24],"damage_taken":[{"damage":0,"enemies":"Jaw Worm","floor":1,"turns":7},{"damage":0,"enemies":"2 Louse","floor":2,"turns":3},{"damage":27,"enemies":"Gremlin Nob","floor":6,"turns":6},{"damage":6,"enemies":"conspire:RoseBush","floor":7,"turns":4},{"damage":8,"enemies":"Large Slime","floor":10,"turns":7},{"damage":7,"enemies":"3 Sentries","floor":14,"turns":9},{"damage":16,"enemies":"Fading Forest","floor":16,"turns":11},{"damage":28,"enemies":"ruina:3_Bats","floor":18,"turns":6},{"damage":8,"enemies":"ruina:2_Scarecrows","floor":21,"turns":6},{"damage":43,"enemies":"ruina:RoadHome","floor":23,"turns":7},{"damage":0,"enemies":"ruina:KingOfGreed","floor":24,"turns":6},{"damage":0,"enemies":"ruina:QueenOfHate","floor":31,"turns":3},{"damage":79,"enemies":"ruina:Red_and_Wolf","floor":33,"turns":10}],"seed_played":"6852708313455228337","potions_obtained":[{"floor":1,"key":"SteroidPotion"},{"floor":2,"key":"Adrenaline Potion"},{"floor":6,"key":"Adrenaline Potion"},{"floor":10,"key":"Toxic Potion"},{"floor":18,"key":"Block Potion"},{"floor":21,"key":"Cursed Concoction"},{"floor":31,"key":"SteroidPotion"}],"is_trial":false,"path_per_floor":["M","M","?","$","?","E","M","?","T","M","R","T","R","E","R","B",null,"M","?","?","M","$","E","M","?","T","?","$","R","?","M","R","B"],"character_chosen":"Librarian","items_purchased":["WillBeTasty","PageOfSpiderBud","AlloutWar+1","Unlock1","PreemptiveStrike"],"campfire_rested":1,"item_purchase_floors":[4,22,28,28,28],"current_hp_per_floor":[60,60,35,35,35,24,25,25,25,27,27,27,27,30,30,50,74,55,55,61,57,57,27,36,36,36,36,36,36,36,40,61,0,0],"gold":115,"neow_bonus":"THREE_CARDS","is_daily":false,"chose_seed":false,"campfire_upgraded":4,"win_rate":0.0,"timestamp":1614417728,"path_taken":["M","M","?","?","?","E","M","?","T","?","R","?","R","E","R","BOSS","M","?","?","M","$","E","?","?","T","?","?","R","?","?","R","BOSS"],"items_purchased_type":["Card","Relic","Card","Card","Card"],"build_version":"2020-12-22","purchased_purges":1,"victory":false,"max_hp_per_floor":[67,63,63,63,63,63,62,62,62,70,70,70,70,63,63,74,74,67,62,62,72,72,58,72,72,72,72,72,69,69,73,73,73,73],"relic_stats":{"counters":[13,85],"Shuriken":[15],"obtain_stats":[{"PageOfLibrarian":0,"Frozen Eye":21,"Shuriken":14,"ruina:Goodbye":25,"Blue Doll":9,"WingedGreaves":3,"PageOfPorccubus":23,"Toxic Egg 2":12,"ReplayTheSpireMod:DimensionalGlitch":17,"aspiration:HiddenCompartment":26,"PageOfUniverseFragment":6,"PageOfSpiderBud":22},{"PageOfLibrarian":0,"Frozen Eye":8,"Shuriken":6,"ruina:Goodbye":11,"Blue Doll":4,"WingedGreaves":2,"PageOfPorccubus":10,"Toxic Egg 2":5,"ReplayTheSpireMod:DimensionalGlitch":7,"aspiration:HiddenCompartment":11,"PageOfUniverseFragment":3,"PageOfSpiderBud":9},{"PageOfLibrarian":0,"Frozen Eye":53,"Shuriken":36,"ruina:Goodbye":72,"Blue Doll":20,"WingedGreaves":10,"PageOfPorccubus":66,"Toxic Egg 2":27,"ReplayTheSpireMod:DimensionalGlitch":47,"aspiration:HiddenCompartment":72,"PageOfUniverseFragment":16,"PageOfSpiderBud":59}]},"card_choices":[{"not_picked":["SnakesPrey","JiaoTu"],"picked":"PreparedMind","floor":0},{"not_picked":["Reload","DevastatingThrash","UpbeatPerformance","Slice_lor","CombatPreparation","ClassAndRespect","DestructiveImpact","EndlessBattle"],"picked":"KeepItFresh","floor":1},{"not_picked":["HiddenBlade","SerpentSwordTechnique","GreatSerpentsImpact","BiXi","BlowItUp","MultiBlock","Wallop_lor","Lock"],"picked":"Tttonst","floor":2},{"not_picked":["Leap_lor","Reload","UnavoidableGaze","Multislash","StructuralAnalysis","GrazeTheGrass","AsThePrescriptOrders","EnergyCycle"],"picked":"TendonChords","floor":3},{"not_picked":["InhaleSmoke","CircusKnives","FieryDragonSlash","GrazeTheGrass","BlindFaith","ViolentFlame","FaintMemories","SerpentSwordTechnique"],"picked":"MultiBlock","floor":6},{"not_picked":["StructuralAnalysis","UncannyStrike","SpearedSweep","HiddenBlade","NonstopAssault","BackstreetsDash","Wallop_lor","Faith"],"picked":"EnergyShield","floor":7},{"not_picked":["GuardingStance","SerpentSwordTechnique","WillBeTasty","Faith","TendonChords","FrontalAssault","PreparedMind","Duel_lor"],"picked":"SharpSwipe","floor":10},{"not_picked":["HiddenBlade","UnavoidableGaze+1","ForcefulGesture","Parry","Gamble","ShrineToMusic","Leap_lor","Transpierce"],"picked":"FleetFootsteps+1","floor":14},{"not_picked":["Disposal","FlamingDragonFist"],"picked":"Commandeering+1","floor":16},{"not_picked":["EnergyShield+1","UnavoidableGaze+1","AsThePrescriptOrders+1","Parry2+1","DefenseOrder+1","SharpNails+1","Parry+1","Outburst"],"picked":"Reload+1","floor":18},{"not_picked":["ruina:CrimsonScar+1","ruina:Thirst+1","ruina:LoveAndHate","ruina:CobaltScar","ruina:BlindRage","ruina:HomingInstinct","ruina:Harvest","ruina:Mimicry"],"picked":"ruina:Lumber","floor":19},{"not_picked":["FrontalAssault+1","FleetFootsteps+1","HardRehearsal","FocusFire+1","SharpenedBlade","FlowOfTheSword+1","GrazeTheGrass","SetFire"],"picked":"SparkingSpear","floor":21},{"not_picked":["StartinOutLightly+1","HighKick","Brawl","HiddenBlade","LoosenUp+1","WrathOfTorment","Multislash+1","Pound"],"picked":"SunsetBlade","floor":23},{"not_picked":["EnergyCycle+1","FierceCharge+1","Faith+1","EndlessBattle","Multislash","BackAttack+1","Struggle+1","Brawl"],"picked":"DarkCloud","floor":24},{"not_picked":["DarkCloud","EnergyCycle","DefenseOrder+1","Crush","EndlessBattle","Multislash","HiddenBlade+1","CoordinatedAssault+1"],"picked":"EmotionalTurbulence","floor":31}],"player_experience":532476,"relics_obtained":[{"floor":3,"key":"WingedGreaves"},{"floor":6,"key":"PageOfUniverseFragment"},{"floor":9,"key":"Blue Doll"},{"floor":12,"key":"Toxic Egg 2"},{"floor":14,"key":"Shuriken"},{"floor":23,"key":"PageOfPorccubus"},{"floor":26,"key":"aspiration:HiddenCompartment"}],"event_choices":[{"damage_healed":0,"gold_gain":80,"player_choice":"Gained Gold","damage_taken":0,"max_hp_gain":0,"max_hp_loss":0,"event_name":"Golden Wing","floor":5,"gold_loss":0},{"damage_healed":0,"gold_gain":0,"player_choice":"Leave","damage_taken":0,"max_hp_gain":0,"max_hp_loss":0,"event_name":"conspire:Investor","floor":30,"gold_loss":0}],"is_beta":false,"boss_relics":[{"not_picked":["aspiration:MarisaSkillbook","Honey Jar"],"picked":"ReplayTheSpireMod:DimensionalGlitch"}],"items_purged_floors":[4],"is_endless":false,"potions_floor_spawned":[1,2,6,10,18,21,31],"killed_by":"ruina:Red_and_Wolf","ascension_level":0}}