{"host":"kzw87w9fb0mudblt","time":1614442022,"event":{"mods":["BaseMod","Colored Map","Minty Spire (QoL Compilation)","Replay The Spire","StSLib","SuperFastMode"],"gold_per_floor":[119,132,145,156,156,183,183,209,209,209,236,236,254,254,272,73,73,178,178,197,216,101,113,113,113,54,54,54],"floor_reached":27,"language":"ENG","playtime":2361,"items_purged":[],"score":234,"play_id":"6e408e4e-f51f-4290-b711-4161988de482","local_time":"20210227170702","is_ascension_mode":true,"campfire_choices":[{"floor":7,"key":"REST"},{"floor":14,"key":"REST"},{"floor":17,"key":"REST"},{"floor":25,"key":"REST"}],"circlet_count":0,"master_deck":["Strike_G+1","Strike_G+1","Defend_G","Defend_G","Defend_G","Defend_G","Survivor","Neutralize","Dash","Finisher","ReplayTheSpireMod:Speed Training","Acrobatics","Burst","ReplayTheSpireMod:Shiv Toss","Blade Dance","Envenom","Tactician+1","Replay:Poison Smokescreen+1","Acrobatics+1","Underhanded Strike+1","Terror","Calculated Gamble+1","ReplayTheSpireMod:Scrap Shanks","Deflect+1","Replay:Parry+1"],"relics":["Ring of the Snake","NeowsBlessing","Bottled Lightning","Dream Catcher","Blue Doll","Astrolabe"],"acts_visited":["Exordium","TheCity"],"potions_floor_usage":[6,8,8,18,23],"damage_taken":[{"damage":0,"enemies":"Small Slimes","floor":1,"turns":1},{"damage":0,"enemies":"2 Louse","floor":2,"turns":1},{"damage":0,"enemies":"Jaw Worm","floor":3,"turns":1},{"damage":1,"enemies":"Red Slaver","floor":4,"turns":4},{"damage":16,"enemies":"Lagavulin","floor":6,"turns":10},{"damage":32,"enemies":"Gremlin Nob","floor":8,"turns":6},{"damage":0,"enemies":"Exordium Wildlife","floor":13,"turns":4},{"damage":10,"enemies":"Lots of Slimes","floor":15,"turns":6},{"damage":28,"enemies":"Slime Boss","floor":18,"turns":12},{"damage":41,"enemies":"Spheric Guardian","floor":20,"turns":9},{"damage":16,"enemies":"3 Byrds","floor":21,"turns":6},{"damage":10,"enemies":"Shelled Parasite and Fungi","floor":23,"turns":3},{"damage":26,"enemies":"Gremlin Leader","floor":27,"turns":2}],"seed_played":"7677039322433483913","potions_obtained":[{"floor":1,"key":"ColorlessPotion"},{"floor":4,"key":"Fire Potion"},{"floor":6,"key":"SkillPotion"},{"floor":13,"key":"Milkshake"},{"floor":15,"key":"Reflective Coating"}],"is_trial":false,"path_per_floor":["M","M","M","M","?","E","R","E","PTL","PTL","T","?","M","R","M","$","R_BF","B",null,"M","M","$","M","?","R","$","E"],"character_chosen":"THE_SILENT","items_purchased":["Blade Dance","Blue Doll","Calculated Gamble+1","ReplayTheSpireMod:Scrap Shanks","Replay:Parry+1"],"campfire_rested":4,"item_purchase_floors":[16,16,22,22,26],"current_hp_per_floor":[70,70,70,69,55,39,60,28,28,28,28,28,28,49,39,39,60,32,70,29,13,13,3,3,24,24,0,0],"gold":54,"neow_bonus":"THREE_ENEMY_KILL","is_daily":false,"chose_seed":false,"campfire_upgraded":0,"win_rate":0.0,"timestamp":1614442022,"path_taken":["M","M","M","M","?","E","R","E","PTL","PTL","T","?","M","R","M","?","R_BF","BOSS","M","M","?","M","?","R","$","E"],"items_purchased_type":["Card","Relic","Card","Card","Card"],"build_version":"2020-12-22","purchased_purges":0,"victory":false,"max_hp_per_floor":[70,70,70,70,70,70,70,70,70,70,70,70,70,70,70,70,70,70,70,70,70,70,70,70,70,70,70,70],"card_choices":[{"not_picked":["Quick Slash","Outmaneuver"],"picked":"Dash","floor":1},{"not_picked":["Outmaneuver","Bane"],"picked":"Finisher","floor":2},{"not_picked":["Choke","Backflip"],"picked":"ReplayTheSpireMod:Speed Training","floor":3},{"not_picked":["Escape Plan","Bane"],"picked":"Acrobatics","floor":4},{"not_picked":["Finisher","Backflip","Sucker Punch"],"picked":"SKIP","floor":6},{"not_picked":["Finisher","Backflip","Sucker Punch"],"picked":"SKIP","floor":6},{"not_picked":["Crippling Poison","Riddle With Holes"],"picked":"Burst","floor":8},{"not_picked":["Sneak Up","Quick Slash","Blade Dance"],"picked":"SKIP","floor":13},{"not_picked":["Predator","Backflip"],"picked":"ReplayTheSpireMod:Shiv Toss","floor":14},{"not_picked":["Dagger Spray","Well Laid Plans","Deadly Poison"],"picked":"SKIP","floor":15},{"not_picked":["Poison Darts","Doppelganger"],"picked":"Envenom","floor":18},{"not_picked":["Skewer+1","Reflex"],"picked":"Underhanded Strike+1","floor":20},{"not_picked":["Sucker Punch+1","Quick Slash"],"picked":"Terror","floor":21},{"not_picked":["Quick Slash","Underhanded Strike"],"picked":"Deflect+1","floor":23}],"player_experience":54558,"relics_obtained":[{"floor":6,"key":"Bottled Lightning"},{"floor":8,"key":"Dream Catcher"}],"event_choices":[{"damage_healed":0,"gold_gain":0,"player_choice":"Entered Light","damage_taken":14,"max_hp_gain":0,"max_hp_loss":0,"event_name":"Shining Light","floor":5,"gold_loss":0,"cards_upgraded":["Strike_G","Strike_G"]},{"cards_removed":["Strike_G"],"damage_healed":0,"gold_gain":0,"player_choice":"Forget","damage_taken":0,"max_hp_gain":0,"max_hp_loss":0,"event_name":"Living Wall","floor":12,"gold_loss":0},{"damage_healed":0,"gold_gain":0,"player_choice":"Leave","damage_taken":0,"max_hp_gain":0,"max_hp_loss":0,"event_name":"FaceTrader","floor":24,"gold_loss":0}],"is_beta":false,"boss_relics":[{"not_picked":["Fusion Hammer","Runic Pyramid"],"picked":"Astrolabe"}],"items_purged_floors":[],"is_endless":false,"potions_floor_spawned":[1,4,6,13,15],"killed_by":"Gremlin Leader","ascension_level":1}}