{"host":"gxml4wfqsyp5uujk","time":1614389900,"event":{"mods":["Act Like it!","Aspiration","BaseMod","Best Route Mod","Better Third Choice","BetterRewards","Block Reminder","Challenge The Spire","Colored Map","Conspire","Downfall","Energized Spire","Gensokyo","Gremlin Skip","Halation","Hubris","Infinite Spire","Minty Spire (QoL Compilation)","Rare Cards Sparkle","Replay The Spire","Shapeshifter Mod","Shop Mod","StSLib","The Animator","The Bug Knight","The Clintock","The Cursed","The Forsaken","The Runesmith","The Servant 0.9.4","Waifu the Spire","WarShipGirlsR/????R mod"],"gold_per_floor":[113,129,129,129,129,140,150,150,160,160,160,179,192,205,205,218,218,319,319,334,345,345,362,374,399,399,418,418,418,418],"floor_reached":29,"language":"ENG","playtime":14472,"items_purged":[],"score":273,"play_id":"e92fb540-0389-4607-a559-c3d31606165b","local_time":"20210226203820","is_ascension_mode":false,"campfire_choices":[{"data":"rmod:fuelsupply","floor":8,"key":"SMITH"},{"floor":15,"key":"REST"},{"data":"rmod:aviationdawn","floor":17,"key":"SMITH"},{"floor":26,"key":"REST"}],"circlet_count":0,"master_deck":["Phantasmal Killer+1","rmod:strick","rmod:strick","rmod:strick","rmod:strick","rmod:defend","rmod:defend","rmod:defend","rmod:defend","rmod:basicallowance","rmod:maingunfire","rmod:fuelsupply+1","rmod:luckystar","rmod:tearstotiara","rmod:diamondstrike","rmod:ammunitionsupply","rmod:mineteam","rmod:victimresponsibility","rmod:aviationdawn+1","rmod:goodfighter","rmod:tearstotiara","rmod:ridicule","rmod:diamondstrike","rmod:advancebysurprise","rmod:intelligenceanalysis","rmod:ring","rmod:aviationdawn"],"relics":["rmod:firstchargereward","NeowsBlessing","theForsaken:ScaryMask","Replay:Bronze Core","Enchiridion","aspiration:TomeofQuesting","hubris:DisguiseKit"],"acts_visited":["Exordium","TheCity"],"potions_floor_usage":[],"damage_taken":[{"damage":0,"enemies":"2 Louse","floor":1,"turns":1},{"damage":0,"enemies":"Cultist","floor":2,"turns":1},{"damage":0,"enemies":"infinitespire:Voidling","floor":6,"turns":1},{"damage":4,"enemies":"Looter","floor":7,"turns":3},{"damage":20,"enemies":"Exordium Wildlife","floor":9,"turns":4},{"damage":8,"enemies":"conspire:2 RoseBushes","floor":12,"turns":4},{"damage":0,"enemies":"3 Louse","floor":13,"turns":4},{"damage":14,"enemies":"Gremlin Gang","floor":14,"turns":5},{"damage":0,"enemies":"Exordium Wildlife","floor":16,"turns":3},{"damage":0,"enemies":"Slime Boss","floor":18,"turns":4},{"damage":13,"enemies":"Shell Parasite","floor":20,"turns":3},{"damage":9,"enemies":"Spheric Guardian","floor":21,"turns":3},{"damage":14,"enemies":"Centurion and Healer","floor":23,"turns":5},{"damage":20,"enemies":"Chosen and Byrds","floor":24,"turns":6},{"damage":13,"enemies":"Snake Plant","floor":27,"turns":4},{"damage":23,"enemies":"Cultist and Chosen","floor":29,"turns":4}],"seed_played":"-9109074895533418983","potions_obtained":[{"floor":1,"key":"SkillPotion"},{"floor":12,"key":"EntropicBrew"},{"floor":13,"key":"champ:CounterPotion"}],"is_trial":false,"path_per_floor":["M","M","PTL","PTL","?","M","M","R","M","?","T","M","M","M","R","M","R","B",null,"M","M","?","M","M","T","R","M","T","M"],"character_chosen":"PRAEFECT","items_purchased":[],"campfire_rested":2,"item_purchase_floors":[],"current_hp_per_floor":[75,75,75,75,75,75,71,71,51,51,51,43,43,29,51,51,51,51,75,62,53,37,23,3,3,25,12,12,0,0],"gold":418,"neow_bonus":"THREE_ENEMY_KILL","is_daily":false,"chose_seed":false,"campfire_upgraded":2,"win_rate":0.0,"timestamp":1614389900,"path_taken":["M","M","PTL","PTL","?","M","M","R","M","?","T","M","M","?","R","M","R","BOSS","M","?","?","M","M","?","R","M","T","M"],"items_purchased_type":[],"build_version":"2020-12-22","purchased_purges":0,"victory":false,"max_hp_per_floor":[75,75,75,75,75,75,75,75,75,75,75,75,75,75,75,75,75,75,75,75,75,75,75,75,75,75,75,75,75,75],"card_choices":[{"not_picked":["rmod:diaomin","rmod:circuitoustactics"],"picked":"rmod:fuelsupply","floor":1},{"not_picked":["rmod:capitalist","rmod:lonelyqueen"],"picked":"rmod:luckystar","floor":2},{"not_picked":["rmod:supportescort","rmod:fletcherpendant"],"picked":"rmod:tearstotiara","floor":6},{"not_picked":["rmod:desperatesituation","rmod:lonelyqueen"],"picked":"rmod:diamondstrike","floor":7},{"not_picked":["rmod:sl","rmod:intelligenceanalysis"],"picked":"rmod:ammunitionsupply","floor":9},{"not_picked":["rmod:aluminumsupply","rmod:ammunitionsupply"],"picked":"rmod:victimresponsibility","floor":12},{"not_picked":["rmod:fletcherpendant","rmod:goodfighter"],"picked":"rmod:aviationdawn","floor":13},{"not_picked":["rmod:intelligenceanalysis","rmod:ammunitionsupply"],"picked":"rmod:goodfighter","floor":14},{"not_picked":["rmod:steelsupply","rmod:ammunitionsupply"],"picked":"rmod:tearstotiara","floor":16},{"not_picked":["rmod:u235","rmod:expeditionaryescort"],"picked":"rmod:ridicule","floor":18},{"not_picked":["rmod:fletcherpendant+1","rmod:punchline"],"picked":"rmod:diamondstrike","floor":20},{"not_picked":["rmod:diamondstrike","rmod:wife"],"picked":"rmod:advancebysurprise","floor":21},{"not_picked":["rmod:diamondstrike+1","rmod:goodfighter+1"],"picked":"rmod:intelligenceanalysis","floor":23},{"not_picked":["rmod:launchingtorpedo+1","rmod:luckystar+1"],"picked":"rmod:ring","floor":24},{"not_picked":["rmod:intelligenceanalysis+1","rmod:steelsupply"],"picked":"rmod:aviationdawn","floor":27}],"player_experience":24267,"relics_obtained":[{"floor":11,"key":"theForsaken:ScaryMask"},{"floor":22,"key":"Enchiridion"},{"floor":25,"key":"aspiration:TomeofQuesting"},{"floor":28,"key":"hubris:DisguiseKit"}],"event_choices":[{"damage_healed":0,"gold_gain":0,"player_choice":"Leave","damage_taken":0,"max_hp_gain":0,"max_hp_loss":0,"event_name":"conspire:Investor","floor":5,"gold_loss":0},{"damage_healed":0,"gold_gain":0,"player_choice":"1 cards matched","damage_taken":0,"max_hp_gain":0,"max_hp_loss":0,"event_name":"Match and Keep!","floor":10,"gold_loss":0,"cards_obtained":["rmod:mineteam"]},{"damage_healed":0,"gold_gain":0,"player_choice":"Obtained Book","damage_taken":16,"max_hp_gain":0,"max_hp_loss":0,"event_name":"Cursed Tome","floor":22,"gold_loss":0}],"is_beta":false,"boss_relics":[{"not_picked":["conspire:RoyalGoblet","Runic Dome"],"picked":"Replay:Bronze Core"}],"items_purged_floors":[],"is_endless":false,"potions_floor_spawned":[1,12,13,16,23,27],"killed_by":"Cultist and Chosen","ascension_level":0}}