{"host":"sc0o2qwpf9j16a4i","time":1614423802,"event":{"mods":["AchievementEnabler","BaseMod","BetterRewards","Block Reminder","Colored Map","Colored Powertips","Custom Start","Highlight Path","Minty Spire (QoL Compilation)","Relic Stats"],"gold_per_floor":[116,116,132,132,151,484,22,197,197,197,214,246,256,272,272,370,370,386,311,331,246,43,72,84,84,84,97,108,118,146,160,160,265,265,282,282,282,297,313,347,347,364,389,404,434,434,448,468,468,468,468],"floor_reached":50,"language":"ENG","playtime":1568,"items_purged":[],"score":985,"play_id":"77b4561e-8277-49e7-8abe-9889832276cb","local_time":"20210227130322","daily_mods":["Insanity","ControlledChaos","Lethality"],"is_ascension_mode":false,"campfire_choices":[{"data":"Inflame","floor":10,"key":"SMITH"},{"data":"Pommel Strike","floor":15,"key":"SMITH"},{"floor":32,"key":"REST"},{"floor":41,"key":"REST"},{"floor":46,"key":"REST"},{"floor":49,"key":"REST"}],"circlet_count":0,"master_deck":["Sword Boomerang","Combust","Clash","Thunderclap","Cleave","Cleave","Inflame+1","Bloodletting","Anger","Flex","Heavy Blade","Flex","Headbutt","Iron Wave","Shockwave","Iron Wave","Battle Trance","Clothesline","Wild Strike","Anger","Pommel Strike+1","Pummel","Burning Pact","Headbutt","Evolve","Havoc+1","True Grit","Anger","Dark Embrace","Cleave","Hemokinesis","Pummel","Shockwave+1","Searing Blow","Rupture","Thunderclap","Heavy Blade","Anger","Pummel","Metallicize","Cleave","Infernal Blade","Perfected Strike","True Grit","Combust","Body Slam","Iron Wave","Clothesline","Iron Wave","Inflame","Sword Boomerang","Pommel Strike","Hemokinesis","Shockwave","Immolate+1","Battle Trance+1","Shrug It Off+1","Thunderclap","Clothesline","Heavy Blade","Thunderclap","Shockwave+1","Iron Wave","Armaments+1","Havoc","Shrug It Off+1","Corruption","Bloodletting","Dark Shackles","Sadistic Nature","Sadistic Nature","Heavy Blade+1","Sword Boomerang+1","Inflame","Havoc","Sword Boomerang+1","Headbutt+1","Parasite","Pommel Strike+1","Cleave+1"],"relics":["Burning Blood","Frozen Eye","Old Coin","Medical Kit","Singing Bowl","StrikeDummy","PreservedInsect","Astrolabe","Unceasing Top","Red Skull","Vajra","Bronze Scales","Regal Pillow","Black Star","Mercury Hourglass","Meat on the Bone","Pen Nib","Molten Egg 2","War Paint"],"acts_visited":["Exordium","TheCity","TheBeyond"],"potions_floor_usage":[6,12,12,13,16,23,27,30,33,33,33,33,33,39,40,44,50,50],"damage_taken":[{"damage":0,"enemies":"2 Louse","floor":1,"turns":1},{"damage":3,"enemies":"Cultist","floor":3,"turns":1},{"damage":4,"enemies":"Jaw Worm","floor":5,"turns":2},{"damage":9,"enemies":"Gremlin Nob","floor":6,"turns":1},{"damage":12,"enemies":"Red Slaver","floor":11,"turns":2},{"damage":4,"enemies":"Lagavulin","floor":12,"turns":2},{"damage":9,"enemies":"Exordium Thugs","floor":13,"turns":4},{"damage":0,"enemies":"Gremlin Gang","floor":14,"turns":2},{"damage":0,"enemies":"Slime Boss","floor":16,"turns":4},{"damage":8,"enemies":"Chosen","floor":18,"turns":3},{"damage":55,"enemies":"3 Byrds","floor":20,"turns":4},{"damage":5,"enemies":"Gremlin Leader","floor":23,"turns":3},{"damage":0,"enemies":"Snecko","floor":24,"turns":2},{"damage":3,"enemies":"Snake Plant","floor":27,"turns":2},{"damage":33,"enemies":"Centurion and Healer","floor":28,"turns":4},{"damage":20,"enemies":"Shelled Parasite and Fungi","floor":29,"turns":3},{"damage":33,"enemies":"Slavers","floor":30,"turns":3},{"damage":18,"enemies":"3 Cultists","floor":31,"turns":3},{"damage":35,"enemies":"Automaton","floor":33,"turns":6},{"damage":22,"enemies":"3 Darklings","floor":35,"turns":5},{"damage":16,"enemies":"3 Shapes","floor":38,"turns":6},{"damage":37,"enemies":"Maw","floor":39,"turns":6},{"damage":16,"enemies":"Giant Head","floor":40,"turns":5},{"damage":0,"enemies":"Jaw Worm Horde","floor":42,"turns":2},{"damage":31,"enemies":"Sphere and 2 Shapes","floor":44,"turns":6},{"damage":45,"enemies":"Reptomancer","floor":45,"turns":3},{"damage":22,"enemies":"Writhing Mass","floor":47,"turns":5},{"damage":16,"enemies":"Spire Growth","floor":48,"turns":3},{"damage":104,"enemies":"Time Eater","floor":50,"turns":7}],"seed_played":"3473129955619422278","potions_obtained":[{"floor":3,"key":"ColorlessPotion"},{"floor":5,"key":"EntropicBrew"},{"floor":12,"key":"FearPotion"},{"floor":14,"key":"Explosive Potion"},{"floor":20,"key":"ColorlessPotion"},{"floor":23,"key":"Fire Potion"},{"floor":27,"key":"CultistPotion"},{"floor":30,"key":"EntropicBrew"},{"floor":35,"key":"ColorlessPotion"},{"floor":42,"key":"Block Potion"},{"floor":45,"key":"Energy Potion"},{"floor":47,"key":"Swift Potion"}],"is_trial":true,"path_per_floor":["M","?","M","?","M","E","$","?","T","R","M","E","M","M","R","B",null,"M","?","M","?","$","E","M","?","T","M","M","M","E","M","R","B",null,"M","?","?","M","M","E","R","M","T","M","E","R","M","M","R","B"],"character_chosen":"IRONCLAD","items_purchased":["Medical Kit","Singing Bowl","Inflame","Red Skull","Heavy Blade"],"campfire_rested":4,"item_purchase_floors":[7,7,7,22,22],"current_hp_per_floor":[80,80,80,80,80,77,77,77,77,77,71,73,70,76,76,80,80,78,78,32,32,32,33,39,93,93,93,66,52,25,15,58,29,95,79,79,69,59,28,18,61,67,67,54,27,70,54,56,95,0,0],"gold":468,"neow_bonus":"","is_daily":false,"chose_seed":false,"campfire_upgraded":2,"win_rate":0.0,"timestamp":1614423802,"path_taken":["M","?","M","?","?","E","?","?","T","R","M","E","M","M","R","BOSS","M","?","M","?","$","E","M","?","T","?","M","M","E","M","R","BOSS","M","?","?","?","M","E","R","M","T","M","E","R","M","M","R","BOSS"],"items_purchased_type":["Relic","Relic","Card","Relic","Card"],"build_version":"2020-12-22","purchased_purges":0,"victory":false,"max_hp_per_floor":[80,80,80,80,80,80,80,80,80,80,80,80,80,80,80,80,80,80,80,83,83,83,83,83,93,93,93,93,93,93,95,95,95,95,95,95,95,95,95,95,95,95,95,95,95,95,95,95,95,95,95],"relic_stats":{"Regal Pillow":56,"Singing Bowl":2,"counters":[29,100],"Astrolabe":["Immolate","Battle Trance","Shrug It Off"],"PreservedInsect":273,"Pen Nib":[3],"War Paint":["Havoc","Shockwave"],"Medical Kit":[0],"Burning Blood":152,"Mercury Hourglass":[88],"Bronze Scales":[175],"Black Star":2,"obtain_stats":[{"Regal Pillow":30,"Singing Bowl":7,"Astrolabe":17,"Vajra":23,"PreservedInsect":12,"Pen Nib":43,"War Paint":45,"Medical Kit":7,"Burning Blood":0,"Old Coin":6,"Mercury Hourglass":40,"Frozen Eye":0,"Bronze Scales":26,"Molten Egg 2":45,"Black Star":34,"StrikeDummy":9,"Unceasing Top":21,"Red Skull":22,"Meat on the Bone":40},{"Regal Pillow":17,"Singing Bowl":4,"Astrolabe":9,"Vajra":12,"PreservedInsect":6,"Pen Nib":24,"War Paint":26,"Medical Kit":4,"Burning Blood":0,"Old Coin":4,"Mercury Hourglass":23,"Frozen Eye":0,"Bronze Scales":13,"Molten Egg 2":26,"Black Star":19,"StrikeDummy":4,"Unceasing Top":11,"Red Skull":11,"Meat on the Bone":23},{"Regal Pillow":43,"Singing Bowl":5,"Astrolabe":19,"Vajra":29,"PreservedInsect":9,"Pen Nib":76,"War Paint":85,"Medical Kit":5,"Burning Blood":0,"Old Coin":5,"Mercury Hourglass":74,"Frozen Eye":0,"Bronze Scales":31,"Molten Egg 2":85,"Black Star":52,"StrikeDummy":5,"Unceasing Top":26,"Red Skull":26,"Meat on the Bone":74}],"Unceasing Top":[4],"Meat on the Bone":36},"card_choices":[{"not_picked":["Feel No Pain","Armaments"],"picked":"Iron Wave","floor":1},{"not_picked":["Armaments","Anger"],"picked":"Clothesline","floor":3},{"not_picked":["Infernal Blade","Headbutt"],"picked":"Iron Wave","floor":5},{"not_picked":["Carnage","Second Wind","Brutality"],"picked":"SKIP","floor":6},{"not_picked":["Dropkick","Warcry"],"picked":"Sword Boomerang","floor":11},{"not_picked":["Infernal Blade","Shrug It Off"],"picked":"Pommel Strike","floor":12},{"not_picked":["Dropkick","Anger"],"picked":"Hemokinesis","floor":13},{"not_picked":["Wild Strike","Havoc"],"picked":"Shockwave","floor":14},{"not_picked":["Offering","Barricade"],"picked":"Feed","floor":16},{"not_picked":["Shrug It Off","Flex"],"picked":"Thunderclap","floor":18},{"not_picked":["Headbutt","Warcry"],"picked":"Clothesline","floor":20},{"not_picked":["Rage","Rampage"],"picked":"Thunderclap","floor":23},{"not_picked":["Disarm+1","Fiend Fire"],"picked":"Shockwave+1","floor":24},{"not_picked":["Battle Trance","Bloodletting"],"picked":"Iron Wave","floor":27},{"not_picked":["Power Through","Whirlwind"],"picked":"Armaments+1","floor":28},{"not_picked":["Wild Strike","Twin Strike"],"picked":"Havoc","floor":29},{"not_picked":["Wild Strike","Ghostly Armor"],"picked":"Shrug It Off+1","floor":30},{"not_picked":["Anger+1","Spot Weakness","Twin Strike+1"],"picked":"Singing Bowl","floor":31},{"not_picked":["Feed","Immolate"],"picked":"Corruption","floor":33},{"not_picked":["Iron Wave+1","Ghostly Armor+1"],"picked":"Bloodletting","floor":35},{"not_picked":["Magnetism","Panacea"],"picked":"Dark Shackles","floor":37},{"not_picked":["Chrysalis","Violence"],"picked":"Sadistic Nature","floor":37},{"not_picked":["Good Instincts","PanicButton"],"picked":"Sadistic Nature","floor":37},{"not_picked":["Sword Boomerang","Cleave+1"],"picked":"Heavy Blade+1","floor":38},{"not_picked":["Anger","Entrench"],"picked":"Sword Boomerang+1","floor":39},{"not_picked":["Clash+1","Whirlwind"],"picked":"Inflame","floor":40},{"not_picked":["Thunderclap+1","Fiend Fire"],"picked":"Havoc","floor":42},{"not_picked":["Iron Wave+1","Warcry+1"],"picked":"Sword Boomerang+1","floor":44},{"not_picked":["Thunderclap+1","Body Slam+1"],"picked":"Headbutt+1","floor":45},{"not_picked":["Feel No Pain+1","Dual Wield+1"],"picked":"Pommel Strike+1","floor":47},{"not_picked":["Shrug It Off+1","Headbutt+1"],"picked":"Cleave+1","floor":48}],"player_experience":1585376,"relics_obtained":[{"floor":6,"key":"Old Coin"},{"floor":9,"key":"StrikeDummy"},{"floor":12,"key":"PreservedInsect"},{"floor":23,"key":"Vajra"},{"floor":26,"key":"Bronze Scales"},{"floor":30,"key":"Regal Pillow"},{"floor":40,"key":"Mercury Hourglass"},{"floor":40,"key":"Meat on the Bone"},{"floor":43,"key":"Pen Nib"},{"floor":45,"key":"Molten Egg 2"},{"floor":45,"key":"War Paint"}],"event_choices":[{"damage_healed":0,"gold_gain":0,"player_choice":"Leave","damage_taken":0,"max_hp_gain":0,"max_hp_loss":0,"event_name":"The Cleric","floor":2,"gold_loss":0},{"cards_removed":["Anger"],"damage_healed":0,"gold_gain":0,"player_choice":"Purged","damage_taken":0,"max_hp_gain":0,"max_hp_loss":0,"event_name":"Purifier","floor":4,"gold_loss":0},{"damage_healed":0,"gold_gain":175,"player_choice":"AGREE","damage_taken":0,"max_hp_gain":0,"max_hp_loss":0,"event_name":"Liars Game","floor":8,"gold_loss":0,"cards_obtained":["Doubt"]},{"cards_removed":["Doubt"],"damage_healed":0,"gold_gain":0,"player_choice":"Gave Gold","damage_taken":0,"max_hp_gain":0,"max_hp_loss":0,"event_name":"Beggar","floor":19,"gold_loss":75},{"damage_healed":0,"gold_gain":0,"player_choice":"Obtained Relic","damage_taken":0,"relics_obtained":["Unceasing Top"],"max_hp_gain":0,"max_hp_loss":0,"event_name":"Addict","floor":21,"gold_loss":85},{"cards_removed":["Feed"],"damage_healed":44,"gold_gain":0,"player_choice":"Offered Rare","damage_taken":0,"max_hp_gain":10,"max_hp_loss":0,"event_name":"Bonfire Elementals","floor":25,"gold_loss":0},{"damage_healed":0,"gold_gain":0,"player_choice":"Ignored","damage_taken":0,"max_hp_gain":0,"max_hp_loss":0,"event_name":"Tomb of Lord Red Mask","floor":36,"gold_loss":0},{"damage_healed":0,"gold_gain":0,"player_choice":"Memory 3","damage_taken":10,"max_hp_gain":0,"max_hp_loss":0,"event_name":"SensoryStone","floor":37,"gold_loss":0}],"is_beta":false,"boss_relics":[{"not_picked":["Tiny House","Runic Pyramid"],"picked":"Astrolabe"},{"not_picked":["Mark of Pain","SacredBark"],"picked":"Black Star"}],"items_purged_floors":[],"is_endless":false,"potions_floor_spawned":[3,5,12,14,20,23,27,28,30,35,42,45,47],"killed_by":"Time Eater","ascension_level":0}}