{"host":"xltl1aroowo69o4n","time":1614414475,"event":{"mods":["BaseMod","Colored Map","Colored Powertips","Downfall","Koishi","Marisa????????","Minty Spire (QoL Compilation)","Replay The Spire","StSLib","The Cursed","The Hierophant","The Mystic","The Necromancer","The Servant 0.9.4"],"gold_per_floor":[0,12,112,212,2,18,44,61,46,46,77,92,172,172,186,284,284,84,84,84,17,62,76,76,76,92,125,25,42,57,87,103,206,206,206,224,244,244,255,177,177,187,219,219,319,332,332,347,357,357,357,392,1,1,1,1],"floor_reached":57,"language":"ENG","playtime":3779,"items_purged":["Pain"],"score":1377,"play_id":"552c3b2a-c6c2-4ed4-83fd-751b482ca6a5","local_time":"20210227032755","is_ascension_mode":true,"campfire_choices":[{"floor":1,"key":"DIG"},{"floor":10,"key":"DIG"},{"data":"expansioncontent:DashGenerateEvil","floor":18,"key":"SMITH"},{"floor":25,"key":"RECALL"},{"floor":28,"key":"REST"},{"data":"Koishi:MassHysteria","floor":35,"key":"SMITH"},{"data":"Koishi:PerfectMindControl","floor":44,"key":"SMITH"},{"data":"Koishi:PerfectMindControl","floor":47,"key":"SMITH"},{"data":"expansioncontent:AwakenDeath","floor":54,"key":"SMITH"}],"circlet_count":0,"master_deck":["Koishi:BasicStrike","Koishi:BasicStrike","Koishi:BasicStrike","Koishi:BasicDefend","Koishi:BasicDefend","Koishi:BasicDefend","Koishi:Provoke","Koishi:HauntingSlash","Koishi:Catatonia","Koishi:Vanish","expansioncontent:DashGenerateEvil+1","Koishi:RacingHeart","Koishi:MindNumbingTerror","Koishi:DreadfulBlow","Koishi:SuperEgo","Koishi:SubterraneanRose","Koishi:DreadfulBlow","Koishi:MassHysteria+1","Koishi:PerfectMindControl+1","Koishi:TremblingHands","RitualDagger+1","Koishi:JumpScare","Koishi:RacingHeart","Koishi:FidgetySnatcher","Koishi:SilentAndRestless+1","Koishi:JumpScare","Koishi:SprinkleStarAndHeart","Koishi:TraumaticStroke+1","Koishi:UnseenTerror+1","Koishi:VengefulSpirit+1","Koishi:HeartAttack+1","Koishi:TerrifyingSpectre","Koishi:PhantomBarrier+1","Koishi:UnansweredLove+1","Koishi:Untouchable+1","Koishi:MentalBreakdown+1","Koishi:PerfectMindControl+1","Koishi:PhantomStrike+1","Koishi:BloodcurdlingScream+1","Koishi:Catatonia+1","Koishi:TremblingHands+1","Koishi:EmbryosDream+1","Koishi:DreadfulBlow+1","Koishi:RacingHeart+1","Koishi:FleetingPhantom","Koishi:GrowingPain+1","expansioncontent:AwakenDeath+1","Koishi:UnseenTerror+1"],"relics":["Koishi:ImaginaryFriend","Replay:Multitool","Meat on the Bone","Lizard Tail","Koishi:AHoleWhereASisterShouldBe","Pocketwatch","Snecko Heart","downfall:HeartBlessingGreen","downfall:HeartBlessingBlue","Molten Egg 2","Divine Protection","Shuriken","downfall:HeartBlessingRed","WingedGreaves","Sozu","WarpedTongs","Strange Spoon","Replay:PocketPolymizer","Smiling Mask","downfall:GremlinWheel","Replay:Bottled Steam","Snack Pack"],"acts_visited":["Exordium","TheCity","TheBeyond","TheEnding"],"potions_floor_usage":[11,16,27,33,39,40,43],"damage_taken":[{"damage":5,"enemies":"2 Louse","floor":2,"turns":3},{"damage":0,"enemies":"downfall:FleeingMerchant","floor":5,"turns":4},{"damage":0,"enemies":"Small Slimes","floor":6,"turns":3},{"damage":4,"enemies":"Jaw Worm","floor":8,"turns":4},{"damage":10,"enemies":"downfall:FleeingMerchant","floor":9,"turns":4},{"damage":29,"enemies":"Lagavulin","floor":11,"turns":7},{"damage":8,"enemies":"Gremlin Gang","floor":12,"turns":5},{"damage":0,"enemies":"Large Slime","floor":15,"turns":4},{"damage":79,"enemies":"WA_ARCHETYPE_RETAIN","floor":16,"turns":12},{"damage":0,"enemies":"Shell Parasite","floor":19,"turns":3},{"damage":7,"enemies":"downfall:FleeingMerchant","floor":21,"turns":4},{"damage":3,"enemies":"Snake Plant","floor":23,"turns":3},{"damage":11,"enemies":"Centurion and Healer","floor":26,"turns":6},{"damage":14,"enemies":"Gremlin Leader","floor":27,"turns":6},{"damage":0,"enemies":"Shelled Parasite and Fungi","floor":29,"turns":2},{"damage":0,"enemies":"Snecko","floor":30,"turns":3},{"damage":0,"enemies":"Replay:Snechameleon","floor":31,"turns":3},{"damage":0,"enemies":"Centurion and Healer","floor":32,"turns":5},{"damage":14,"enemies":"DF_ARCHETYPE_CLAW","floor":33,"turns":7},{"damage":0,"enemies":"3 Darklings","floor":36,"turns":3},{"damage":0,"enemies":"Orb Walker","floor":37,"turns":4},{"damage":0,"enemies":"Spire Growth","floor":39,"turns":4},{"damage":17,"enemies":"downfall:FleeingMerchant","floor":40,"turns":4},{"damage":5,"enemies":"Sphere and 2 Shapes","floor":42,"turns":4},{"damage":0,"enemies":"Giant Head","floor":43,"turns":6},{"damage":7,"enemies":"Giant Head","floor":45,"turns":3},{"damage":0,"enemies":"Transient","floor":46,"turns":5},{"damage":8,"enemies":"Writhing Mass","floor":48,"turns":5},{"damage":8,"enemies":"3 Darklings","floor":49,"turns":4},{"damage":0,"enemies":"SI_POISON_ARCHETYPE","floor":50,"turns":7},{"damage":49,"enemies":"downfall:CharBossMerchant","floor":52,"turns":10},{"damage":5,"enemies":"downfall:NeowBoss","floor":55,"turns":14},{"damage":91,"enemies":"downfall:NeowBossFinal","floor":56,"turns":12}],"seed_played":"4443769933319694481","potions_obtained":[{"floor":2,"key":"GamblersBrew"},{"floor":8,"key":"FearPotion"},{"floor":12,"key":"SkillPotion"},{"floor":15,"key":"Swift Potion"},{"floor":20,"key":"CultistPotion"},{"floor":22,"key":"Energy Potion"},{"floor":27,"key":"Weak Potion"},{"floor":29,"key":"Death Potion"},{"floor":31,"key":"PowerPotion"},{"floor":33,"key":"Ancient Potion"}],"is_trial":false,"path_per_floor":["R_BF","M","?","?","$","M","T","M","$","R","E","M","?","T","M","B",null,"R_BF","M","?","$","?","M","T","R","M","E","R","M","M","E","M","B",null,"R_BF","M","M","?","M","$","T","M","E","R","?","M","R","M","M","B",null,"E","$","R","B","B",null],"character_chosen":"KOISHI","items_purchased":["expansioncontent:DashGenerateEvil","Koishi:RacingHeart","Koishi:RacingHeart","Koishi:PerfectMindControl","Strange Spoon","Koishi:PhantomStrike+1","expansioncontent:AwakenDeath","Snack Pack","Koishi:UnseenTerror+1"],"campfire_rested":1,"item_purchase_floors":[5,5,21,40,40,40,53,53,53],"current_hp_per_floor":[60,56,56,56,56,56,56,53,43,43,30,37,37,37,38,35,60,70,70,70,63,46,46,46,46,37,45,66,70,70,70,70,70,70,70,70,70,70,70,65,65,65,70,70,68,70,70,70,70,70,70,38,38,70,70,52],"gold":1,"neow_bonus":"ONE_RARE_RELIC","is_daily":false,"chose_seed":false,"campfire_upgraded":5,"win_rate":0.0,"timestamp":1614414475,"path_taken":["R_BF","M","?","?","?","M","T","M","$","R","E","?","?","?","M","BOSS","R_BF","M","?","$","?","M","T","R","M","E","R","M","M","E","M","BOSS","R_BF","M","M","?","?","$","T","?","E","R","?","?","R","M","M","BOSS","E","$","R","BOSS","BOSS"],"items_purchased_type":["Card","Card","Card","Card","Relic","Card","Card","Relic","Card"],"build_version":"2020-12-13","purchased_purges":1,"victory":true,"max_hp_per_floor":[60,60,60,60,60,60,60,60,60,60,60,60,60,60,60,60,60,70,70,70,70,70,70,70,70,70,70,70,70,70,70,70,70,70,70,70,70,70,70,70,70,70,70,70,70,70,70,70,70,70,70,70,70,70,70,70],"card_choices":[{"not_picked":["Koishi:SpiritedAway","Koishi:SprinkleStarAndHeart"],"picked":"Koishi:Catatonia","floor":2},{"not_picked":["Koishi:SubterraneanRose","Koishi:SubconsciousSweep"],"picked":"Koishi:Vanish","floor":5},{"not_picked":["Koishi:UnansweredLove","Koishi:ParalyzingFear"],"picked":"Koishi:MindNumbingTerror","floor":6},{"not_picked":["Koishi:DanmakuParanoia","Koishi:StingingMind"],"picked":"Koishi:DreadfulBlow","floor":8},{"not_picked":["Koishi:RorschachInDanmaku","Koishi:Prune"],"picked":"Koishi:SuperEgo","floor":9},{"not_picked":["Koishi:DNAsFlaw","Koishi:UnansweredLove"],"picked":"Koishi:SubterraneanRose","floor":11},{"not_picked":["Koishi:FidgetySnatcher","Koishi:EmbryosDream"],"picked":"Koishi:DreadfulBlow","floor":12},{"not_picked":["Koishi:SprinkleStarAndHeart","Koishi:HeartAttack"],"picked":"Koishi:MassHysteria","floor":15},{"not_picked":["Koishi:RoseHell","Koishi:Heartbroken"],"picked":"Koishi:PerfectMindControl","floor":16},{"not_picked":["Koishi:DreadfulBlow+1","Koishi:ApparitionsStalkTheNight+1"],"picked":"Koishi:TremblingHands","floor":19},{"not_picked":["Koishi:MindNumbingTerror","Koishi:StrangeCloudFist"],"picked":"Koishi:JumpScare","floor":21},{"not_picked":["Koishi:HeartfeltFancy","Koishi:Prune+1"],"picked":"Koishi:FidgetySnatcher","floor":22},{"not_picked":["Koishi:FourthEye+1","Koishi:SpiritedAway+1"],"picked":"Koishi:SilentAndRestless+1","floor":23},{"not_picked":["Koishi:BramblyRoseGarden","Koishi:TremblingHands+1"],"picked":"Koishi:JumpScare","floor":26},{"not_picked":["Koishi:ReflexRadar","Koishi:SubterraneanRose"],"picked":"Koishi:SprinkleStarAndHeart","floor":27},{"not_picked":["Koishi:SuperEgo+1","Koishi:UnansweredLove+1"],"picked":"Koishi:TraumaticStroke+1","floor":29},{"not_picked":["Koishi:ParalyzingFear+1","Koishi:DreadfulBlow+1"],"picked":"Koishi:UnseenTerror+1","floor":30},{"not_picked":["Koishi:HeartfeltFancy","Koishi:MindNumbingTerror+1"],"picked":"Koishi:VengefulSpirit+1","floor":31},{"not_picked":["Koishi:SubterraneanRose+1","Koishi:StrangeCloudFist+1"],"picked":"Koishi:HeartAttack+1","floor":32},{"not_picked":["Koishi:FormlessExistence","Koishi:RollingInRichesHeart"],"picked":"Koishi:TerrifyingSpectre","floor":33},{"not_picked":["Koishi:EmbersOfLove","Koishi:VengefulSpirit"],"picked":"Koishi:PhantomBarrier+1","floor":36},{"not_picked":["Koishi:FidgetySnatcher+1","Koishi:DreadfulBlow+1"],"picked":"Koishi:UnansweredLove+1","floor":37},{"not_picked":["Koishi:EmbersOfLove","Koishi:MindNumbingTerror+1"],"picked":"Koishi:Untouchable+1","floor":39},{"not_picked":["Koishi:UnconsciousUprising","Koishi:CatchAndRose"],"picked":"Koishi:MentalBreakdown+1","floor":40},{"not_picked":["Koishi:LastRemote+1","Koishi:PhilosophyOfTheDespised+1"],"picked":"Koishi:BloodcurdlingScream+1","floor":42},{"not_picked":["Koishi:CatchAndRose+1","Koishi:YoukaiPolygraph+1"],"picked":"Koishi:Catatonia+1","floor":43},{"not_picked":["Koishi:RacingHeart+1","Koishi:PhantomStrike+1"],"picked":"Koishi:EmbryosDream+1","floor":46},{"not_picked":["Koishi:CatchAndRose","Koishi:BloodcurdlingScream+1"],"picked":"Koishi:RacingHeart+1","floor":48},{"not_picked":["Koishi:FidgetySnatcher+1","Koishi:Prune+1"],"picked":"Koishi:FleetingPhantom","floor":49},{"not_picked":["Koishi:ParalyzingFear+1","Koishi:PredatoryInstincts+1"],"picked":"Koishi:GrowingPain+1","floor":52}],"player_experience":287273,"relics_obtained":[{"floor":1,"key":"Meat on the Bone"},{"floor":10,"key":"Lizard Tail"},{"floor":11,"key":"Koishi:AHoleWhereASisterShouldBe"},{"floor":14,"key":"Pocketwatch"},{"floor":22,"key":"Molten Egg 2"},{"floor":24,"key":"Divine Protection"},{"floor":27,"key":"Shuriken"},{"floor":31,"key":"WingedGreaves"},{"floor":41,"key":"Replay:PocketPolymizer"},{"floor":43,"key":"Smiling Mask"},{"floor":45,"key":"downfall:GremlinWheel"},{"floor":52,"key":"Replay:Bottled Steam"}],"event_choices":[{"damage_healed":0,"gold_gain":0,"player_choice":"Rummage","damage_taken":0,"relics_obtained":["WarpedTongs"],"max_hp_gain":0,"max_hp_loss":0,"event_name":"Accursed Blacksmith","floor":38,"gold_loss":0,"cards_obtained":["Pain"]},{"damage_healed":32,"gold_gain":0,"player_choice":"Full Heal","damage_taken":0,"max_hp_gain":0,"max_hp_loss":0,"event_name":"Wheel of Change","floor":54,"gold_loss":0}],"is_beta":false,"boss_relics":[{"not_picked":["Fusion Hammer","Replay:Bronze Core"],"picked":"Snecko Heart"},{"not_picked":["Runic Pyramid","Busted Crown"],"picked":"Sozu"}],"items_purged_floors":[40],"is_endless":false,"potions_floor_spawned":[2,8,12,15,27,29,30,31,33,37,39,43,45,46,48],"ascension_level":1}}