{"host":"lvjqw7fcq3t7v0cp","time":1614443099,"event":{"mods":["Act Like it!","BaseMod","Block Reminder","Colored Map","DeckTracker","Downfall","Hallownest","Marisa????????","Minty Spire (QoL Compilation)","Permanent Neow","Replay The Spire","StSLib","The Bug Knight","The Cursed","The Servant 0.9.4"],"gold_per_floor":[111,211,223,25,25,25,25,25,25,58,58,58,58,69,69,84,84,84,84],"floor_reached":18,"language":"ENG","playtime":629,"items_purged":[],"score":298,"play_id":"3478d25e-9a67-46d0-bf5c-d9c7c4a1d9ce","local_time":"20210227102459","is_ascension_mode":true,"campfire_choices":[{"data":"Evolve","floor":6,"key":"SMITH"},{"data":"Cleave","floor":9,"key":"SMITH"},{"floor":12,"key":"REST"},{"floor":17,"key":"REST"}],"circlet_count":0,"master_deck":["Strike_R","Strike_R","Strike_R","Strike_R","Strike_R","Bash","Cleave+1","Intimidate","downfall:Haunted","downfall:Haunted","ReplayTheSpireMod:Splinters","Offering","Injury","Delirium","Disarm","Evolve+1","Evolve","Clothesline","Doubt","Hallownest:skillLeafShield","Hallownest:skillLeafShield","Hallownest:skillLeafShield","Hallownest:skillLeafShield","Hallownest:skillLeafShield","Anger"],"relics":["Burning Blood","Darkstone Periapt","ReplayTheSpireMod:Spearhead","Hallownest:DreamNailRelic","Bronze Scales","Quantum Egg"],"acts_visited":["Hallownest:Greenpath"],"potions_floor_usage":[10],"damage_taken":[{"damage":7,"enemies":"Hallownest:monsterHuskWarrior","floor":1,"turns":3},{"damage":21,"enemies":"Hallownest:2_Baldur","floor":3,"turns":4},{"damage":70,"enemies":"Hallownest:eliteCrystalGuardian","floor":10,"turns":6},{"damage":16,"enemies":"2_ Uuma","floor":14,"turns":4},{"damage":6,"enemies":"Hallownest:Wandering_and_Horned","floor":16,"turns":5},{"damage":102,"enemies":"Hallownest:BossBrokenVessel","floor":18,"turns":11}],"seed_played":"-7384260896616312483","potions_obtained":[{"floor":1,"key":"Slimebound:ThreeZeroPotion"}],"is_trial":false,"path_per_floor":["M","?","M","$","?","R","PTL","PTL","R","E","T","R","?","M","?","M","R","B"],"character_chosen":"IRONCLAD","items_purchased":["ReplayTheSpireMod:Spearhead","Evolve"],"campfire_rested":2,"item_purchase_floors":[4,4],"current_hp_per_floor":[79,114,99,99,99,99,99,99,99,35,35,69,75,65,65,65,101,0,0],"gold":84,"neow_bonus":"THREE_CARDS","is_daily":false,"chose_seed":false,"campfire_upgraded":2,"win_rate":0.0,"timestamp":1614443099,"path_taken":["M","?","M","$","?","R","PTL","PTL","R","E","T","R","?","M","?","?","R","BOSS"],"items_purchased_type":["Relic","Card"],"build_version":"2020-12-22","purchased_purges":0,"victory":false,"max_hp_per_floor":[80,115,115,115,115,115,115,115,115,115,115,115,121,121,121,121,121,121,121],"card_choices":[{"not_picked":["Flex","Dual Wield"],"picked":"Cleave","floor":0},{"not_picked":["Sever Soul","Flex"],"picked":"Intimidate","floor":1},{"not_picked":["Flex","Clash"],"picked":"Disarm","floor":3},{"not_picked":["Hemokinesis","Havoc"],"picked":"Clothesline","floor":10},{"not_picked":["Clash","Dropkick","Burning Pact"],"picked":"SKIP","floor":14},{"not_picked":["Sword Boomerang","Intimidate"],"picked":"Anger","floor":16}],"player_experience":101057,"relics_obtained":[{"floor":10,"key":"Bronze Scales"},{"floor":11,"key":"Quantum Egg"}],"event_choices":[],"is_beta":false,"boss_relics":[],"items_purged_floors":[],"is_endless":false,"potions_floor_spawned":[1],"killed_by":"Hallownest:BossBrokenVessel","ascension_level":3}}