{"host":"m7jrdcbl89w2s34c","time":1614444276,"event":{"mods":["AchievementEnabler","BaseMod","Bestiary","Block Reminder","Colored Map","Colored Powertips","Minty Spire (QoL Compilation)","Permanent Neow","Relic Stats","StSLib"],"gold_per_floor":[118,118,132,102,125,125,125],"floor_reached":6,"language":"ENG","playtime":474,"items_purged":[],"score":72,"play_id":"231e56b5-b064-4847-a40a-404add24ad3b","local_time":"20210227174436","is_ascension_mode":true,"campfire_choices":[],"circlet_count":0,"master_deck":["AscendersBane","Strike_B","Strike_B","Strike_B","Strike_B","Defend_B","Defend_B","Defend_B","Defend_B","Zap","Dualcast","Darkness","Chaos","FTL"],"relics":["Cracked Core","Golden Idol"],"acts_visited":["Exordium"],"potions_floor_usage":[6],"damage_taken":[{"damage":14,"enemies":"Jaw Worm","floor":1,"turns":4},{"damage":2,"enemies":"2 Louse","floor":3,"turns":3},{"damage":1,"enemies":"Cultist","floor":5,"turns":3},{"damage":39,"enemies":"Gremlin Nob","floor":6,"turns":3}],"seed_played":"2076624849730548014","potions_obtained":[{"floor":4,"key":"Strength Potion"},{"floor":4,"key":"Energy Potion"},{"floor":5,"key":"AttackPotion"}],"is_trial":false,"path_per_floor":["M","?","M","?","M","E"],"character_chosen":"DEFECT","items_purchased":[],"campfire_rested":0,"item_purchase_floors":[],"current_hp_per_floor":[50,26,24,24,23,0,0],"gold":125,"neow_bonus":"THREE_CARDS","is_daily":false,"chose_seed":false,"campfire_upgraded":0,"win_rate":0.0,"timestamp":1614444276,"path_taken":["M","?","M","?","?","E"],"items_purchased_type":[],"build_version":"2020-12-22","purchased_purges":0,"victory":false,"max_hp_per_floor":[71,71,71,71,71,71,71],"relic_stats":{"counters":[4,13],"Golden Idol":8,"obtain_stats":[{"Golden Idol":2,"Cracked Core":0},{"Golden Idol":1,"Cracked Core":0},{"Golden Idol":4,"Cracked Core":0}]},"card_choices":[{"not_picked":["Hologram","Auto Shields"],"picked":"Darkness","floor":1},{"not_picked":["Recycle","Rebound"],"picked":"Chaos","floor":3},{"not_picked":["Compile Driver","Force Field"],"picked":"FTL","floor":5}],"player_experience":288020,"relics_obtained":[],"event_choices":[{"damage_healed":0,"gold_gain":0,"player_choice":"Take Damage","damage_taken":24,"relics_obtained":["Golden Idol"],"max_hp_gain":0,"max_hp_loss":0,"event_name":"Golden Idol","floor":2,"gold_loss":0},{"damage_healed":0,"gold_gain":0,"player_choice":"Bought 2 Potions","damage_taken":0,"max_hp_gain":0,"max_hp_loss":0,"event_name":"The Woman in Blue","floor":4,"gold_loss":0}],"is_beta":false,"boss_relics":[],"items_purged_floors":[],"is_endless":false,"potions_floor_spawned":[5],"killed_by":"Gremlin Nob","ascension_level":20}}