{"host":"fdq5pmhluajjrf8d","time":1614451253,"event":{"mods":["BaseMod","Minty Spire (QoL Compilation)"],"gold_per_floor":[116,136,136,155,169,169,187,207,207,217,217,217],"floor_reached":11,"language":"ENG","playtime":515,"items_purged":[],"score":138,"play_id":"cbe0c824-ed87-46ca-a08b-f4a3a5e4bf53","local_time":"20210227134053","is_ascension_mode":true,"campfire_choices":[],"circlet_count":0,"master_deck":["AscendersBane","Strike_B","Strike_B","Strike_B","Strike_B","Defend_B","Defend_B","Defend_B","Defend_B","Zap","Dualcast","Beam Cell","FTL","All For One","Hologram","Recycle"],"relics":["Cracked Core","Torii","Oddly Smooth Stone"],"acts_visited":["Exordium"],"potions_floor_usage":[5,11],"damage_taken":[{"damage":1,"enemies":"2 Louse","floor":1,"turns":3},{"damage":1,"enemies":"Cultist","floor":2,"turns":3},{"damage":7,"enemies":"Small Slimes","floor":4,"turns":2},{"damage":31,"enemies":"Gremlin Gang","floor":5,"turns":4},{"damage":15,"enemies":"Red Slaver","floor":7,"turns":4},{"damage":9,"enemies":"2 Fungi Beasts","floor":8,"turns":2},{"damage":13,"enemies":"Exordium Thugs","floor":10,"turns":4},{"damage":16,"enemies":"Lagavulin","floor":11,"turns":2}],"seed_played":"7235743741571842472","potions_obtained":[{"floor":1,"key":"EntropicBrew"},{"floor":6,"key":"FairyPotion"}],"is_trial":false,"path_per_floor":["M","M","?","M","M","?","M","M","T","M","E"],"character_chosen":"DEFECT","items_purchased":[],"campfire_rested":0,"item_purchase_floors":[],"current_hp_per_floor":[63,62,62,55,24,24,9,19,19,6,0,0],"gold":217,"neow_bonus":"ONE_RARE_RELIC","is_daily":false,"chose_seed":false,"campfire_upgraded":0,"win_rate":0.0,"timestamp":1614451253,"path_taken":["M","M","?","?","M","?","M","M","T","?","E"],"items_purchased_type":[],"build_version":"2020-12-22","purchased_purges":0,"victory":false,"max_hp_per_floor":[64,64,64,64,64,64,64,64,64,64,64,64],"card_choices":[{"not_picked":["Undo","Auto Shields"],"picked":"Beam Cell","floor":1},{"not_picked":["Tempest","Rebound"],"picked":"FTL","floor":2},{"not_picked":["Melter","Fusion"],"picked":"Hologram","floor":4},{"not_picked":["Conserve Battery","Glacier","Self Repair"],"picked":"SKIP","floor":5},{"not_picked":["Skim","Stack"],"picked":"Recycle","floor":7},{"not_picked":["Cold Snap","Coolheaded","Compile Driver"],"picked":"SKIP","floor":8},{"not_picked":["Conserve Battery","Compile Driver","Amplify"],"picked":"SKIP","floor":10}],"player_experience":1992852,"relics_obtained":[{"floor":9,"key":"Oddly Smooth Stone"}],"event_choices":[{"damage_healed":0,"gold_gain":0,"player_choice":"1 cards matched","damage_taken":0,"max_hp_gain":0,"max_hp_loss":0,"event_name":"Match and Keep!","floor":3,"gold_loss":0,"cards_obtained":["All For One"]},{"damage_healed":0,"gold_gain":0,"player_choice":"Got Potions","damage_taken":0,"max_hp_gain":0,"max_hp_loss":0,"event_name":"Lab","floor":6,"gold_loss":0}],"is_beta":false,"boss_relics":[],"items_purged_floors":[],"is_endless":false,"potions_floor_spawned":[1,7],"killed_by":"Lagavulin","ascension_level":20}}