{"host":"zdx3mk58qfaqn5dx","time":1614458010,"event":{"mods":["BaseMod","Bestiary","Better Third Choice","Colored Map","Colored Powertips","Dark Map","Downfall","Hermit","Highlight Path","Minty Spire (QoL Compilation)","Quick Restart","Random Character Button","Relic Stats","StSLib","SuperFastMode"],"gold_per_floor":[16,16,16,16,0,44,44,44,44,44,69,109,128,128,128,251,251,276,276,295,210,210,210,210,210,255,13,13,13,57,57,57],"floor_reached":31,"language":"ENG","playtime":907,"items_purged":[],"score":348,"play_id":"42e875e2-4737-4383-94a4-9b4c4ef9941f","local_time":"20210227213330","is_ascension_mode":true,"campfire_choices":[{"floor":7.0,"key":"REST"},{"floor":10.0,"key":"REST"},{"floor":15.0,"key":"REST"},{"floor":23.0,"key":"REST"},{"data":"Zap","floor":25.0,"key":"SMITH"},{"floor":28.0,"key":"REST"}],"circlet_count":0,"master_deck":["Strike_B+1","Strike_B+1","Strike_B+1","Defend_B+1","Defend_B+1","Defend_B+1","Defend_B+1","Zap+1","Dualcast","Electrodynamics","Go for the Eyes","Leap","Seek","Turbo","Beam Cell","Heatsinks","Thunder Strike","Steam Power","Thunder Strike","Go for the Eyes"],"relics":["Cracked Core","Golden Idol","betterThird:SlimedRelic","Bottled Lightning","StoneCalendar","Odd Mushroom","Bag of Marbles","Inserter","Happy Flower","Lantern","DataDisk","White Beast Statue","Pen Nib"],"acts_visited":["Exordium","TheCity"],"potions_floor_usage":[],"damage_taken":[{"damage":0.0,"enemies":"Cultist","floor":1.0,"turns":3.0},{"damage":27.0,"enemies":"Lagavulin","floor":6.0,"turns":7.0},{"damage":2.0,"enemies":"The Mushroom Lair","floor":11.0,"turns":4.0},{"damage":33.0,"enemies":"Gremlin Nob","floor":12.0,"turns":5.0},{"damage":0.0,"enemies":"Small Slimes","floor":13.0,"turns":3.0},{"damage":0.0,"enemies":"Slime Boss","floor":16.0,"turns":7.0},{"damage":27.0,"enemies":"Spheric Guardian","floor":18.0,"turns":4.0},{"damage":24.0,"enemies":"2 Thieves","floor":20.0,"turns":4.0},{"damage":38,"enemies":"Book of Stabbing","floor":30,"turns":6},{"damage":31,"enemies":"Centurion and Healer","floor":31,"turns":6}],"seed_played":"-8047235033698737860","potions_obtained":[{"floor":12.0,"key":"SteroidPotion"},{"floor":13.0,"key":"Strength Potion"},{"floor":30,"key":"AttackPotion"}],"is_trial":false,"path_per_floor":["M","?","?","$","?","E","R","T","T","R","?","E","M","$","R","B",null,"M","?","M","?","?","R","?","R","T","$","R","$","E","M"],"character_chosen":"DEFECT","items_purchased":["White Beast Statue"],"campfire_rested":5,"item_purchase_floors":[27],"current_hp_per_floor":[75,57,57,57,46,19,41,41,41,63,61,28,28,28,50,50,75,48,48,24,24,24,46,46,46,46,46,68,68,30,0,0],"gold":57,"neow_bonus":"THREE_RARE_CARDS","is_daily":false,"chose_seed":false,"campfire_upgraded":1,"win_rate":0.0,"timestamp":1614458010,"path_taken":["M","?","?","$","?","E","R","?","T","R","?","E","?","?","R","BOSS","M","?","M","?","?","R","?","R","T","$","R","$","E","M"],"items_purchased_type":["Relic"],"build_version":"2020-12-22","purchased_purges":0,"victory":false,"max_hp_per_floor":[75,75,75,75,75,75,75,75,75,75,75,75,75,75,75,75,75,75,75,75,75,75,75,75,75,75,75,75,75,75,75,75],"relic_stats":{"Inserter":[10],"Happy Flower":[5],"counters":[10,49],"Golden Idol":69,"StoneCalendar":[76],"Pen Nib":[0],"obtain_stats":[{"Lantern":21,"Inserter":17,"Happy Flower":19,"Golden Idol":2,"StoneCalendar":8,"Pen Nib":30,"Odd Mushroom":11,"White Beast Statue":27,"DataDisk":26,"betterThird:SlimedRelic":5,"Bag of Marbles":12,"Bottled Lightning":6,"Cracked Core":0},{"Lantern":8,"Inserter":6,"Happy Flower":7,"Golden Idol":1,"StoneCalendar":2,"Pen Nib":9,"Odd Mushroom":3,"White Beast Statue":8,"DataDisk":8,"betterThird:SlimedRelic":1,"Bag of Marbles":4,"Bottled Lightning":2,"Cracked Core":0},{"Lantern":37,"Inserter":29,"Happy Flower":33,"Golden Idol":3,"StoneCalendar":10,"Pen Nib":43,"Odd Mushroom":14,"White Beast Statue":37,"DataDisk":37,"betterThird:SlimedRelic":3,"Bag of Marbles":19,"Bottled Lightning":10,"Cracked Core":0}]},"card_choices":[{"not_picked":["Seek","Amplify"],"picked":"Electrodynamics","floor":0.0},{"not_picked":["Cold Snap","Leap"],"picked":"Go for the Eyes","floor":1.0},{"not_picked":["Glacier","Loop"],"picked":"Seek","floor":6.0},{"not_picked":["Leap","Go for the Eyes"],"picked":"Turbo","floor":11.0},{"not_picked":["Barrage","Undo"],"picked":"Beam Cell","floor":12.0},{"not_picked":["Gash","Leap"],"picked":"Heatsinks","floor":13.0},{"not_picked":["Biased Cognition","Buffer"],"picked":"Thunder Strike","floor":16.0},{"not_picked":["Cold Snap","Rip and Tear+1"],"picked":"Steam Power","floor":18.0},{"not_picked":["Turbo+1","Rip and Tear","Beam Cell"],"picked":"SKIP","floor":20.0},{"not_picked":["Hello World","Compile Driver"],"picked":"Go for the Eyes","floor":30}],"player_experience":232942,"relics_obtained":[{"floor":6.0,"key":"Bottled Lightning"},{"floor":8.0,"key":"StoneCalendar"},{"floor":11.0,"key":"Odd Mushroom"},{"floor":12.0,"key":"Bag of Marbles"},{"floor":26.0,"key":"DataDisk"},{"floor":30,"key":"Pen Nib"}],"event_choices":[{"damage_healed":0.0,"max_hp_gain":0.0,"max_hp_loss":0.0,"gold_gain":0.0,"event_name":"Golden Idol","player_choice":"Take Damage","floor":2.0,"gold_loss":0.0,"damage_taken":18.0,"relics_obtained":["Golden Idol"]},{"damage_healed":0.0,"max_hp_gain":0.0,"max_hp_loss":0.0,"gold_gain":0.0,"cards_transformed":["Strike_B"],"event_name":"Living Wall","player_choice":"Change","floor":3.0,"gold_loss":0.0,"damage_taken":0.0,"cards_obtained":["Leap"]},{"damage_healed":0.0,"max_hp_gain":0.0,"max_hp_loss":0.0,"gold_gain":0.0,"event_name":"betterThird:BetterGoop","player_choice":"Slimed","floor":5.0,"gold_loss":16.0,"damage_taken":11.0},{"damage_healed":0.0,"max_hp_gain":0.0,"max_hp_loss":0.0,"gold_gain":0.0,"event_name":"Mushrooms","player_choice":"Fought Mushrooms","floor":11.0,"gold_loss":0.0,"damage_taken":0.0},{"damage_healed":0.0,"max_hp_gain":0.0,"max_hp_loss":0.0,"gold_gain":0.0,"event_name":"The Mausoleum","player_choice":"Opened","floor":19.0,"gold_loss":0.0,"damage_taken":0.0,"relics_obtained":["Happy Flower"]},{"damage_healed":0.0,"max_hp_gain":0.0,"max_hp_loss":0.0,"gold_gain":0.0,"event_name":"Addict","player_choice":"Obtained Relic","floor":21.0,"gold_loss":85.0,"damage_taken":0.0,"relics_obtained":["Lantern"]},{"damage_healed":0.0,"max_hp_gain":0.0,"max_hp_loss":7.0,"gold_gain":0.0,"event_name":"betterThird:BetterWriting","player_choice":"Simplicity","floor":22.0,"gold_loss":0.0,"damage_taken":0.0},{"damage_healed":0.0,"max_hp_gain":0.0,"max_hp_loss":0.0,"gold_gain":0.0,"event_name":"Duplicator","player_choice":"Copied","floor":24.0,"gold_loss":0.0,"damage_taken":0.0,"cards_obtained":["Thunder Strike"]}],"is_beta":false,"boss_relics":[{"not_picked":["Sozu","SlaversCollar"],"picked":"Inserter"}],"items_purged_floors":[],"is_endless":false,"potions_floor_spawned":[12,13,30],"killed_by":"Centurion and Healer","ascension_level":3}}