{"host":"l790j1oe6pn5fhrm","time":1614458119,"event":{"mods":["AchievementEnabler","BaseMod","Colored Map","Colored Powertips","Downfall","GifTheSpireLib","Highlight Path","Minty Spire (QoL Compilation)","Rare Cards Sparkle","StSLib"],"gold_per_floor":[114,389,408,408,421,421,156,221,221,221,221,221,221,251,251,348,348,361,113,38,38,54,82,95,95,118,118,217,137,137,137,137,232,232,245,11,26,79,79,104,119,138,161,179,179,50,50,24,24,24],"floor_reached":51,"language":"ENG","playtime":1543,"items_purged":["Regret"],"score":837,"play_id":"d7a81eba-3190-4dc5-9945-4dbfefc4dc8c","local_time":"20210227213519","is_ascension_mode":false,"campfire_choices":[{"data":"PathToVictory","floor":6.0,"key":"SMITH"},{"floor":11.0,"key":"REST"},{"data":"Scrawl","floor":15.0,"key":"SMITH"},{"floor":25,"key":"REST"},{"floor":30,"key":"REST"},{"floor":32,"key":"REST"},{"floor":45,"key":"REST"},{"data":"Omniscience","floor":49,"key":"SMITH"}],"circlet_count":0,"master_deck":["Strike_P","Strike_P","Strike_P","Defend_P","Defend_P","Defend_P","Eruption+1","Vigilance","PathToVictory+1","PathToVictory","Apotheosis+1","PathToVictory+1","Scrawl+1","DevaForm","WaveOfTheHand","WreathOfFlame","Fasting2","Omniscience+1","Fasting2","Fasting2","Consecrate","Panacea+1","Consecrate"],"relics":["PureWater","Blue Candle","Oddly Smooth Stone","Torii","Pear","Unceasing Top","Sozu","Bottled Lightning","Blood Vial","Bag of Preparation","expansioncontent:StudyCardRelic","Strange Spoon","hexamod:Sixitude","Mummified Hand","Vajra"],"acts_visited":["Exordium","TheCity","TheBeyond"],"potions_floor_usage":[37],"damage_taken":[{"damage":0.0,"enemies":"Small Slimes","floor":1.0,"turns":3.0},{"damage":2.0,"enemies":"Cultist","floor":3.0,"turns":3.0},{"damage":6.0,"enemies":"2 Louse","floor":5.0,"turns":2.0},{"damage":7.0,"enemies":"Lagavulin Event","floor":8.0,"turns":4.0},{"damage":0.0,"enemies":"Gremlin Nob","floor":14.0,"turns":2.0},{"damage":26.0,"enemies":"Slime Boss","floor":16.0,"turns":4.0},{"damage":15,"enemies":"2 Thieves","floor":18,"turns":3},{"damage":10,"enemies":"3 Byrds","floor":22,"turns":5},{"damage":39,"enemies":"Gremlin Leader","floor":23,"turns":3},{"damage":8,"enemies":"Snake Plant","floor":24,"turns":3},{"damage":2,"enemies":"Colosseum Slavers","floor":27,"turns":4},{"damage":11,"enemies":"Collector","floor":33,"turns":5},{"damage":7,"enemies":"3 Shapes","floor":35,"turns":4},{"damage":1,"enemies":"Orb Walker","floor":37,"turns":2},{"damage":55,"enemies":"2 Orb Walkers","floor":38,"turns":5},{"damage":0,"enemies":"Giant Head","floor":40,"turns":6},{"damage":18,"enemies":"Jaw Worm Horde","floor":41,"turns":4},{"damage":2,"enemies":"Sphere and 2 Shapes","floor":42,"turns":4},{"damage":1,"enemies":"3 Darklings","floor":44,"turns":4},{"damage":43,"enemies":"Awakened One","floor":50,"turns":6}],"seed_played":"-7666658160547722407","potions_obtained":[{"floor":3.0,"key":"Fruit Juice"},{"floor":5.0,"key":"Energy Potion"}],"is_trial":false,"path_per_floor":["M","?","M","?","M","R","$","?","T","?","R","T","?","E","R","B",null,"M","$","?","?","M","E","M","R","T","?","?","$","R","$","R","B",null,"M","$","M","?","?","E","M","M","T","M","R","$","?","$","R","B",null],"character_chosen":"WATCHER","items_purchased":["Apotheosis","Bottled Lightning","Fasting2","Fasting2","Strange Spoon","Consecrate","Panacea","Consecrate"],"campfire_rested":5,"item_purchase_floors":[7,19,29,36,36,46,46,48],"current_hp_per_floor":[72,72,70,65,59,59,59,52,52,45,66,76,60,60,60,34,87,72,72,72,72,62,23,17,43,43,43,43,43,69,69,87,76,87,80,80,81,38,38,40,34,44,44,45,71,71,71,71,71,30],"gold":24,"neow_bonus":"UPGRADE_CARD","is_daily":false,"chose_seed":false,"campfire_upgraded":3,"win_rate":0.0,"timestamp":1614458119,"path_taken":["M","?","?","?","M","R","$","?","T","?","R","?","?","E","R","BOSS","M","$","?","?","M","E","M","R","T","?","?","?","R","$","R","BOSS","M","$","M","?","?","E","?","M","T","M","R","$","?","?","R","BOSS"],"items_purchased_type":["Card","Relic","Card","Card","Relic","Card","Card","Card"],"build_version":"2020-12-22","purchased_purges":1,"victory":true,"max_hp_per_floor":[72,72,72,72,72,72,72,72,72,72,72,82,82,82,82,82,87,87,87,87,87,87,87,87,87,87,87,87,87,87,87,87,87,87,87,87,87,87,87,87,87,87,87,87,87,87,87,87,87,87],"card_choices":[{"not_picked":["Crescendo","Halt"],"picked":"PathToVictory","floor":1.0},{"not_picked":["JustLucky","Adaptation"],"picked":"PathToVictory","floor":3.0},{"not_picked":["ThirdEye","Weave","EmptyFist"],"picked":"SKIP","floor":5.0},{"not_picked":["WindmillStrike","Meditate"],"picked":"PathToVictory","floor":8.0},{"not_picked":["FollowUp","Halt"],"picked":"Scrawl","floor":14.0},{"not_picked":["Devotion","Omniscience"],"picked":"DevaForm","floor":16.0},{"not_picked":["EmptyFist","Prostrate+1"],"picked":"WaveOfTheHand","floor":18},{"not_picked":["CrushJoints","Tantrum"],"picked":"WreathOfFlame","floor":22},{"not_picked":["Meditate","Vengeance+1","LikeWater+1"],"picked":"SKIP","floor":23},{"not_picked":["Perseverance","Nirvana+1","BowlingBash"],"picked":"SKIP","floor":24},{"not_picked":["DevaForm","Blasphemy"],"picked":"Omniscience","floor":33},{"not_picked":["FollowUp","ReachHeaven","FlurryOfBlows"],"picked":"SKIP","floor":35},{"not_picked":["Perseverance","Nirvana+1","Conclude"],"picked":"SKIP","floor":37},{"not_picked":["LikeWater+1","MentalFortress+1","Brilliance"],"picked":"SKIP","floor":40},{"not_picked":["SandsOfTime+1","Vengeance+1"],"picked":"Fasting2","floor":41},{"not_picked":["FlurryOfBlows+1","ThirdEye+1","FlyingSleeves+1"],"picked":"SKIP","floor":42},{"not_picked":["Meditate+1","MentalFortress+1","Consecrate+1"],"picked":"SKIP","floor":44}],"player_experience":1262428,"relics_obtained":[{"floor":8.0,"key":"Oddly Smooth Stone"},{"floor":9.0,"key":"Torii"},{"floor":12.0,"key":"Pear"},{"floor":14.0,"key":"Unceasing Top"},{"floor":23,"key":"Blood Vial"},{"floor":26,"key":"Bag of Preparation"},{"floor":38,"key":"hexamod:Sixitude"},{"floor":40,"key":"Mummified Hand"},{"floor":43,"key":"Vajra"}],"event_choices":[{"damage_healed":0.0,"max_hp_gain":0.0,"max_hp_loss":0.0,"gold_gain":275.0,"event_name":"Golden Shrine","player_choice":"Desecrate","floor":2.0,"gold_loss":0.0,"damage_taken":0.0,"cards_obtained":["Regret"]},{"damage_healed":0.0,"max_hp_gain":0.0,"max_hp_loss":0.0,"gold_gain":0.0,"event_name":"Dead Adventurer","player_choice":"Searched \u00272\u0027 times","floor":8.0,"gold_loss":0.0,"damage_taken":0.0},{"cards_removed":["Strike_P"],"damage_healed":0.0,"max_hp_gain":0.0,"max_hp_loss":0.0,"gold_gain":0.0,"event_name":"Golden Wing","player_choice":"Card Removal","floor":10.0,"gold_loss":0.0,"damage_taken":7.0},{"damage_healed":0.0,"max_hp_gain":0.0,"max_hp_loss":0.0,"gold_gain":0.0,"event_name":"Shining Light","player_choice":"Entered Light","floor":13.0,"gold_loss":0.0,"damage_taken":16.0,"cards_upgraded":["Apotheosis","PathToVictory"]},{"cards_removed":["Defend_P"],"damage_healed":0,"gold_gain":0,"player_choice":"Gave Gold","damage_taken":0,"max_hp_gain":0,"max_hp_loss":0,"event_name":"Beggar","floor":20,"gold_loss":75},{"damage_healed":0,"gold_gain":0,"player_choice":"Ignored","damage_taken":0,"max_hp_gain":0,"max_hp_loss":0,"event_name":"Ghosts","floor":21,"gold_loss":0},{"damage_healed":0,"gold_gain":0,"player_choice":"Fight","damage_taken":0,"max_hp_gain":0,"max_hp_loss":0,"event_name":"Colosseum","floor":27,"gold_loss":0},{"damage_healed":0,"gold_gain":0,"player_choice":"Fled From Nobs","damage_taken":0,"max_hp_gain":0,"max_hp_loss":0,"event_name":"Colosseum","floor":27,"gold_loss":0},{"damage_healed":0,"gold_gain":99,"player_choice":"Stole From Cult","damage_taken":0,"max_hp_gain":0,"max_hp_loss":0,"event_name":"Nest","floor":28,"gold_loss":0},{"damage_healed":0,"gold_gain":0,"player_choice":"Fight","damage_taken":0,"max_hp_gain":0,"max_hp_loss":0,"event_name":"Mysterious Sphere","floor":38,"gold_loss":0},{"damage_healed":0,"gold_gain":0,"player_choice":"Ignored","damage_taken":0,"max_hp_gain":0,"max_hp_loss":0,"event_name":"SecretPortal","floor":39,"gold_loss":0},{"damage_healed":0,"gold_gain":0,"player_choice":"Upgraded","damage_taken":0,"max_hp_gain":0,"max_hp_loss":0,"event_name":"Upgrade Shrine","floor":47,"gold_loss":0,"cards_upgraded":["Panacea"]}],"is_beta":false,"boss_relics":[{"not_picked":["Snecko Eye","Runic Dome"],"picked":"Sozu"},{"not_picked":["Runic Pyramid","Busted Crown"],"picked":"expansioncontent:StudyCardRelic"}],"items_purged_floors":[7],"is_endless":false,"potions_floor_spawned":[3,5,22,27,35,38,40,44],"ascension_level":0}}