{"host":"w2kjv12xyhtt0cv2","time":1614433075,"event":{"mods":["10 clothes from DAL","100% Spire Juice","Act Like it!","BaseMod","Colored Map","Friendly Minions","Gensokyo","GifTheSpireLib","Highlight Path","Hubris","Library of Ruina","Library of Ruina Extra","Minty Spire (QoL Compilation)","Quick Restart","Relic Stats","Reliquary","Replay The Spire","Ring Of Destiny","Robot Space Explorer","Shop Mod","Spicy Shops","StSLib","The Dragon Tamer","UnlockEverythingMod","Waifu the Spire","[IsaacMod]以撒尖塔","[功能]功能增强和修复MOD","【功能Mod】Neow奖励","【遗物卡牌】REMEMod","没有小屋子和绿帽子啦"],"gold_per_floor":[117,167,342,4,18,18,44,44,44,112,142,153,184,194,194,294,294,321,351,7,35,67,67,95,111,111,145,176,207,207,307,307,382,382,709,134,134,59,59,105,131,183,183,245,270,270,328,387,387,431,475,559,559,559,21,78,138],"floor_reached":58,"language":"ZHS","playtime":2776,"items_purged":["Pain"],"score":3909,"play_id":"c18e4a19-b2d8-4a67-99db-38d2ca4c84d0","local_time":"20210227213755","is_ascension_mode":true,"campfire_choices":[{"data":"LessonLearned","floor":6.0,"key":"SMITH"},{"data":"RingOfDestiny:MaliciousBlade","floor":15.0,"key":"SMITH"},{"data":"1","floor":23.0,"key":"LIFT"},{"floor":32.0,"key":"RECALL"},{"data":"2","floor":49,"key":"LIFT"},{"data":"3","floor":54,"key":"LIFT"}],"circlet_count":0,"master_deck":["RingOfDestiny:Defend_SU+1","RingOfDestiny:Defend_SU+1","RingOfDestiny:Defend_SU+1","RingOfDestiny:Strike_SU+1","RingOfDestiny:Strike_SU+1","RingOfDestiny:Strike_SU+1","RingOfDestiny:MaliciousBarrier+1","RingOfDestiny:DoomsdayStrike+1","RingOfDestiny:PowerOfGreed+1","RingOfDestiny:PowerOfEnvy+1","RingOfDestiny:LazyCloak+1","Doubt","RingOfDestiny:MaliciousErode+1","RingOfDestiny:MaliciousBlade","RingOfDestiny:DemonVanguard","RingOfDestiny:SarcasticSword+1","RingOfDestiny:VoodooDoll+1","RingOfDestiny:MaliciousBlade+2","RingOfDestiny:GreedySummon","RingOfDestiny:SummonOfDoomsday","RingOfDestiny:SoulAccumulation","RingOfDestiny:PowerOfEnvy","RingOfDestiny:MaliciousBarrier","RingOfDestiny:SoulAccumulation+1","RingOfDestiny:SoulAccumulation+1","RingOfDestiny:PowerOfGreed+1","RingOfDestiny:SongOfDoomsday","RingOfDestiny:DoomsdayMeteorite","RingOfDestiny:EnvyNecklace+1","RingOfDestiny:PowerOfEnvy+1","RingOfDestiny:TemptingFruits","RingOfDestiny:AngerSword+1","RingOfDestiny:DoomsdayProphecy","RingOfDestiny:GreedySummon+1","Transmutation","Transmutation","HandOfGreedLower","REME_PuzzleBox","Mind Blast","RingOfDestiny:MaliciousErode+1","RingOfDestiny:LazyCloak+1","RingOfDestiny:SummonOfDoomsday","RingOfDestiny:RingOfGreed+1","RingOfDestiny:PowerOfEnvy","RingOfDestiny:SummonOfDoomsday","RingOfDestiny:PowerOfGluttony","DoctorFetus+1","REME_PuzzleBox","RingOfDestiny:AbyssOfDesire","RingOfDestiny:AbyssOfDesire","RingOfDestiny:MaliciousSword+1"],"relics":["REME_ComplimentaryCards","HushsDoor","TheBean","hubris:BlackHole","Quantum Egg","REME_CardOfGreed","reliquary:Knoch","Prayer Wheel","PageOfHappyTeddyBear","Frozen Egg 2","Akabeko","reliquary:Vitrine","ChampionBelt","Succubus","Matryoshka","Happy Flower","SteamSale","DALC_WAN","Girya","Blue Doll","Regal Pillow","Replay:Baseball","hubris:TenFootPole","Anchor","Question Card","Tiny Chest","Mango","hubris:PeanutButter","Ring of Chaos","Old Coin","reliquary:IridiumChain","Unceasing Top","reliquary:FingerTrap","Replay:Bandana","PageOfPorccubus","TheBible","InkBottle","hubris:Spice","Whetstone","PunchingBag","Bag of Marbles","DollysMirror","ReplayTheSpireMod:Lightbulb","Replay:Bottled Steam"],"acts_visited":["RingOfDestiny:IdeologyCorridor","RingOfDestiny:KnowledgeHall","RingOfDestiny:WisdomThrone","RingOfDestiny:BlackNoah"],"potions_floor_usage":[],"damage_taken":[{"damage":0.0,"enemies":"Cultist","floor":1.0,"turns":2.0},{"damage":0.0,"enemies":"2 Louse","floor":5.0,"turns":1.0},{"damage":0.0,"enemies":"RingOfDestiny:TalkingChest","floor":7.0,"turns":1.0},{"damage":5.0,"enemies":"RingOfDestiny:TheMonitor","floor":11.0,"turns":3.0},{"damage":1.0,"enemies":"Large Slime","floor":12.0,"turns":3.0},{"damage":14.0,"enemies":"RingOfDestiny:ExtinctionMoon","floor":13.0,"turns":3.0},{"damage":2.0,"enemies":"Gremlin Gang","floor":14.0,"turns":3.0},{"damage":11.0,"enemies":"RingOfDestiny:ValhallaChronicles","floor":16.0,"turns":3.0},{"damage":15.0,"enemies":"Book of Stabbing","floor":18.0,"turns":3.0},{"damage":5.0,"enemies":"Gremlin Leader","floor":19.0,"turns":3.0},{"damage":0.0,"enemies":"Slavers","floor":21.0,"turns":2.0},{"damage":0.0,"enemies":"Book of Stabbing","floor":22.0,"turns":3.0},{"damage":0.0,"enemies":"Gremlin Leader","floor":24.0,"turns":1.0},{"damage":0.0,"enemies":"Chosen","floor":25.0,"turns":3.0},{"damage":0.0,"enemies":"Slavers","floor":27.0,"turns":2.0},{"damage":0.0,"enemies":"Book of Stabbing","floor":28.0,"turns":2.0},{"damage":0.0,"enemies":"Gremlin Leader","floor":29.0,"turns":1.0},{"damage":0.0,"enemies":"Colosseum Slavers","floor":31.0,"turns":1.0},{"damage":0.0,"enemies":"Colosseum Nobs","floor":31.0,"turns":1.0},{"damage":0.0,"enemies":"Collector","floor":33.0,"turns":1.0},{"damage":0.0,"enemies":"Reptomancer","floor":35.0,"turns":3.0},{"damage":0.0,"enemies":"Giant Head","floor":40.0,"turns":2.0},{"damage":0.0,"enemies":"Nemesis","floor":42.0,"turns":1.0},{"damage":0.0,"enemies":"Giant Head","floor":44.0,"turns":2.0},{"damage":0.0,"enemies":"Orb Walker","floor":45.0,"turns":1.0},{"damage":0,"enemies":"Nemesis","floor":47,"turns":2},{"damage":0,"enemies":"2 Orb Walkers","floor":48,"turns":1},{"damage":0,"enemies":"Donu and Deca","floor":50,"turns":2},{"damage":0,"enemies":"Time Eater","floor":51,"turns":5},{"damage":0,"enemies":"Time Eater","floor":52,"turns":3},{"damage":0,"enemies":"RingOfDestiny:Fyra","floor":56,"turns":3},{"damage":0,"enemies":"RingOfDestiny:Rita","floor":57,"turns":5}],"seed_played":"5669460193112228615","potions_obtained":[{"floor":12.0,"key":"SteroidPotion"},{"floor":13.0,"key":"LiquidBronze"},{"floor":14.0,"key":"Dexterity Potion"},{"floor":16.0,"key":"LiquidBronze"},{"floor":19.0,"key":"FearPotion"},{"floor":24.0,"key":"FairyPotion"},{"floor":35.0,"key":"Elixir"},{"floor":42.0,"key":"ColorlessPotion"}],"is_trial":false,"path_per_floor":["M","?","?","$","M","R","E","?","T","T","E","M","E","M","R","B",null,"M","M","$","M","M","R","E","M","T","E","M","M","$","?","R","B",null,"M","$","?","$","T","E","T","E","T","E","M","$","M","?","R","B","B",null,null,"R","$","E","B",null],"character_chosen":"Summoner","items_purchased":["Quantum Egg","REME_CardOfGreed","reliquary:Knoch","Succubus","SteamSale","DALC_WAN","RingOfDestiny:MaliciousBarrier","reliquary:IridiumChain","Unceasing Top","reliquary:FingerTrap","Replay:Bandana","Transmutation","PageOfPorccubus","DoctorFetus+1","hubris:Spice","DollysMirror","ReplayTheSpireMod:Lightbulb","RingOfDestiny:AbyssOfDesire"],"campfire_rested":0,"item_purchase_floors":[4,4,4,17,20,20,20,36,36,36,36,36,38,55,55,55,55,55],"current_hp_per_floor":[79,79,79,79,79,79,79,67,67,67,65,67,57,58,58,55,69,62,64,64,64,68,68,73,73,73,73,73,73,73,87,87,87,87,87,87,82,82,82,95,103,103,103,103,103,103,103,103,103,103,103,103,103,103,95,95,95],"gold":138,"neow_bonus":"BOSS_RELIC","is_daily":false,"chose_seed":false,"campfire_upgraded":2,"win_rate":0.0,"timestamp":1614433075,"path_taken":["M","?","?","$","M","R","E","?","T","?","E","?","E","M","R","BOSS","M","?","$","M","M","R","E","M","T","E","M","?","$","?","R","BOSS","M","$","?","?","?","E","?","E","T","E","M","$","?","?","R","BOSS","BOSS","R","$","E","BOSS"],"items_purchased_type":["Relic","Relic","Relic","Relic","Relic","Relic","Card","Relic","Relic","Relic","Relic","Card","Relic","Card","Relic","Relic","Relic","Card"],"build_version":"2020-12-22","purchased_purges":1,"victory":true,"max_hp_per_floor":[88,88,88,88,88,88,88,88,88,88,88,88,88,88,88,88,73,73,73,73,73,73,73,73,73,73,73,73,73,73,87,87,87,87,87,87,87,87,87,95,103,103,103,103,103,103,103,103,103,103,103,103,103,103,95,95,95],"relic_stats":{"Regal Pillow":0,"Happy Flower":[15],"counters":[32,72],"Prayer Wheel":4,"Tiny Chest":1,"Whetstone":["RingOfDestiny:Strike_SU","RingOfDestiny:MaliciousErode"],"Question Card":17,"obtain_stats":[{"Regal Pillow":24,"Blue Doll":22,"Mango":31,"Whetstone":42,"Old Coin":35,"hubris:BlackHole":0,"Replay:Bandana":36,"TheBean":0,"ChampionBelt":17,"Matryoshka":18,"DollysMirror":55,"Prayer Wheel":7,"Tiny Chest":29,"Succubus":17,"reliquary:FingerTrap":36,"reliquary:Vitrine":13,"InkBottle":39,"Replay:Bottled Steam":56,"KeepersGift":0,"Girya":21,"PunchingBag":44,"Happy Flower":19,"Quantum Egg":4,"DALC_WAN":20,"Ring of Chaos":34,"Frozen Egg 2":10,"RingOfDestiny:DemonicContract":0,"SteamSale":20,"Question Card":28,"Akabeko":11,"reliquary:IridiumChain":36,"PageOfHappyTeddyBear":8,"Replay:Baseball":26,"Anchor":27,"TheBible":39,"hubris:Spice":40,"hubris:PeanutButter":31,"hubris:TenFootPole":26,"Bag of Marbles":47,"REME_CardOfGreed":4,"reliquary:Knoch":4,"PageOfPorccubus":38,"HushsDoor":0,"ReplayTheSpireMod:Lightbulb":55,"Unceasing Top":36,"REME_ComplimentaryCards":0},{"Regal Pillow":13,"Blue Doll":12,"Mango":19,"Whetstone":23,"Old Coin":21,"hubris:BlackHole":0,"Replay:Bandana":21,"TheBean":0,"ChampionBelt":8,"Matryoshka":9,"DollysMirror":30,"Prayer Wheel":3,"Tiny Chest":17,"Succubus":8,"reliquary:FingerTrap":21,"reliquary:Vitrine":6,"InkBottle":21,"Replay:Bottled Steam":31,"KeepersGift":0,"Girya":11,"PunchingBag":24,"Happy Flower":10,"Quantum Egg":1,"DALC_WAN":10,"Ring of Chaos":20,"Frozen Egg 2":3,"RingOfDestiny:DemonicContract":0,"SteamSale":10,"Question Card":16,"Akabeko":4,"reliquary:IridiumChain":21,"PageOfHappyTeddyBear":3,"Replay:Baseball":14,"Anchor":15,"TheBible":21,"hubris:Spice":22,"hubris:PeanutButter":19,"hubris:TenFootPole":14,"Bag of Marbles":26,"REME_CardOfGreed":1,"reliquary:Knoch":1,"PageOfPorccubus":21,"HushsDoor":0,"ReplayTheSpireMod:Lightbulb":30,"Unceasing Top":21,"REME_ComplimentaryCards":0},{"Regal Pillow":31,"Blue Doll":30,"Mango":41,"Whetstone":48,"Old Coin":45,"hubris:BlackHole":0,"Replay:Bandana":45,"TheBean":0,"ChampionBelt":19,"Matryoshka":22,"DollysMirror":64,"Prayer Wheel":4,"Tiny Chest":39,"Succubus":19,"reliquary:FingerTrap":45,"reliquary:Vitrine":13,"InkBottle":45,"Replay:Bottled Steam":67,"KeepersGift":0,"Girya":27,"PunchingBag":50,"Happy Flower":25,"Quantum Egg":2,"DALC_WAN":25,"Ring of Chaos":42,"Frozen Egg 2":4,"RingOfDestiny:DemonicContract":0,"SteamSale":25,"Question Card":38,"Akabeko":7,"reliquary:IridiumChain":45,"PageOfHappyTeddyBear":4,"Replay:Baseball":34,"Anchor":36,"TheBible":45,"hubris:Spice":47,"hubris:PeanutButter":41,"hubris:TenFootPole":34,"Bag of Marbles":53,"REME_CardOfGreed":2,"reliquary:Knoch":2,"PageOfPorccubus":45,"HushsDoor":0,"ReplayTheSpireMod:Lightbulb":64,"Unceasing Top":45,"REME_ComplimentaryCards":0}],"Unceasing Top":[6],"InkBottle":[29]},"card_choices":[{"not_picked":[],"picked":"ChaosCard","floor":0.0},{"not_picked":["RingOfDestiny:MaliciousConversion","RingOfDestiny:PowerOfGreed"],"picked":"RingOfDestiny:LazyCloak","floor":1.0},{"not_picked":["RingOfDestiny:Demonic","RingOfDestiny:MaliciousLeakage"],"picked":"RingOfDestiny:MaliciousErode","floor":5.0},{"not_picked":["RingOfDestiny:SoulDiversion","RingOfDestiny:Demonic"],"picked":"RingOfDestiny:MaliciousBlade","floor":7.0},{"not_picked":["RingOfDestiny:MaskOfSuffering","RingOfDestiny:RingOfGreed+1","RingOfDestiny:FairDealing"],"picked":"SKIP","floor":11.0},{"not_picked":["RingOfDestiny:Demonic","RingOfDestiny:SoulDiversion"],"picked":"RingOfDestiny:DemonVanguard","floor":12.0},{"not_picked":["RingOfDestiny:RingOfGreed+1","RingOfDestiny:ScepterOfGluttony+1"],"picked":"RingOfDestiny:SarcasticSword","floor":12.0},{"not_picked":["RingOfDestiny:DemonGovernor","RingOfDestiny:SoulDiversion"],"picked":"RingOfDestiny:VoodooDoll","floor":13.0},{"not_picked":["RingOfDestiny:DesireMastery","RingOfDestiny:MaskOfSuffering"],"picked":"RingOfDestiny:MaliciousBlade","floor":14.0},{"not_picked":["RingOfDestiny:Demonic","RingOfDestiny:SarcasticSword"],"picked":"RingOfDestiny:GreedySummon","floor":14.0},{"not_picked":["RingOfDestiny:DevilKing","RingOfDestiny:PowerOfWrath"],"picked":"RingOfDestiny:SummonOfDoomsday","floor":16.0},{"not_picked":["RingOfDestiny:CupOfDesire+1","RingOfDestiny:RingOfGreed+1"],"picked":"RingOfDestiny:SoulAccumulation","floor":18.0},{"not_picked":["RingOfDestiny:MemoryBlade","RingOfDestiny:DoomsdayProtection"],"picked":"RingOfDestiny:PowerOfEnvy","floor":19.0},{"not_picked":["RingOfDestiny:MaliciousRelease","RingOfDestiny:CupOfDesire+1"],"picked":"RingOfDestiny:SoulAccumulation","floor":21.0},{"not_picked":["RingOfDestiny:ManaEnhance","RingOfDestiny:FeastOfDoomsday"],"picked":"RingOfDestiny:SoulAccumulation","floor":22.0},{"not_picked":["RingOfDestiny:ChainBlade","RingOfDestiny:MaliciousSuppress"],"picked":"RingOfDestiny:PowerOfGreed","floor":24.0},{"not_picked":["RingOfDestiny:DemonVanguard","RingOfDestiny:SoulAccumulation"],"picked":"RingOfDestiny:SongOfDoomsday","floor":25.0},{"not_picked":["RingOfDestiny:DoomsdayMeteorite","RingOfDestiny:FairDealing","RingOfDestiny:RingOfGreed+1"],"picked":"SKIP","floor":25.0},{"not_picked":["RingOfDestiny:FairDealing","RingOfDestiny:RingOfGreed+1"],"picked":"RingOfDestiny:DoomsdayMeteorite","floor":25.0},{"not_picked":["RingOfDestiny:MaskOfSuffering","RingOfDestiny:Demonic"],"picked":"RingOfDestiny:EnvyNecklace+1","floor":27.0},{"not_picked":["RingOfDestiny:DoomsdayStrike","RingOfDestiny:FeastOfDoomsday"],"picked":"RingOfDestiny:PowerOfEnvy","floor":28.0},{"not_picked":["RingOfDestiny:DoomsdayMadness+1","RingOfDestiny:MaliciousSuppress","RingOfDestiny:MaskOfSuffering"],"picked":"RingOfDestiny:TemptingFruits","floor":29.0},{"not_picked":["RingOfDestiny:SongOfDoomsday","RingOfDestiny:GripOfMaster+1","RingOfDestiny:FeastOfDoomsday"],"picked":"RingOfDestiny:AngerSword+1","floor":31.0},{"not_picked":["RingOfDestiny:ScepterOfGluttony+1","RingOfDestiny:DoomsdayLava","RingOfDestiny:PowerOfWrath"],"picked":"RingOfDestiny:DoomsdayProphecy","floor":33.0},{"not_picked":["RingOfDestiny:PowerOfGreed","RingOfDestiny:SongOfDoomsday","RingOfDestiny:DesireMastery+1"],"picked":"RingOfDestiny:GreedySummon+1","floor":35.0},{"not_picked":["ReplayTheSpireMod:Private Reserves","Purity","Camael"],"picked":"HandOfGreedLower","floor":37.0},{"not_picked":["ReplayTheSpireMod:Necrogeddon","REME_Flogging+1","Panacea"],"picked":"REME_PuzzleBox","floor":37.0},{"not_picked":["Specialist+1","Finesse","hubris:Ssssneak"],"picked":"Mind Blast","floor":37.0},{"not_picked":["RingOfDestiny:MaskOfSuffering","RingOfDestiny:DoomsdayStrike","RingOfDestiny:DoomsdayEcho"],"picked":"RingOfDestiny:MaliciousErode","floor":40.0},{"not_picked":["RingOfDestiny:MaliciousSuppress","RingOfDestiny:AbyssOfDesire","RingOfDestiny:EndlessDesire"],"picked":"RingOfDestiny:LazyCloak+1","floor":42.0},{"not_picked":["RingOfDestiny:PowerOfGreed+1","RingOfDestiny:TemptingFruits","RingOfDestiny:PowerOfEnvy"],"picked":"RingOfDestiny:SummonOfDoomsday","floor":44.0},{"not_picked":["RingOfDestiny:Demonic","RingOfDestiny:AbyssOfDesire+1","RingOfDestiny:MaliciousRelease"],"picked":"RingOfDestiny:RingOfGreed+1","floor":45.0},{"not_picked":["RingOfDestiny:MaliciousSuppress","RingOfDestiny:SoulDiversion","RingOfDestiny:MaskOfSuffering"],"picked":"RingOfDestiny:PowerOfEnvy","floor":45.0},{"not_picked":["RingOfDestiny:MaliciousRelease","RingOfDestiny:PowerOfEnvy","RingOfDestiny:DesireMastery"],"picked":"RingOfDestiny:SummonOfDoomsday","floor":47},{"not_picked":["RingOfDestiny:MaskOfSuffering","RingOfDestiny:MaliciousRelease","RingOfDestiny:SongOfDoomsday+1"],"picked":"RingOfDestiny:PowerOfGluttony","floor":48},{"not_picked":["RingOfDestiny:MaskOfSuffering+1","RingOfDestiny:FairDealing+1","RingOfDestiny:DemonVanguard","RingOfDestiny:PowerOfEnvy"],"picked":"RingOfDestiny:MaliciousSword+1","floor":56}],"player_experience":102775,"relics_obtained":[{"floor":7.0,"key":"Prayer Wheel"},{"floor":10.0,"key":"Frozen Egg 2"},{"floor":11.0,"key":"Akabeko"},{"floor":13.0,"key":"reliquary:Vitrine"},{"floor":18.0,"key":"Matryoshka"},{"floor":19.0,"key":"Happy Flower"},{"floor":21.0,"key":"Girya"},{"floor":22.0,"key":"Blue Doll"},{"floor":24.0,"key":"Regal Pillow"},{"floor":26.0,"key":"Replay:Baseball"},{"floor":26.0,"key":"hubris:TenFootPole"},{"floor":27.0,"key":"Anchor"},{"floor":28.0,"key":"Question Card"},{"floor":29.0,"key":"Tiny Chest"},{"floor":31.0,"key":"Mango"},{"floor":31.0,"key":"hubris:PeanutButter"},{"floor":35.0,"key":"Old Coin"},{"floor":39.0,"key":"TheBible"},{"floor":39.0,"key":"InkBottle"},{"floor":40.0,"key":"hubris:Spice"},{"floor":41.0,"key":"hubris:Spice"},{"floor":42.0,"key":"Whetstone"},{"floor":44.0,"key":"PunchingBag"},{"floor":47,"key":"Bag of Marbles"},{"floor":56,"key":"Replay:Bottled Steam"}],"event_choices":[{"damage_healed":0.0,"max_hp_gain":0.0,"max_hp_loss":0.0,"gold_gain":50.0,"event_name":"Golden Wing","player_choice":"Gained Gold","floor":2.0,"gold_loss":0.0,"damage_taken":0.0},{"damage_healed":0.0,"max_hp_gain":0.0,"max_hp_loss":0.0,"gold_gain":175.0,"event_name":"Liars Game","player_choice":"AGREE","floor":3.0,"gold_loss":0.0,"damage_taken":0.0,"cards_obtained":["Doubt"]},{"damage_healed":0.0,"max_hp_gain":0.0,"max_hp_loss":0.0,"gold_gain":0.0,"event_name":"Scrap Ooze","player_choice":"Success","floor":8.0,"gold_loss":0.0,"damage_taken":12.0,"relics_obtained":["PageOfHappyTeddyBear"]},{"damage_healed":0.0,"max_hp_gain":0.0,"max_hp_loss":0.0,"gold_gain":0.0,"event_name":"Colosseum","player_choice":"Fight","floor":31.0,"gold_loss":0.0,"damage_taken":0.0},{"damage_healed":0.0,"max_hp_gain":0.0,"max_hp_loss":0.0,"gold_gain":0.0,"event_name":"Colosseum","player_choice":"Fought Nobs","floor":31.0,"gold_loss":0.0,"damage_taken":0.0},{"damage_healed":0.0,"max_hp_gain":0.0,"max_hp_loss":0.0,"gold_gain":0.0,"event_name":"SensoryStone","player_choice":"Memory 3","floor":37.0,"gold_loss":0.0,"damage_taken":10.0},{"damage_healed":0,"gold_gain":0,"player_choice":"Fight","damage_taken":0,"max_hp_gain":0,"max_hp_loss":0,"event_name":"Mysterious Sphere","floor":48,"gold_loss":0}],"is_beta":false,"boss_relics":[{"not_picked":["Replay:Ancient Bell","ChewingGum"],"picked":"ChampionBelt"},{"not_picked":[]},{"not_picked":["reliquary:ThirdArm","SacredBark"],"picked":"Ring of Chaos"},{"not_picked":[]}],"items_purged_floors":[20],"is_endless":false,"potions_floor_spawned":[12,13,14,16,19,21,24,25,29,31,35,42,45,47,48],"ascension_level":20}}