{"host":"dbkc9h3etq50r1dq","time":1614396508,"event":{"mods":["AchievementEnabler","BaseMod","Block Reminder","Colored Powertips","Curses Come First","Dark Map","Highlight Path","Keyboard Shortcuts","Marisa£®ÏF”Í°°ƒß¿Ì…≥£©","Minty Spire (QoL Compilation)","Permanent Neow","Potion Indicator Mod","Random Character Button","Rare Cards Sparkle","StSLib","SuperFastMode","Weighted Paths"],"gold_per_floor":[118,137,137,160,183,183,183,183,183,222,1,16,16,51,51,51,51],"floor_reached":16,"language":"ZHS","playtime":436,"items_purged":["Defend_R"],"score":160,"play_id":"49734ecf-1fb2-445a-8d01-2571b44b113f","local_time":"20210227112828","is_ascension_mode":true,"campfire_choices":[{"data":"Sword Boomerang","floor":6,"key":"SMITH"},{"data":"Bash","floor":8,"key":"SMITH"},{"floor":13,"key":"REST"},{"floor":15,"key":"REST"}],"circlet_count":0,"master_deck":["Strike_R","Strike_R","Strike_R","Strike_R","Strike_R","Defend_R","Defend_R","Bash+1","Sword Boomerang+1","Seeing Red","Battle Trance"],"relics":["Burning Blood","Golden Idol","Blue Candle","Peace Pipe","Centennial Puzzle","Lantern"],"acts_visited":["Exordium"],"potions_floor_usage":[10,16],"damage_taken":[{"damage":22,"enemies":"Small Slimes","floor":1,"turns":4},{"damage":1,"enemies":"Cultist","floor":2,"turns":3},{"damage":6,"enemies":"2 Louse","floor":4,"turns":3},{"damage":11,"enemies":"Large Slime","floor":5,"turns":7},{"damage":40,"enemies":"Lagavulin","floor":10,"turns":6},{"damage":17,"enemies":"Looter","floor":12,"turns":3},{"damage":46,"enemies":"Gremlin Nob","floor":14,"turns":5},{"damage":52,"enemies":"Slime Boss","floor":16,"turns":7}],"seed_played":"5552699545428166375","potions_obtained":[{"floor":2,"key":"SpeedPotion"},{"floor":5,"key":"FairyPotion"},{"floor":12,"key":"SpeedPotion"},{"floor":14,"key":"Energy Potion"}],"is_trial":false,"path_per_floor":["M","M","?","M","M","R","?","R","T","E","$","M","R","E","R","B"],"character_chosen":"IRONCLAD","items_purchased":["Centennial Puzzle"],"campfire_rested":2,"item_purchase_floors":[11],"current_hp_per_floor":[64,69,69,69,64,64,64,64,64,30,30,19,43,30,54,2,2],"gold":51,"neow_bonus":"TEN_PERCENT_HP_BONUS","is_daily":false,"chose_seed":false,"campfire_upgraded":2,"win_rate":0.0,"timestamp":1614396508,"path_taken":["M","M","?","M","M","R","?","R","T","E","$","M","R","E","R","BOSS"],"items_purchased_type":["Relic"],"build_version":"2020-12-22","purchased_purges":1,"victory":false,"max_hp_per_floor":[88,88,81,81,81,81,81,81,81,81,81,81,81,81,81,81,81],"card_choices":[{"not_picked":["Warcry","Heavy Blade","Feel No Pain"],"picked":"SKIP","floor":1},{"not_picked":["Entrench","Clash","Twin Strike"],"picked":"SKIP","floor":2},{"not_picked":["Anger","Headbutt","Hemokinesis"],"picked":"SKIP","floor":4},{"not_picked":["Thunderclap","Armaments"],"picked":"Sword Boomerang","floor":5},{"not_picked":["Bludgeon","Shrug It Off"],"picked":"Seeing Red","floor":10},{"not_picked":["Warcry","Rage","Shrug It Off"],"picked":"SKIP","floor":12},{"not_picked":["Warcry","Dark Embrace"],"picked":"Battle Trance","floor":14}],"player_experience":228398,"relics_obtained":[{"floor":9,"key":"Blue Candle"},{"floor":10,"key":"Peace Pipe"},{"floor":14,"key":"Lantern"}],"event_choices":[{"damage_healed":0,"gold_gain":0,"player_choice":"Lose Max HP","damage_taken":0,"relics_obtained":["Golden Idol"],"max_hp_gain":0,"max_hp_loss":7,"event_name":"Golden Idol","floor":3,"gold_loss":0},{"cards_removed":["Defend_R"],"damage_healed":0,"gold_gain":0,"player_choice":"Purged","damage_taken":0,"max_hp_gain":0,"max_hp_loss":0,"event_name":"Purifier","floor":7,"gold_loss":0}],"is_beta":false,"boss_relics":[],"items_purged_floors":[11],"is_endless":false,"potions_floor_spawned":[2,5,12,14],"killed_by":"Slime Boss","ascension_level":9}}