{"host":"z3m7ofiwbo1p8b5b","time":1614456927,"event":{"mods":["BaseMod","BetterRewards","Downfall","Minty Spire (QoL Compilation)","Replay The Spire","StSLib"],"gold_per_floor":[119,119,133,93,93,93,120,74,74,94,112,168,185,200,200,296,296,316,329,329,348,254,254,270,270,294,294,294,164,190,47,47,146,146,160,160,160,173,173,173,190,210,210,210,32,43,43,8,8,8],"floor_reached":51,"language":"ENG","playtime":2812,"items_purged":[],"score":1070,"play_id":"261c3479-e3af-49b0-9dc4-6d358c4642d7","local_time":"20210227151527","is_ascension_mode":false,"campfire_choices":[{"data":"1","floor":6,"key":"LIFT"},{"floor":15,"key":"REST"},{"data":"2","floor":23,"key":"LIFT"},{"data":"3","floor":25,"key":"LIFT"},{"data":"Sadistic Nature","floor":27,"key":"SMITH"},{"data":"Envenom","floor":32,"key":"SMITH"},{"data":"Writhe","floor":40,"key":"PURGE"},{"data":"Strike_G","floor":44,"key":"PURGE"},{"data":"Sadistic Nature","floor":49,"key":"SMITH"}],"circlet_count":0,"master_deck":["Strike_G","Defend_G","Defend_G","Defend_G","Defend_G","Defend_G","Survivor","Neutralize","Sadistic Nature+1","Hidden Blade","Blade Dance","Crippling Poison","Sucker Punch","Slice","Dash","Poison Darts","Adrenaline","Cloak And Dagger+1","Deflect","Hidden Blade+1","Specialist","Accuracy","Replay:Poison Smokescreen+1","Envenom+1","CurseOfTheBell","Footwork+1","Sadistic Nature+1"],"relics":["Ring of the Snake","Girya","Toy Ornithopter","Replay:Bottled Flurry","Ninja Scroll","bronze:MakeshiftBattery","Snake Skull","ReplayTheSpireMod:TigerMarble","Calling Bell","Pet Ghost","Ornamental Fan","Peace Pipe","Bag of Preparation"],"acts_visited":["Exordium","TheCity","TheBeyond"],"potions_floor_usage":[7,12,16,18,21,35,42,50,50,50],"damage_taken":[{"damage":0,"enemies":"2 Louse","floor":1,"turns":2},{"damage":0,"enemies":"Cultist","floor":3,"turns":4},{"damage":3,"enemies":"Lagavulin","floor":7,"turns":6},{"damage":0,"enemies":"Small Slimes","floor":10,"turns":3},{"damage":1,"enemies":"Red Slaver","floor":11,"turns":3},{"damage":16,"enemies":"Lagavulin Event","floor":12,"turns":6},{"damage":1,"enemies":"2 Fungi Beasts","floor":13,"turns":3},{"damage":0,"enemies":"Exordium Thugs","floor":14,"turns":4},{"damage":48,"enemies":"Fading Forest","floor":16,"turns":11},{"damage":0,"enemies":"2 Thieves","floor":18,"turns":3},{"damage":0,"enemies":"Shell Parasite","floor":19,"turns":3},{"damage":6,"enemies":"Snake Plant","floor":21,"turns":5},{"damage":2,"enemies":"Centurion and Healer","floor":24,"turns":4},{"damage":15,"enemies":"Pondfish","floor":33,"turns":5},{"damage":9,"enemies":"3 Darklings","floor":35,"turns":3},{"damage":0,"enemies":"Orb Walker","floor":38,"turns":2},{"damage":0,"enemies":"4 Shapes","floor":41,"turns":4},{"damage":0,"enemies":"3 Darklings","floor":42,"turns":3},{"damage":0,"enemies":"Transient","floor":46,"turns":5},{"damage":38,"enemies":"Awakened One","floor":50,"turns":9}],"seed_played":"946864446628460078","potions_obtained":[{"floor":3,"key":"Energy Potion"},{"floor":10,"key":"SpeedPotion"},{"floor":14,"key":"Slimebound:ThreeZeroPotion"},{"floor":16,"key":"FearPotion"},{"floor":18,"key":"Languid Potion"},{"floor":33,"key":"champ:CounterPotion"},{"floor":35,"key":"sneckomod:MuddlingPotion"},{"floor":38,"key":"LifebloodPotion"},{"floor":42,"key":"Death Potion"}],"is_trial":false,"path_per_floor":["M","?","M","$","?","R","E","$","T","M","M","?","M","M","R","B",null,"M","M","?","M","$","R","M","R","T","R","?","$","T","$","R","B",null,"M","?","?","M","$","R","M","M","T","R","$","M","?","$","R","B",null],"character_chosen":"THE_SILENT","items_purchased":["Sadistic Nature","Hidden Blade","Crippling Poison","Sucker Punch","Specialist","Accuracy","Replay:Poison Smokescreen+1","Envenom","Sadistic Nature","Elixir"],"campfire_rested":1,"item_purchase_floors":[0,0,4,8,22,29,29,31,45,48],"current_hp_per_floor":[63,68,68,68,68,68,65,65,65,65,64,53,52,52,74,36,75,75,75,75,69,69,69,67,67,67,67,67,67,67,67,67,52,75,66,66,75,75,75,75,75,75,75,75,75,75,75,75,75,47],"gold":8,"neow_bonus":"","is_daily":false,"chose_seed":false,"campfire_upgraded":3,"win_rate":0.0,"timestamp":1614456927,"path_taken":["M","?","M","$","?","R","E","$","T","M","?","?","M","M","R","BOSS","M","M","?","M","$","R","?","R","T","R","?","$","?","?","R","BOSS","M","?","?","M","?","R","M","M","T","R","$","M","?","$","R","BOSS"],"items_purchased_type":["Card","Card","Card","Card","Card","Card","Card","Card","Card","Potion"],"build_version":"2020-12-22","purchased_purges":0,"victory":true,"max_hp_per_floor":[70,75,75,75,75,75,75,75,75,75,75,75,75,75,75,75,75,75,75,75,75,75,75,75,75,75,75,75,75,75,75,75,75,75,75,75,75,75,75,75,75,75,75,75,75,75,75,75,75,75],"card_choices":[{"not_picked":["Underhanded Strike","Footwork","Well Laid Plans"],"picked":"SKIP","floor":1},{"not_picked":["Bouncing Flask","Slice"],"picked":"Blade Dance","floor":3},{"not_picked":["Predator","All Out Attack","Blur"],"picked":"SKIP","floor":7},{"not_picked":["Predator","Bane"],"picked":"Slice","floor":10},{"not_picked":["Footwork","ReplayTheSpireMod:Tripwire"],"picked":"ReplayTheSpireMod:Scrap Shanks","floor":11},{"not_picked":["Masterful Stab","Backflip"],"picked":"Dash","floor":12},{"not_picked":["Bouncing Flask","Outmaneuver","Dodge and Roll"],"picked":"SKIP","floor":13},{"not_picked":["Hidden Blade","Predator"],"picked":"Poison Darts","floor":14},{"not_picked":["Burst","Night Terror"],"picked":"Adrenaline","floor":16},{"not_picked":["Dodge and Roll","Dagger Throw"],"picked":"Cloak And Dagger+1","floor":18},{"not_picked":["ReplayTheSpireMod:Shiv Toss","Sneak Up"],"picked":"Deflect","floor":19},{"not_picked":["Dagger Spray+1","Cloak And Dagger"],"picked":"Hidden Blade+1","floor":21},{"not_picked":["Cloak And Dagger","Eviscerate+1","Dash"],"picked":"SKIP","floor":24},{"not_picked":["Bane","Cloak And Dagger+1"],"picked":"Footwork+1","floor":35},{"not_picked":["Heel Hook+1","Dagger Spray","Deadly Poison+1"],"picked":"SKIP","floor":38},{"not_picked":["Flying Knee","Sneak Up","Distraction+1"],"picked":"SKIP","floor":41},{"not_picked":["Eviscerate","Masterful Stab","Dagger Throw+1"],"picked":"SKIP","floor":42},{"not_picked":["Outmaneuver","Dagger Spray","Atom Bomb"],"picked":"SKIP","floor":46}],"player_experience":239784,"relics_obtained":[{"floor":7,"key":"Toy Ornithopter"},{"floor":9,"key":"Replay:Bottled Flurry"},{"floor":12,"key":"Ninja Scroll"},{"floor":26,"key":"Snake Skull"},{"floor":30,"key":"ReplayTheSpireMod:TigerMarble"},{"floor":34,"key":"Pet Ghost"},{"floor":34,"key":"Ornamental Fan"},{"floor":34,"key":"Peace Pipe"},{"floor":43,"key":"Bag of Preparation"}],"event_choices":[{"damage_healed":0,"gold_gain":0,"player_choice":"Donut","damage_taken":0,"max_hp_gain":5,"max_hp_loss":0,"event_name":"Big Fish","floor":2,"gold_loss":0},{"cards_removed":["Strike_G"],"damage_healed":0,"gold_gain":0,"player_choice":"Card Removal","damage_taken":0,"max_hp_gain":0,"max_hp_loss":0,"event_name":"Wheel of Change","floor":5,"gold_loss":0},{"damage_healed":0,"gold_gain":30,"player_choice":"Searched \u00272\u0027 times","damage_taken":0,"max_hp_gain":0,"max_hp_loss":0,"event_name":"Dead Adventurer","floor":12,"gold_loss":0},{"cards_removed":["ReplayTheSpireMod:Scrap Shanks"],"damage_healed":0,"gold_gain":0,"player_choice":"Purged","damage_taken":0,"max_hp_gain":0,"max_hp_loss":0,"event_name":"Purifier","floor":20,"gold_loss":0},{"damage_healed":0,"gold_gain":0,"player_choice":"Ignored","damage_taken":0,"max_hp_gain":0,"max_hp_loss":0,"event_name":"Beggar","floor":28,"gold_loss":0},{"cards_removed":["Strike_G"],"damage_healed":0,"gold_gain":0,"player_choice":"Removed Attack","damage_taken":0,"max_hp_gain":0,"max_hp_loss":0,"event_name":"Falling","floor":36,"gold_loss":0},{"damage_healed":19,"gold_gain":0,"player_choice":"Writhe","damage_taken":0,"max_hp_gain":0,"max_hp_loss":0,"event_name":"Winding Halls","floor":37,"gold_loss":0,"cards_obtained":["Writhe"]},{"cards_removed":["Strike_G"],"damage_healed":0,"gold_gain":0,"player_choice":"Purged","damage_taken":0,"max_hp_gain":0,"max_hp_loss":0,"event_name":"Purifier","floor":47,"gold_loss":0}],"is_beta":false,"boss_relics":[{"not_picked":["ReplayTheSpireMod:DimensionalGlitch","SacredBark"],"picked":"bronze:MakeshiftBattery"},{"not_picked":["Honey Jar","Pandora\u0027s Box"],"picked":"Calling Bell"}],"items_purged_floors":[],"is_endless":false,"potions_floor_spawned":[3,10,14,16,18,33,35,38,42],"ascension_level":0}}