{"host":"2qyxu97h6u4ukicb","time":1614436884,"event":{"mods":["AchievementEnabler","BaseMod","BetterRewards","Colored Map","Colored Powertips","Minty Spire (QoL Compilation)","Replay The Spire","Shop Mod","StSLib"],"gold_per_floor":[110,125,85,105,105,105,105,119,119,119,151,151,151,151,151,252,252,270,270,286,286,300,300,300],"floor_reached":23,"language":"ENG","playtime":4012,"items_purged":[],"score":289,"play_id":"36876278-7d5a-43ea-8fb1-d1d42f2fa6a8","local_time":"20210227084124","is_ascension_mode":false,"campfire_choices":[{"data":"Cleave","floor":6,"key":"SMITH"},{"data":"Sword Boomerang","floor":15,"key":"SMITH"}],"circlet_count":0,"master_deck":["Strike_R","Strike_R+1","Strike_R","Strike_R","Strike_R+1","Defend_R+1","Defend_R+1","Defend_R","Defend_R","Bash","Cleave+1","Ghostly Armor","Sword Boomerang+1","Metallicize","Limit Break","ReplayTheSpireMod:Faulty Equipment","CommonCold","Sickly","Twin Strike","Decay","Necronomicurse","Heavy Blade"],"relics":["Burning Blood","NeowsBlessing","Anchor","Replay:Ancient Bell","War Paint","Blue Candle","Bird Faced Urn","Necronomicon"],"acts_visited":["Exordium","TheCity"],"potions_floor_usage":[8,8,22,22],"damage_taken":[{"damage":0,"enemies":"Small Slimes","floor":1,"turns":1},{"damage":0,"enemies":"Cultist","floor":2,"turns":1},{"damage":0,"enemies":"2 Louse","floor":4,"turns":1},{"damage":7,"enemies":"Large Slime","floor":8,"turns":5},{"damage":20,"enemies":"Gremlin Nob","floor":11,"turns":4},{"damage":74,"enemies":"The Guardian","floor":16,"turns":15},{"damage":19,"enemies":"Shell Parasite","floor":18,"turns":11},{"damage":17,"enemies":"Chosen","floor":20,"turns":7},{"damage":13,"enemies":"Centurion and Healer","floor":22,"turns":6},{"damage":40,"enemies":"Sentry and Sphere","floor":23,"turns":5}],"seed_played":"-4474594500620091797","potions_obtained":[{"floor":3,"key":"ElixirPotion"},{"floor":3,"key":"SkillPotion"},{"floor":3,"key":"Weak Potion"},{"floor":16,"key":"Explosive Potion"},{"floor":20,"key":"Toxic Potion"}],"is_trial":false,"path_per_floor":["M","M","?","M","$","R","$","M","T","?","E","?","$","$","R","B",null,"M","?","M","?","M","M"],"character_chosen":"IRONCLAD","items_purchased":[],"campfire_rested":0,"item_purchase_floors":[],"current_hp_per_floor":[80,80,80,80,80,80,80,79,79,63,49,75,75,75,75,7,80,68,68,59,43,38,0,0],"gold":300,"neow_bonus":"THREE_ENEMY_KILL","is_daily":false,"chose_seed":false,"campfire_upgraded":2,"win_rate":0.0,"timestamp":1614436884,"path_taken":["M","M","?","M","$","R","?","M","T","?","E","?","?","$","R","BOSS","M","?","M","?","M","M"],"items_purchased_type":[],"build_version":"2020-12-22","purchased_purges":0,"victory":false,"max_hp_per_floor":[80,80,80,80,80,80,80,80,80,80,80,80,80,80,80,80,80,80,80,80,80,80,80,80],"card_choices":[{"not_picked":["Clothesline","Clash"],"picked":"Cleave","floor":1},{"not_picked":["Shockwave","Clothesline"],"picked":"Ghostly Armor","floor":2},{"not_picked":["Body Slam","Armaments","Warcry"],"picked":"SKIP","floor":4},{"not_picked":["ReplayTheSpireMod:LeadingStrike","Havoc"],"picked":"Sword Boomerang","floor":8},{"not_picked":["Bloodletting","Rupture"],"picked":"Metallicize","floor":11},{"not_picked":["Feed","Replay:Many Hands"],"picked":"Limit Break","floor":16},{"not_picked":["Looming Evil","Shame"],"picked":"ReplayTheSpireMod:Faulty Equipment","floor":17},{"not_picked":["ReplayTheSpireMod:Faulty Equipment","ReplayTheSpireMod:IOU"],"picked":"CommonCold","floor":17},{"not_picked":["Decay","CommonCold"],"picked":"Sickly","floor":17},{"not_picked":["Dual Wield","Havoc"],"picked":"Twin Strike","floor":18},{"not_picked":["Whirlwind","Bloodletting","Shrug It Off"],"picked":"SKIP","floor":20},{"not_picked":["Exhume","Infernal Blade"],"picked":"Heavy Blade","floor":22}],"player_experience":856666,"relics_obtained":[{"floor":11,"key":"Anchor"},{"floor":21,"key":"Necronomicon"}],"event_choices":[{"damage_healed":0,"gold_gain":0,"player_choice":"Bought 3 Potions","damage_taken":0,"max_hp_gain":0,"max_hp_loss":0,"event_name":"The Woman in Blue","floor":3,"gold_loss":0},{"damage_healed":0,"gold_gain":0,"player_choice":"Entered Light","damage_taken":16,"max_hp_gain":0,"max_hp_loss":0,"event_name":"Shining Light","floor":10,"gold_loss":0,"cards_upgraded":["Strike_R","Strike_R"]},{"damage_healed":26,"gold_gain":0,"player_choice":"Banana","damage_taken":0,"max_hp_gain":0,"max_hp_loss":0,"event_name":"Big Fish","floor":12,"gold_loss":0},{"damage_healed":0,"gold_gain":0,"player_choice":"Smashed Altar","damage_taken":0,"max_hp_gain":0,"max_hp_loss":0,"event_name":"Forgotten Altar","floor":19,"gold_loss":0,"cards_obtained":["Decay"]},{"damage_healed":0,"gold_gain":0,"player_choice":"Obtained Book","damage_taken":16,"max_hp_gain":0,"max_hp_loss":0,"event_name":"Cursed Tome","floor":21,"gold_loss":0}],"is_beta":false,"boss_relics":[{"not_picked":["Replay:Drink Me","Painkiller Herb"],"picked":"Replay:Ancient Bell"},{"not_picked":["Happy Flower","Grinning Jar"],"picked":"War Paint"},{"not_picked":["Garlic","Replay:Bottled Flurry"],"picked":"Blue Candle"},{"not_picked":["Replay:PocketPolymizer","CaptainsWheel"],"picked":"Bird Faced Urn"}],"items_purged_floors":[],"is_endless":false,"potions_floor_spawned":[4,16,18,20],"killed_by":"Sentry and Sphere","ascension_level":0}}