{"host":"rwiy0nr47d6nmxat","time":1614436546,"event":{"mods":["2.2 Compatiblity","AchievementEnabler","Act Like it!","Aspiration","BaseMod","Better Note","Better Sensory Stone","Block Reminder","Challenge The Spire","Colored Map","Colored Powertips","Conspire","Curses Come First","Elementarium","Highlight Path","Hubris","Infinite Spire","Mad Scientist","Minty Spire (QoL Compilation)","Permanent Neow","Quick Restart","Rare Cards Sparkle","Reliquary","Replay The Spire","Ruina","Spire Arcade","StSLib","SuperFastMode","The Cursed","TheFirefly","slay the spire mod where everything is the same but ironclad has a cowboy hat"],"gold_per_floor":[112,126,2,2,17,44,44,57,139,155,171,202,217,217,217,217,217],"floor_reached":16,"language":"ENG","playtime":486,"items_purged":[],"score":114,"play_id":"cd8f00ea-d246-4877-a282-025cf8e54040","local_time":"20210227093546","is_ascension_mode":false,"campfire_choices":[{"floor":7,"key":"REST"},{"floor":15,"key":"REST"}],"circlet_count":0,"master_deck":["Strike_B","Strike_B","Strike_B","Strike_B","Defend_B","Defend_B","Defend_B","Defend_B","Zap+1","Dualcast","Rebound","Ball Lightning","Ball Lightning+1","Defragment","Lockon","Leap","Double Energy","Hello World+1","Reinforced Body","Turbo","Auto Shields"],"relics":["Cracked Core","hubris:ToyBattleship","Replay:Bottled Steam","infinitespire:BottledMercury","reliquary:Buckler"],"acts_visited":["Exordium"],"potions_floor_usage":[16],"damage_taken":[{"damage":2,"enemies":"Small Slimes","floor":1,"turns":3},{"damage":1,"enemies":"Cultist","floor":2,"turns":3},{"damage":8,"enemies":"2 Louse","floor":5,"turns":2},{"damage":26,"enemies":"Lagavulin","floor":6,"turns":4},{"damage":1,"enemies":"Large Slime","floor":8,"turns":4},{"damage":13,"enemies":"2 Fungi Beasts","floor":10,"turns":3},{"damage":10,"enemies":"Looter","floor":11,"turns":2},{"damage":21,"enemies":"3 Sentries","floor":12,"turns":6},{"damage":0,"enemies":"Large Slime","floor":13,"turns":5},{"damage":42,"enemies":"The Guardian","floor":16,"turns":10}],"seed_played":"7093341482360918847","potions_obtained":[{"floor":6,"key":"Doom Potion"},{"floor":8,"key":"Elixir"},{"floor":10,"key":"Death Potion"}],"is_trial":false,"path_per_floor":["M","M","$","?","M","E","R","M","T","M","M","E","M","?","R","B"],"character_chosen":"DEFECT","items_purchased":["Ball Lightning","Defragment"],"campfire_rested":2,"item_purchase_floors":[3,3],"current_hp_per_floor":[73,72,72,75,67,41,64,63,63,50,40,19,19,19,42,0,0],"gold":217,"neow_bonus":"RANDOM_COMMON_RELIC","is_daily":false,"chose_seed":false,"campfire_upgraded":0,"win_rate":0.0,"timestamp":1614436546,"path_taken":["M","M","$","?","M","E","R","M","T","M","M","E","M","?","R","BOSS"],"items_purchased_type":["Card","Card"],"build_version":"2020-12-22","purchased_purges":0,"victory":false,"max_hp_per_floor":[75,75,75,78,78,78,78,78,78,78,78,78,78,78,78,78,78],"card_choices":[{"not_picked":["Streamline","Coolheaded"],"picked":"Rebound","floor":1},{"not_picked":["BasicCrystalCard","Lockon"],"picked":"Ball Lightning","floor":2},{"not_picked":["Darkness","Panic Button"],"picked":"Lockon","floor":5},{"not_picked":["Rip and Tear","ReplayTheSpireMod:Dual Polarity"],"picked":"Leap","floor":6},{"not_picked":["ReplayTheSpireMod:Reroute Power","Leap"],"picked":"Double Energy","floor":8},{"not_picked":["hubris:Ukulele","Cold Snap"],"picked":"Hello World","floor":10},{"not_picked":["Leap","Gash"],"picked":"Reinforced Body","floor":11},{"not_picked":["hubris:DoWhile","Chill"],"picked":"Turbo","floor":12},{"not_picked":["Go for the Eyes","Panic Button"],"picked":"Auto Shields","floor":13}],"player_experience":84005,"relics_obtained":[{"floor":6,"key":"Replay:Bottled Steam"},{"floor":9,"key":"infinitespire:BottledMercury"},{"floor":12,"key":"reliquary:Buckler"}],"event_choices":[{"damage_healed":0,"gold_gain":0,"player_choice":"Grow","damage_taken":0,"max_hp_gain":0,"max_hp_loss":0,"event_name":"Living Wall","floor":14,"gold_loss":0,"cards_upgraded":["Zap"]}],"is_beta":false,"boss_relics":[],"items_purged_floors":[],"is_endless":false,"potions_floor_spawned":[6,8,10,13],"killed_by":"The Guardian","ascension_level":0}}