{"host":"zcytydgb505ghzux","time":1614390268,"event":{"mods":["Act Like it!","BaseMod","Better Note","Better Sensory Stone","Colored Powertips","Downfall","Halation","Highlight Path","Hubris","Infinite Spire","Jorbs\u0027s Wanderer Trilogy","Marisa????????","Minty Spire (QoL Compilation)","Rare Cards Sparkle","Replay The Spire","StSLib","The Construct","The Exalted","The Hierophant","The Mystic","The Wild Card"],"gold_per_floor":[99,115,115,115,128,128,128,144,144,160,145,45,45,78,88,186,186,86,86,101,115,115,115,188,204,204,204,204],"floor_reached":26,"language":"ENG","playtime":1278,"items_purged":[],"score":231,"play_id":"d43d25f8-eb63-46ef-83f5-0a83e3529502","local_time":"20210226204428","is_ascension_mode":false,"campfire_choices":[{"floor":1,"key":"RECALL"},{"data":"champ:Shatter","floor":9,"key":"SMITH"},{"data":"champ:BladeFlurry","floor":12,"key":"SMITH"},{"data":"champ:BladeFlurry","floor":18,"key":"SMITH"},{"floor":23,"key":"REST"}],"circlet_count":0,"master_deck":["champ:Strike","champ:Strike","champ:Strike","champ:Strike","champ:Defend","champ:Defend+1","champ:Defend+1","champ:Defend","champ:Execute","champ:Taunt+1","champ:Backstep+1","downfall:Malfunctioning","champ:Shatter+1","Regret","champ:GutPunch","champ:IronFortress","champ:BladeFlurry+1","champ:VampiricStrike","champ:BladeFlurry+1","champ:Lariat","champ:BerserkersShout+1","champ:ShieldWall+1"],"relics":["champ:ChampionCrown","infinitespire:Satchel","hubris:64BitClover","downfall:HeartBlessingRed","Singing Bowl","SacredBark","downfall:HeartBlessingBlue","Matryoshka","Replay:Accelerometer"],"acts_visited":["Exordium","TheCity"],"potions_floor_usage":[21],"damage_taken":[{"damage":20,"enemies":"Small Slimes","floor":2,"turns":4},{"damage":10,"enemies":"2 Louse","floor":5,"turns":2},{"damage":12,"enemies":"Cultist","floor":8,"turns":4},{"damage":18,"enemies":"downfall:LooterAlt","floor":10,"turns":3},{"damage":21,"enemies":"downfall:FleeingMerchant","floor":11,"turns":4},{"damage":40,"enemies":"3 Sentries","floor":14,"turns":6},{"damage":10,"enemies":"Blue Slaver","floor":15,"turns":4},{"damage":66,"enemies":"IC_STATUS_ARCHETYPE","floor":16,"turns":10},{"damage":24,"enemies":"Spheric Guardian","floor":20,"turns":3},{"damage":76,"enemies":"downfall:LooterAlt2","floor":21,"turns":5},{"damage":32,"enemies":"Sentry and Sphere","floor":25,"turns":6},{"damage":12,"enemies":"Gremlin Leader","floor":26,"turns":2}],"seed_played":"8564255186267847094","potions_obtained":[{"floor":8,"key":"EssenceOfSteel"},{"floor":15,"key":"Cursed Concoction"},{"floor":20,"key":"AttackPotion"},{"floor":25,"key":"FearPotion"}],"is_trial":false,"path_per_floor":["R","M","?","?","M","?","T","M","R","M","$","R","T","E","M","B",null,"R","?","M","M","?","R","T","M","E"],"character_chosen":"THE_CHAMP","items_purchased":[],"campfire_rested":1,"item_purchase_floors":[],"current_hp_per_floor":[99,99,99,99,99,99,99,97,97,89,88,88,88,68,63,24,101,111,111,97,61,61,94,94,82,70,70,70],"gold":204,"neow_bonus":"TEN_PERCENT_HP_BONUS","is_daily":false,"chose_seed":false,"campfire_upgraded":3,"win_rate":0.0,"timestamp":1614390268,"path_taken":["R","M","?","?","?","?","T","M","R","M","$","R","?","E","M","BOSS","R","?","M","?","?","R","T","M","E"],"items_purchased_type":[],"build_version":"2020-12-22","purchased_purges":0,"victory":false,"max_hp_per_floor":[99,99,99,99,99,99,99,99,99,99,99,99,99,99,99,101,101,111,111,111,111,111,111,111,111,111,111,111],"card_choices":[{"not_picked":["champ:Duel","champ:DefensiveShout"],"picked":"champ:Backstep","floor":2},{"not_picked":["champ:CrownThrow","champ:StanceDance"],"picked":"champ:Shatter","floor":5},{"not_picked":["champ:BerserkersShout","champ:Parry"],"picked":"champ:GutPunch","floor":8},{"not_picked":["champ:PreciseThrust","champ:EndlessRage"],"picked":"champ:IronFortress","floor":10},{"not_picked":["champ:PerfectedStrike","champ:Circumvent"],"picked":"champ:BladeFlurry","floor":11},{"not_picked":["champ:GutPunch","champ:ArenaPreparation"],"picked":"champ:VampiricStrike","floor":14},{"not_picked":["champ:BringItOn","champ:FlashCut"],"picked":"champ:BladeFlurry","floor":15},{"not_picked":["champ:VampiricStrike","champ:DancingMaster","champ:ShieldThrow"],"picked":"Singing Bowl","floor":16},{"not_picked":["champ:RisingSlash","champ:Endure"],"picked":"champ:Lariat","floor":20},{"not_picked":["champ:GutPunch+1","champ:Parry"],"picked":"champ:BerserkersShout+1","floor":21},{"not_picked":["champ:CalledShot","champ:PreemptiveStrike"],"picked":"champ:ShieldWall+1","floor":25}],"player_experience":113053,"relics_obtained":[{"floor":7,"key":"hubris:64BitClover"},{"floor":14,"key":"Singing Bowl"},{"floor":24,"key":"Matryoshka"},{"floor":25,"key":"Replay:Accelerometer"}],"event_choices":[{"damage_healed":0,"gold_gain":0,"player_choice":"Forge","damage_taken":0,"max_hp_gain":0,"max_hp_loss":0,"event_name":"Accursed Blacksmith","floor":4,"gold_loss":0,"cards_upgraded":["champ:Backstep"]},{"damage_healed":0,"gold_gain":0,"player_choice":"Box","damage_taken":0,"relics_obtained":["infinitespire:Satchel"],"max_hp_gain":0,"max_hp_loss":0,"event_name":"Big Fish","floor":6,"gold_loss":0,"cards_obtained":["Regret"]},{"cards_removed":["champ:BladeFlurry"],"damage_healed":0,"gold_gain":0,"player_choice":"Give","damage_taken":0,"max_hp_gain":0,"max_hp_loss":0,"event_name":"betterNote:BetterNote","floor":19,"gold_loss":0,"cards_obtained":["None"]}],"is_beta":false,"boss_relics":[{"not_picked":["ReplayTheSpireMod:DimensionalGlitch","Kintsugi"],"picked":"SacredBark"}],"items_purged_floors":[],"is_endless":false,"potions_floor_spawned":[8,15,20,25],"killed_by":"Gremlin Leader","ascension_level":0}}