{"host":"dkr0dog13pegamnp","time":1614413519,"event":{"mods":["AchievementEnabler","BaseMod","Minty Spire (QoL Compilation)","Rare Cards Sparkle","StSLib","SuperFastMode","everything is the same but u backflip on backflip"],"gold_per_floor":[111,121,46,61,61,95,95,109,109,122,155,155,173,198,198,198,198],"floor_reached":16,"language":"KOR","playtime":413,"items_purged":[],"score":220,"play_id":"ed832301-1a00-4e55-bad9-6eebfb95c813","local_time":"20210227171159","is_ascension_mode":true,"campfire_choices":[{"data":"Blade Dance","floor":7.0,"key":"SMITH"},{"floor":12.0,"key":"REST"},{"data":"Adrenaline","floor":15.0,"key":"SMITH"}],"circlet_count":0,"master_deck":["AscendersBane","Strike_G","Strike_G","Strike_G","Strike_G","Defend_G","Defend_G","Defend_G","Defend_G","Defend_G","Survivor","Neutralize","Malaise+1","Backstab","Blade Dance+1","Dagger Spray","Adrenaline+1","Noxious Fumes","Dash"],"relics":["Ring of the Snake","Ninja Scroll","Letter Opener","HornCleat","Happy Flower"],"acts_visited":["Exordium"],"potions_floor_usage":[],"damage_taken":[{"damage":0.0,"enemies":"2 Louse","floor":1.0,"turns":3.0},{"damage":0.0,"enemies":"Small Slimes","floor":2.0,"turns":4.0},{"damage":1.0,"enemies":"Cultist","floor":4.0,"turns":5.0},{"damage":65.0,"enemies":"3 Sentries","floor":6.0,"turns":19.0},{"damage":5.0,"enemies":"Red Slaver","floor":8.0,"turns":3.0},{"damage":0.0,"enemies":"Lots of Slimes","floor":10.0,"turns":2.0},{"damage":3.0,"enemies":"Gremlin Nob","floor":11.0,"turns":3.0},{"damage":0.0,"enemies":"3 Louse","floor":13.0,"turns":2.0},{"damage":3.0,"enemies":"Lagavulin","floor":14.0,"turns":7.0},{"damage":25,"enemies":"Slime Boss","floor":16,"turns":7}],"seed_played":"-7565630401111867691","potions_obtained":[{"floor":1.0,"key":"EssenceOfSteel"},{"floor":4.0,"key":"FairyPotion"},{"floor":13.0,"key":"SmokeBomb"}],"is_trial":false,"path_per_floor":["M","M","?","M","?","E","R","M","T","M","E","R","M","E","R","B"],"character_chosen":"THE_SILENT","items_purchased":[],"campfire_rested":1,"item_purchase_floors":[],"current_hp_per_floor":[59,59,59,58,58,14,14,9,9,9,6,25,25,22,22,0,0],"gold":198,"neow_bonus":"ONE_RANDOM_RARE_CARD","is_daily":false,"chose_seed":false,"campfire_upgraded":2,"win_rate":0.0,"timestamp":1614413519,"path_taken":["M","M","?","M","?","E","R","M","T","M","E","R","M","E","R","BOSS"],"items_purchased_type":[],"build_version":"2020-12-22","purchased_purges":0,"victory":false,"max_hp_per_floor":[66,66,66,66,66,66,66,66,66,66,66,66,66,66,66,66,66],"card_choices":[{"not_picked":["Outmaneuver","Dodge and Roll"],"picked":"Backstab","floor":1.0},{"not_picked":["Deflect","Slice","Sucker Punch"],"picked":"SKIP","floor":2.0},{"not_picked":["Prepared","Quick Slash","Sucker Punch"],"picked":"SKIP","floor":4.0},{"not_picked":["Infinite Blades","Underhanded Strike"],"picked":"Blade Dance","floor":6.0},{"not_picked":["All Out Attack","Deflect"],"picked":"Dagger Spray","floor":8.0},{"not_picked":["Riddle With Holes","Distraction"],"picked":"Adrenaline","floor":10.0},{"not_picked":["Deadly Poison","Slice","Underhanded Strike"],"picked":"SKIP","floor":11.0},{"not_picked":["Poisoned Stab","Riddle With Holes"],"picked":"Noxious Fumes","floor":13.0},{"not_picked":["Deflect","Crippling Poison"],"picked":"Dash","floor":14.0}],"player_experience":128246,"relics_obtained":[{"floor":6.0,"key":"Ninja Scroll"},{"floor":9.0,"key":"Letter Opener"},{"floor":11.0,"key":"HornCleat"},{"floor":14.0,"key":"Happy Flower"}],"event_choices":[{"cards_removed":["Strike_G"],"damage_healed":0.0,"max_hp_gain":0.0,"max_hp_loss":0.0,"gold_gain":0.0,"event_name":"The Cleric","player_choice":"Card Removal","floor":3.0,"gold_loss":75.0,"damage_taken":0.0},{"damage_healed":0.0,"max_hp_gain":0.0,"max_hp_loss":0.0,"gold_gain":0.0,"event_name":"Upgrade Shrine","player_choice":"Upgraded","floor":5.0,"gold_loss":0.0,"damage_taken":0.0,"cards_upgraded":["Malaise"]}],"is_beta":false,"boss_relics":[],"items_purged_floors":[],"is_endless":false,"potions_floor_spawned":[1,4,13],"killed_by":"Slime Boss","ascension_level":16}}