{"host":"avq773cl9g5msfol","time":1614417316,"event":{"mods":["100% Spire Juice","AchievementEnabler","Act Like it!","Ascension Unlocker","Aspiration","Astrologer","Aya Shameimaru","Bard","Bartender","BaseMod","Better Altar","Better Third Choice","BetterRewards","CapriCore","ChefMod","Colored Map","Colored Powertips","Conspire","Dio Mod","Downfall","Elementarium","Energized Spire","Extra Virgin Snecko Oil","Gensokyo","GifTheSpireLib","Hallownest","Hermit","Highlight Path","Hubris","Humility","Infinite Spire","Jorbs\u0027s Wanderer Trilogy","Koishi","Magitek Elite","Marisa????????","Marked Mod","Menagerie","Minty Spire (QoL Compilation)","Pale of the Ancients","Potionbrewer","Quarter Circle Forward PUNCH!","Rare Cards Sparkle","Reimu??????","Relic Stats","Reliquary","Remilia??????","Replay The Spire","Robot Space Explorer","SacredBarkPlus","Shade Mod","Shapeshifter Mod","Somnambulant","Spicy Shops","Spire Arcade","StSLib","The Administrix","The Blue Laboratory","The Bug Knight","The Construct","The Cursed","The Disciple","The Dragon Tamer","The Exalted","The Hayseed","The Hierophant","The Hydrologist","The Immortal","The Marked","The Mystic","The Problem Sleuth","The Runesmith","The Senshi","The Vixen","The Wild Card","TheFirefly","Wandering Minibosses","Wide Potions","vexMod"],"gold_per_floor":[24647,113,123,123,108,142,142,157,187,204,204,220,507,537,554,628,628,628,639,667,567,567,580,662,695,695,722,737,772,772,468,478,555,555,555,569,569,583,601,601,624,247,288,288,321,367,367,425,454,492],"floor_reached":51,"language":"ENG","playtime":4028,"items_purged":["champ:TripleStrike+1"],"score":2164,"play_id":"77c0b062-f248-4289-9d57-8a2390ec7e2d","local_time":"20210227161516","is_ascension_mode":true,"campfire_choices":[{"data":"champ:Taunt","floor":1,"key":"SMITH"},{"data":"champ:Execute","floor":18,"key":"SMITH"},{"floor":26,"key":"REST"},{"data":"champ:CalledShot","floor":30,"key":"SMITH"},{"floor":35,"key":"REST"},{"data":"infinitespire:NeuralNetwork","floor":47,"key":"SMITH"}],"circlet_count":0,"master_deck":["AscendersBane","champ:Execute+1","champ:Taunt+1","champ:RecklessLeap+1","champ:HoldFirm+1","champ:HeavySlash+1","champ:RageSigil+1","champ:FlashCut+1","champ:RisingSlash+1","champ:FocusedDefense+1","champ:ArenaPreparation+1","champ:ShieldWall+1","champ:EnGarde+1","champ:Circumvent+1","champ:DefensiveStyle+1","champ:GutPunch+1","champ:ShieldSigil+1","champ:Haymaker+1","champ:StanceDance+1","champ:IronFortress+1","champ:AdrenalArmor+1","champ:TornadoPunch+1","champ:FocusedBerserking+1","champ:DefensiveShout+1","champ:Duel+1","champ:DancingMaster+1","champ:BerserkersShout+1","champ:BerserkerStyle+1","champ:PerfectedStrike+1","champ:CrookedStrike+1","champ:RapidStrikes+1","Replay:SS_forest_2+1","champ:BringItOn+1","champ:ViciousMockery+1","champ:UltimateStance+1","champ:TripleStrike+1","champ:Improvising+1","champ:Devastate+1","Replay:BasicMightCard+1","champ:CalledShot+1","champ:SwordThrow+1","champ:FanOfKnives+1","Midas Touch+1","champ:MurderStrike+1","infinitespire:Collect","infinitespire:NeuralNetwork+1"],"relics":["champ:ChampionCrown","Golden Egg","Quantum Egg","Pantograph","Happy Flower","Membership Card","conspire:Dentures","hubris:CrystalStatue","Strange Spoon","Sling","Replay:Kaleidoscope","Vajra","Thread and Needle","Mummified Hand","hubris:EmptyBottle","Oddly Smooth Stone","wanderingMiniBosses:OtherGremlinHorn","Gensokyo:CelestialsFlawlessClothing","reliquary:RosewoodLute","reliquary:WritOfMandamus","potionbrewer:Torch","Eternal Feather","Lantern","Durian","hubris:SphereOfDissonance","ReplayTheSpireMod:Onyx Gauntlets","Replay:Bandana","Bromod:ArcaneUltimatum","Anchor"],"acts_visited":["Gensokyo:Gensokyo","Elementarium:Elementarium","Hallownest:KingdomsEdge"],"potions_floor_usage":[5,5,8,13,19,29,33],"damage_taken":[{"damage":20,"enemies":"Gensokyo:2_Kodama","floor":2,"turns":2},{"damage":7,"enemies":"Gensokyo:Gryphon","floor":3,"turns":2},{"damage":70,"enemies":"downfall:FleeingMerchant","floor":5,"turns":4},{"damage":74,"enemies":"Gensokyo:Cirno","floor":6,"turns":5},{"damage":45,"enemies":"Gensokyo:3_Fairies","floor":8,"turns":6},{"damage":63,"enemies":"Gensokyo:Aya","floor":9,"turns":2},{"damage":14,"enemies":"Gensokyo:VengefulSpirit","floor":10,"turns":2},{"damage":0,"enemies":"Gensokyo:LivingMonolith","floor":12,"turns":1},{"damage":54,"enemies":"downfall:FleeingMerchant","floor":13,"turns":2},{"damage":66,"enemies":"Gensokyo:Cirno","floor":14,"turns":5},{"damage":39,"enemies":"Gensokyo:CorruptedTreant","floor":15,"turns":2},{"damage":54,"enemies":"WA_ARCHETYPE_RETAIN","floor":16,"turns":3},{"damage":51,"enemies":"Elementarium:2_ELEMENTALS","floor":19,"turns":2},{"damage":79,"enemies":"Elementarium:FIRE_NOBILITY","floor":20,"turns":4},{"damage":29,"enemies":"Elementarium:Cyclone","floor":23,"turns":2},{"damage":105,"enemies":"Elementarium:ElementalPortal","floor":25,"turns":5},{"damage":21,"enemies":"Elementarium:WarGolem","floor":27,"turns":2},{"damage":10,"enemies":"Elementarium:VoidBeast","floor":28,"turns":2},{"damage":62,"enemies":"Nightmare","floor":29,"turns":3},{"damage":5,"enemies":"Elementarium:RubyGolem","floor":32,"turns":2},{"damage":101,"enemies":"DF_ARCHETYPE_CLAW","floor":33,"turns":4},{"damage":7,"enemies":"Hallownest:Shield_Heavy","floor":36,"turns":3},{"damage":34,"enemies":"Hallownest:3_Siblings","floor":38,"turns":5},{"damage":66,"enemies":"Hallownest:2_Wing_and_1_Kings","floor":39,"turns":4},{"damage":20,"enemies":"Hallownest:Shield_Sturdy","floor":43,"turns":2},{"damage":49,"enemies":"Hallownest:2_Wandering_and_1_Horned","floor":45,"turns":3},{"damage":29,"enemies":"Hallownest:eliteHiveKnight","floor":48,"turns":3},{"damage":17,"enemies":"Hallownest:monsterPrimalAspid","floor":49,"turns":2},{"damage":101,"enemies":"IC_BLOCK_ARCHETYPE","floor":50,"turns":4}],"seed_played":"-4975769832811249217","potions_obtained":[],"is_trial":false,"path_per_floor":["R","M","M","?","$","E","T","M","E","M","?","M","$","E","M","B",null,"R","M","E","$","?","M","T","E","R","E","M","NM","R","$","M","B",null,"R","M","?","M","M","?","T","$","M","AVR","M","T","R","E","M","B",null],"character_chosen":"THE_CHAMP","items_purchased":["Pantograph","champ:ShieldWall","champ:EnGarde","champ:Circumvent","champ:DefensiveStyle","champ:GutPunch","champ:ShieldSigil","champ:Haymaker","champ:StanceDance+1","champ:IronFortress","champ:AdrenalArmor","champ:TornadoPunch","Happy Flower","champ:FocusedBerserking","champ:DefensiveShout","champ:Duel","champ:DancingMaster","champ:BerserkersShout","champ:BerserkerStyle","champ:PerfectedStrike","champ:CrookedStrike","champ:RapidStrikes","Membership Card","Block Potion","conspire:Dentures","Replay:SS_forest_2","hubris:CrystalStatue","champ:BringItOn","champ:ViciousMockery","champ:UltimateStance","blueLaboratory:BottleOfVodka","potionbrewer:CleansingPotion","Strange Spoon","Sling","Replay:Kaleidoscope","Vajra","Thread and Needle","Mummified Hand","hubris:EmptyBottle","champ:TripleStrike","Oddly Smooth Stone","Energy Potion","Replay:BasicMightCard","Adrenaline Potion","Durian","hubris:SphereOfDissonance","champ:FanOfKnives","Midas Touch","Bromod:ArcaneUltimatum","Anchor"],"campfire_rested":2,"item_purchase_floors":[0,0,0,0,0,0,0,0,0,0,0,0,0,0,0,0,0,0,0,0,0,0,0,0,0,0,0,0,0,0,0,0,0,0,0,0,0,0,0,0,0,13,21,21,31,31,42,42,42,42],"current_hp_per_floor":[73,73,73,81,81,81,81,81,81,81,57,57,57,57,51,76,80,80,80,80,80,80,77,77,77,81,81,78,78,81,86,86,84,86,86,86,51,57,59,63,63,63,64,64,64,64,86,74,74,86],"gold":492,"neow_bonus":"","is_daily":false,"chose_seed":false,"campfire_upgraded":4,"win_rate":0.0,"timestamp":1614417316,"path_taken":["R","M","M","?","?","E","T","M","E","M","?","M","$","E","M","BOSS","R","M","E","$","?","M","T","E","R","E","M","NM","R","$","M","BOSS","R","M","?","?","M","?","T","?","M","AVR","M","?","R","E","M","BOSS"],"items_purchased_type":["Relic","Card","Card","Card","Card","Card","Card","Card","Card","Card","Card","Card","Relic","Card","Card","Card","Card","Card","Card","Card","Card","Card","Relic","Potion","Relic","Card","Relic","Card","Card","Card","Potion","Potion","Relic","Relic","Relic","Relic","Relic","Relic","Relic","Card","Relic","Potion","Card","Potion","Relic","Relic","Card","Card","Relic","Relic"],"build_version":"2020-12-22","purchased_purges":1,"victory":true,"max_hp_per_floor":[81,81,81,81,81,81,81,81,81,81,81,81,81,81,81,81,81,81,81,81,81,81,81,81,81,81,81,81,81,81,86,86,86,86,86,86,86,86,86,86,86,86,86,86,86,86,86,86,86,86],"relic_stats":{"Strange Spoon":[17],"Happy Flower":[66],"counters":[94,249],"Mummified Hand":[444],"Pantograph":37,"Eternal Feather":29,"obtain_stats":[{"Ice Cream":0,"Bromod:ArcaneUltimatum":42,"Golden Egg":0,"hubris:CrystalStatue":0,"Vajra":0,"downfall:HeartBlessingGreen":23,"DemoMod:GlassGuonStoneRelic":2,"wanderingMiniBosses:OtherGremlinHorn":8,"Bottled Tornado":13,"Sling":0,"vexMod:CardConverter":22,"Ribbon":0,"downfall:ExtraCursedKey":38,"Toxic Egg 2":0,"champ:FightingForDummies":42,"conspire:Dentures":0,"Happy Flower":0,"Hallownest:SoulVesselRelic":46,"Oddly Smooth Stone":12,"hubris:SphereOfDissonance":31,"Eternal Feather":24,"infinitespire:Beetle Shell":31,"Replay:Kaleidoscope":0,"potionbrewer:Torch":20,"OrangePellets":0,"SlaversCollar":34,"wanderingMiniBosses:Blackblade":9,"PaintedHorse:ReiMu":3,"Molten Egg 2":0,"Pandora\u0027s Box":0,"infinitespire:EmpoweringShard":14,"ReplayTheSpireMod:TigerMarble":53,"CatCart":48,"reliquary:WritOfMandamus":17,"aspiration:HatOfInfinitePower":0,"bronze:MakeshiftBattery":44,"Pocketwatch":0,"Meat on the Bone":0,"vexMod:PlasmaPancake":39,"aspiration:Lifesprig":10,"Lantern":25,"champ:ChampionCrown":0,"hubris:EmptyBottle":0,"Hallownest:GodTamersBeastRelic":45,"ClockworkSouvenir":53,"Replay:Bandana":41,"hubris:Backtick":22,"downfall:HeartBlessingBlue":11,"Mummified Hand":27,"Pantograph":0,"hubris:ScarierMask":17,"hubris:CuriousFeather":22,"hubris:FunFungus":0,"aspiration:FutureDiary":34,"TheSimpletonMod:PicklingJar":48,"Replay:Towering Pillar of Hats":21,"downfall:HeartBlessingRed":23,"hubris:64BitClover":1,"Quantum Egg":0,"Thread and Needle":0,"champ:ChampionCrownUpgraded":17,"PreservedInsect":24,"Omamori":40,"Orichalcum":41,"Gensokyo:CelestialsFlawlessClothing":11,"reliquary:RosewoodLute":14,"Strange Spoon":0,"Anchor":42,"Durian":31,"Membership Card":0,"ReplayTheSpireMod:Onyx Gauntlets":34,"ReplayTheSpireMod:Lightbulb":31,"champ:SpectersHand":0,"RuthlessExorcism:ReiMu":24,"ReplayTheSpireMod:ShopPack":44},{"Ice Cream":34,"Bromod:ArcaneUltimatum":89,"Golden Egg":34,"hubris:CrystalStatue":65,"Vajra":65,"downfall:HeartBlessingGreen":46,"DemoMod:GlassGuonStoneRelic":1,"wanderingMiniBosses:OtherGremlinHorn":70,"Bottled Tornado":8,"Sling":65,"vexMod:CardConverter":13,"Ribbon":34,"downfall:ExtraCursedKey":55,"Toxic Egg 2":0,"champ:FightingForDummies":26,"conspire:Dentures":65,"Happy Flower":65,"Hallownest:SoulVesselRelic":30,"Oddly Smooth Stone":8,"hubris:SphereOfDissonance":84,"Eternal Feather":80,"infinitespire:Beetle Shell":51,"Replay:Kaleidoscope":65,"potionbrewer:Torch":79,"OrangePellets":34,"SlaversCollar":53,"wanderingMiniBosses:Blackblade":6,"PaintedHorse:ReiMu":1,"Molten Egg 2":0,"Pandora\u0027s Box":0,"infinitespire:EmpoweringShard":9,"ReplayTheSpireMod:TigerMarble":63,"CatCart":60,"reliquary:WritOfMandamus":77,"aspiration:HatOfInfinitePower":34,"bronze:MakeshiftBattery":26,"Pocketwatch":34,"Meat on the Bone":34,"vexMod:PlasmaPancake":24,"aspiration:Lifesprig":7,"Lantern":81,"champ:ChampionCrown":0,"hubris:EmptyBottle":65,"Hallownest:GodTamersBeastRelic":30,"ClockworkSouvenir":63,"Replay:Bandana":89,"hubris:Backtick":13,"downfall:HeartBlessingBlue":7,"Mummified Hand":16,"Pantograph":65,"hubris:ScarierMask":44,"hubris:CuriousFeather":13,"hubris:FunFungus":34,"aspiration:FutureDiary":21,"TheSimpletonMod:PicklingJar":32,"Replay:Towering Pillar of Hats":46,"downfall:HeartBlessingRed":46,"hubris:64BitClover":0,"Quantum Egg":34,"Thread and Needle":65,"champ:ChampionCrownUpgraded":11,"PreservedInsect":46,"Omamori":25,"Orichalcum":25,"Gensokyo:CelestialsFlawlessClothing":72,"reliquary:RosewoodLute":75,"Strange Spoon":65,"Anchor":89,"Durian":84,"Membership Card":34,"ReplayTheSpireMod:Onyx Gauntlets":86,"ReplayTheSpireMod:Lightbulb":19,"champ:SpectersHand":34,"RuthlessExorcism:ReiMu":13,"ReplayTheSpireMod:ShopPack":26},{"Ice Cream":81,"Bromod:ArcaneUltimatum":235,"Golden Egg":81,"hubris:CrystalStatue":161,"Vajra":161,"downfall:HeartBlessingGreen":105,"DemoMod:GlassGuonStoneRelic":2,"wanderingMiniBosses:OtherGremlinHorn":180,"Bottled Tornado":20,"Sling":161,"vexMod:CardConverter":31,"Ribbon":81,"downfall:ExtraCursedKey":122,"Toxic Egg 2":0,"champ:FightingForDummies":61,"conspire:Dentures":161,"Happy Flower":161,"Hallownest:SoulVesselRelic":70,"Oddly Smooth Stone":20,"hubris:SphereOfDissonance":217,"Eternal Feather":205,"infinitespire:Beetle Shell":113,"Replay:Kaleidoscope":161,"potionbrewer:Torch":203,"OrangePellets":81,"SlaversCollar":117,"wanderingMiniBosses:Blackblade":14,"PaintedHorse:ReiMu":2,"Molten Egg 2":0,"Pandora\u0027s Box":0,"infinitespire:EmpoweringShard":23,"ReplayTheSpireMod:TigerMarble":151,"CatCart":136,"reliquary:WritOfMandamus":197,"aspiration:HatOfInfinitePower":81,"bronze:MakeshiftBattery":61,"Pocketwatch":81,"Meat on the Bone":81,"vexMod:PlasmaPancake":56,"aspiration:Lifesprig":17,"Lantern":210,"champ:ChampionCrown":0,"hubris:EmptyBottle":161,"Hallownest:GodTamersBeastRelic":70,"ClockworkSouvenir":151,"Replay:Bandana":235,"hubris:Backtick":31,"downfall:HeartBlessingBlue":17,"Mummified Hand":37,"Pantograph":161,"hubris:ScarierMask":100,"hubris:CuriousFeather":31,"hubris:FunFungus":81,"aspiration:FutureDiary":50,"TheSimpletonMod:PicklingJar":76,"Replay:Towering Pillar of Hats":105,"downfall:HeartBlessingRed":105,"hubris:64BitClover":0,"Quantum Egg":81,"Thread and Needle":161,"champ:ChampionCrownUpgraded":27,"PreservedInsect":105,"Omamori":59,"Orichalcum":59,"Gensokyo:CelestialsFlawlessClothing":184,"reliquary:RosewoodLute":192,"Strange Spoon":161,"Anchor":235,"Durian":217,"Membership Card":81,"ReplayTheSpireMod:Onyx Gauntlets":223,"ReplayTheSpireMod:Lightbulb":46,"champ:SpectersHand":81,"RuthlessExorcism:ReiMu":31,"ReplayTheSpireMod:ShopPack":61}]},"card_choices":[{"not_picked":["champ:HeartStrike","champ:FanOfKnives","champ:Lariat"],"picked":"SKIP","floor":2},{"not_picked":["champ:AdrenalArmor","champ:GladiatorStyle","champ:CrownThrow"],"picked":"SKIP","floor":3},{"not_picked":["champ:PreciseThrust","champ:StanceDance","champ:FanOfKnives"],"picked":"SKIP","floor":5},{"not_picked":["champ:Circumvent","champ:PreemptiveStrike","champ:IronFortress"],"picked":"SKIP","floor":6},{"not_picked":["champ:ShieldSigil","champ:FalseCounter","champ:FanOfKnives"],"picked":"SKIP","floor":8},{"not_picked":["champ:StanceDance","champ:FlashCut","champ:FanOfKnives"],"picked":"SKIP","floor":9},{"not_picked":["champ:ViciousMockery","champ:Encircle","champ:PerfectedStrike"],"picked":"SKIP","floor":10},{"not_picked":["champ:ShieldSigil","champ:Circumvent","champ:FanOfKnives"],"picked":"SKIP","floor":12},{"not_picked":["champ:BladeFlurry","champ:EndlessRage","champ:ArenaPreparation"],"picked":"SKIP","floor":13},{"not_picked":["champ:Endure","champ:Backstep","champ:StanceDance"],"picked":"SKIP","floor":14},{"not_picked":["champ:Backstep","champ:BladeFlurry"],"picked":"champ:Improvising","floor":15},{"not_picked":["champ:UltimateStance","champ:HeavySlash"],"picked":"champ:Devastate","floor":16},{"not_picked":["champ:StanceDance","champ:BerserkerStyle","champ:ShieldSigil+1"],"picked":"SKIP","floor":19},{"not_picked":["champ:GladiatorStyle","champ:CrownThrow","champ:BerserkersShout"],"picked":"SKIP","floor":20},{"not_picked":["champ:EnGarde","champ:BladeFlurry","champ:Devastate"],"picked":"SKIP","floor":23},{"not_picked":["champ:PreciseThrust+1","champ:StanceDance+1","champ:BerserkerStyle+1"],"picked":"SKIP","floor":25},{"not_picked":["champ:FaceSlap","champ:SkillfulDodge","champ:CrownThrow"],"picked":"SKIP","floor":27},{"not_picked":["champ:Haymaker","champ:ShieldSigil","champ:TripleStrike"],"picked":"SKIP","floor":28},{"not_picked":["champ:BringItOn","champ:StanceDance","champ:CalledShot"],"picked":"SKIP","floor":29},{"not_picked":["champ:BringItOn","champ:StanceDance"],"picked":"champ:CalledShot","floor":29},{"not_picked":["champ:HeartStrike+1","champ:PreciseThrust","champ:ShieldSlam"],"picked":"SKIP","floor":32},{"not_picked":["champ:EnchantSword","champ:TripleStrike"],"picked":"champ:SwordThrow","floor":33},{"not_picked":["champ:PerfectedStrike","champ:CrownThrow","champ:FlashCut+1"],"picked":"SKIP","floor":36},{"not_picked":["champ:EnGarde","champ:TornadoPunch","champ:SkillfulDodge"],"picked":"SKIP","floor":38},{"not_picked":["champ:Encircle","champ:ShieldSigil+1","champ:SkillfulDodge"],"picked":"SKIP","floor":39},{"not_picked":["champ:DefensiveShout","champ:RapidStrikes"],"picked":"champ:MurderStrike","floor":43},{"not_picked":["champ:Circumvent+1","champ:BringItOn+1","champ:FancyFootwork+1"],"picked":"SKIP","floor":45},{"not_picked":["champ:Haymaker","champ:FanOfKnives","champ:TornadoPunch+1"],"picked":"SKIP","floor":48},{"not_picked":["champ:FanOfKnives","champ:GutPunch+1","champ:Circumvent"],"picked":"SKIP","floor":49}],"player_experience":1527131,"relics_obtained":[{"floor":8,"key":"wanderingMiniBosses:OtherGremlinHorn"},{"floor":14,"key":"reliquary:RosewoodLute"},{"floor":20,"key":"potionbrewer:Torch"},{"floor":24,"key":"Eternal Feather"},{"floor":25,"key":"Lantern"},{"floor":41,"key":"Replay:Bandana"}],"event_choices":[],"is_beta":false,"boss_relics":[{"not_picked":["qcfpunch:Killian_Engine_Alpha","aspiration:BardSkillbook"],"picked":"reliquary:WritOfMandamus"},{"not_picked":["Abe\u0027s Treasure","aspiration:MobileForge"],"picked":"ReplayTheSpireMod:Onyx Gauntlets"}],"items_purged_floors":[0],"is_endless":false,"potions_floor_spawned":[6,8,10,14,16,23,25,27,28,29,32,36,38,48],"ascension_level":20,"is_humility":true}}