{"host":"jsd6g3c2vo13e69c","time":1614454626,"event":{"mods":["2.2 Compatiblity","Act Like it!","BaseMod","Better Altar","Better Match","Better Note","Better Sensory Stone","Better Third Choice","BetterRewards","Colored Map","Colored Powertips","Downfall","Friendly Minions","GifTheSpireLib","Googly Eyes","Gremlin Mod","Hermit","Hubris","Infinite Spire","Melee Mod","Minty Spire (QoL Compilation)","Permanent Neow","Quick Restart","Random Character Button","Replay The Spire","Shop Mod","Spire Arcade","StSLib","The Cursed","The Disciple","The Forsaken","thorton"],"gold_per_floor":[99,116,130,140,156,170,194,194,12,12,31,31,31,58,77,180,180,80,91,1,1,1,30,30,57,77,77,96,96,96,246,261,363,363,163,163,180,190,204,204,204,204,223,223,236,236,236,236,254,254,254,288,2,2,2,2,2,2],"floor_reached":56,"language":"ENG","playtime":4542,"items_purged":["hexamod:Strike"],"score":714,"play_id":"9494bc49-bc10-4f90-8801-600c1223aba6","local_time":"20210227143706","is_ascension_mode":false,"campfire_choices":[{"floor":1,"key":"DIG"},{"data":"hexamod:SearingWound","floor":8,"key":"SMITH"},{"data":"expansioncontent:StudyTheSpire","floor":10,"key":"SMITH"},{"data":"hexamod:Float","floor":12,"key":"SMITH"},{"data":"hexamod:ForkedFlame","floor":18,"key":"SMITH"},{"floor":27,"key":"REST"},{"floor":30,"key":"RECALL"},{"data":"Sadistic Nature","floor":35,"key":"SMITH"},{"data":"hexamod:BurningTouch","floor":40,"key":"SMITH"},{"data":"hexamod:BurningTouch","floor":42,"key":"SMITH"},{"floor":44,"key":"REST"},{"data":"hexamod:DynamicBlow","floor":47,"key":"SMITH"},{"floor":54,"key":"REST"}],"circlet_count":0,"master_deck":["hexamod:Strike","hexamod:Strike","hexamod:Strike","hexamod:Defend","hexamod:Defend","hexamod:Defend","hexamod:Sear+1","hexamod:Float+1","hexamod:DynamicBlow+1","hexamod:SpectersWail","hexamod:BurningTouch+1","hexamod:SearingWound+1","hexamod:TimeWarp","expansioncontent:StudyTheSpire+1","hexamod:RainOfEmbers+1","hexamod:GhostOfSpirePast","hexamod:ForkedFlame+1","hexamod:BurningTouch+1","Sadistic Nature+1","hexamod:TimeWarp","hexamod:BurningTouch+1","hexamod:GhostOfSpirePast","infinitespire:Punishment","Metamorphosis"],"relics":["hexamod:SpiritBrand","Happy Flower","Potion Belt","thethorton:CrushedCigarette","BranchBurnRelic","downfall:HeartBlessingGreen","Ginger","Peace Pipe","hubris:Spice","Sundial","downfall:HeartBlessingRed","downfall:HeartBlessingBlue","downfall:TeleportStone","Garlic","Vajra"],"acts_visited":["Exordium","TheCity","TheBeyond","TheEnding"],"potions_floor_usage":[25,25,33,33,39,50,52,55,56,56,56,56],"damage_taken":[{"damage":7,"enemies":"infinitespire:Voidling","floor":2,"turns":3},{"damage":0,"enemies":"Cultist","floor":3,"turns":3},{"damage":0,"enemies":"Small Slimes","floor":4,"turns":3},{"damage":5,"enemies":"Exordium Thugs","floor":5,"turns":4},{"damage":3,"enemies":"Exordium Wildlife","floor":6,"turns":3},{"damage":5,"enemies":"downfall:FleeingMerchant","floor":9,"turns":4},{"damage":2,"enemies":"Blue Slaver","floor":11,"turns":3},{"damage":21,"enemies":"Lagavulin","floor":14,"turns":5},{"damage":11,"enemies":"Lots of Slimes","floor":15,"turns":3},{"damage":13,"enemies":"WA_ARCHETYPE_RETAIN","floor":16,"turns":4},{"damage":21,"enemies":"3 Byrds","floor":19,"turns":4},{"damage":0,"enemies":"downfall:FleeingMerchant","floor":20,"turns":4},{"damage":14,"enemies":"Book of Stabbing","floor":23,"turns":4},{"damage":28,"enemies":"Slavers","floor":25,"turns":4},{"damage":10,"enemies":"Spheric Guardian","floor":26,"turns":4},{"damage":5,"enemies":"Chosen and Byrds","floor":28,"turns":3},{"damage":9,"enemies":"downfall:FleeingMerchant","floor":31,"turns":3},{"damage":7,"enemies":"3 Cultists","floor":32,"turns":3},{"damage":23,"enemies":"SI_MIRROR_ARCHETYPE","floor":33,"turns":6},{"damage":7,"enemies":"3 Shapes","floor":37,"turns":3},{"damage":0,"enemies":"Orb Walker","floor":38,"turns":2},{"damage":18,"enemies":"Jaw Worm Horde","floor":39,"turns":3},{"damage":27,"enemies":"Sphere and 2 Shapes","floor":43,"turns":4},{"damage":8,"enemies":"4 Shapes","floor":45,"turns":4},{"damage":4,"enemies":"3 Darklings","floor":49,"turns":3},{"damage":50,"enemies":"IC_BLOCK_ARCHETYPE","floor":50,"turns":7},{"damage":67,"enemies":"downfall:CharBossMerchant","floor":52,"turns":6},{"damage":45,"enemies":"downfall:NeowBoss","floor":55,"turns":10},{"damage":41,"enemies":"downfall:NeowBossFinal","floor":56,"turns":5}],"seed_played":"-7426699315254348731","potions_obtained":[{"floor":5,"key":"Energy Potion"},{"floor":11,"key":"FearPotion"},{"floor":15,"key":"BlessingOfTheForge"},{"floor":23,"key":"PowerPotion"},{"floor":26,"key":"SkillPotion"},{"floor":32,"key":"Fire Potion"},{"floor":33,"key":"Energy Potion"},{"floor":37,"key":"SteroidPotion"},{"floor":39,"key":"Elixir"},{"floor":43,"key":"Milkshake"},{"floor":52,"key":"bronze:BurnAndBuffPotion"}],"is_trial":false,"path_per_floor":["R_BF","M","M","M","M","M","T","R","$","R","M","R","?","E","M","B",null,"R","M","$","?","AVR","E","T","E","M","R","M","T","R","$","M","B",null,"R","?","M","M","M","R","T","R","M","R","M","$","R","AVR","M","B",null,"E","$","R","B","B"],"character_chosen":"THE_SPIRIT","items_purchased":["expansioncontent:StudyTheSpire","Sadistic Nature","Metamorphosis","SneckoOil"],"campfire_rested":3,"item_purchase_floors":[9,31,53,53],"current_hp_per_floor":[70,70,70,70,65,62,62,62,57,57,55,55,55,34,23,10,70,70,52,52,52,52,38,38,28,18,41,48,48,48,51,44,21,86,96,96,95,95,77,77,77,77,62,90,88,88,88,88,96,56,96,29,29,57,27,0,0,0],"gold":2,"neow_bonus":"UPGRADE_CARD","is_daily":false,"chose_seed":false,"campfire_upgraded":8,"win_rate":0.0,"timestamp":1614454626,"path_taken":["R_BF","?","M","M","M","M","T","R","$","R","M","R","?","E","M","BOSS","R","M","$","?","AVR","E","T","E","M","R","M","?","R","?","M","BOSS","R","?","M","M","M","R","T","R","M","R","M","$","R","AVR","M","BOSS","E","$","R","BOSS","BOSS"],"items_purchased_type":["Card","Card","Card","Potion"],"build_version":"2020-12-22","purchased_purges":1,"victory":false,"max_hp_per_floor":[70,70,70,70,70,70,70,70,70,70,70,70,70,70,70,70,70,70,70,70,70,70,70,70,78,78,78,78,78,78,78,78,78,86,96,96,96,96,96,96,96,96,96,96,96,96,96,96,96,96,96,96,96,96,96,96,96,96],"card_choices":[{"not_picked":["hexamod:HeatMetal","hexamod:Haunt"],"picked":"hexamod:DynamicBlow","floor":2},{"not_picked":["hexamod:HauntingEcho","hexamod:GhostOfSpireFuture","hexamod:AdvancingGuard"],"picked":"SKIP","floor":3},{"not_picked":["hexamod:BacktrackSmack","hexamod:GhostShield"],"picked":"hexamod:SpectersWail","floor":4},{"not_picked":["hexamod:FlamesFromBeyond","hexamod:NightmareStrike"],"picked":"hexamod:BurningTouch","floor":5},{"not_picked":["hexamod:GhostLash","hexamod:RadiantFlame"],"picked":"hexamod:SearingWound","floor":6},{"not_picked":["hexamod:NightmareStrike","hexamod:AdvancingGuard"],"picked":"hexamod:TimeWarp","floor":9},{"not_picked":["hexamod:Haunt","hexamod:FlamesFromBeyond","hexamod:Hexaguard"],"picked":"SKIP","floor":11},{"not_picked":["hexamod:FirstSeal","hexamod:InspiringFlames"],"picked":"hexamod:GhostOfSpirePast","floor":14},{"not_picked":["hexamod:SuperheatedStrike","hexamod:Haunt","hexamod:GhostOfSpireFuture"],"picked":"SKIP","floor":15},{"not_picked":["hexamod:ParanormalForm","hexamod:FlameSwitch"],"picked":"hexamod:ForkedFlame","floor":16},{"not_picked":["hexamod:BacktrackSmack+1","hexamod:ExtraCrispy","hexamod:StepThrough"],"picked":"SKIP","floor":19},{"not_picked":["hexamod:AdvancingGuard","hexamod:Hexaguard+1","hexamod:Firestarter"],"picked":"SKIP","floor":20},{"not_picked":["hexamod:Firestarter+1","hexamod:RadiantFlame","hexamod:HeatMetal"],"picked":"SKIP","floor":23},{"not_picked":["hexamod:VolcanoVisage","hexamod:FlamesFromBeyond+1","hexamod:ThirdSeal"],"picked":"SKIP","floor":25},{"not_picked":["hexamod:SwordOfDarkness","hexamod:SuperheatedStrike+1","hexamod:Haunt+1"],"picked":"SKIP","floor":26},{"not_picked":["hexamod:EtherealExpedition","hexamod:FastForward","hexamod:SpectralSpark+1"],"picked":"SKIP","floor":28},{"not_picked":["hexamod:InspiringFlames","hexamod:GhostShield"],"picked":"hexamod:BurningTouch","floor":31},{"not_picked":["hexamod:NightmareGuise+1","hexamod:HauntingEcho","hexamod:ApocalypticArmor"],"picked":"SKIP","floor":32},{"not_picked":["hexamod:GiftsFromTheDead","hexamod:ApocalypticArmor"],"picked":"hexamod:TimeWarp","floor":33},{"not_picked":["hexamod:ShieldOfDarkness","hexamod:HeatCrush"],"picked":"hexamod:BurningTouch+1","floor":37},{"not_picked":["hexamod:ForkedFlame","hexamod:BurningTouch"],"picked":"hexamod:GhostOfSpirePast","floor":38},{"not_picked":["hexamod:GhostLash+1","hexamod:HeatMetal","hexamod:AdvancingGuard+1"],"picked":"SKIP","floor":39},{"not_picked":["hexamod:FastForward+1","hexamod:ShieldOfDarkness","hexamod:FourthSeal"],"picked":"SKIP","floor":43},{"not_picked":["hexamod:WildfireWeapon","hexamod:NecessarySacrifice","hexamod:RainOfEmbers"],"picked":"SKIP","floor":45},{"not_picked":["hexamod:NightmareStrike+1","hexamod:SwordOfDarkness","hexamod:Incineration"],"picked":"SKIP","floor":49},{"not_picked":["hexamod:Incineration","hubris:SpiceAddiction","hexamod:PhantomCloak+1"],"picked":"SKIP","floor":52}],"player_experience":545423,"relics_obtained":[{"floor":1,"key":"Happy Flower"},{"floor":7,"key":"Potion Belt"},{"floor":14,"key":"Dead Branch"},{"floor":23,"key":"Peace Pipe"},{"floor":25,"key":"hubris:Spice"},{"floor":29,"key":"Sundial"},{"floor":41,"key":"Garlic"},{"floor":52,"key":"Vajra"}],"event_choices":[{"damage_healed":0,"gold_gain":0,"player_choice":"Ignored","damage_taken":0,"max_hp_gain":0,"max_hp_loss":0,"event_name":"betterNote:BetterNote","floor":21,"gold_loss":0,"cards_obtained":["HandOfGreed"]}],"is_beta":false,"boss_relics":[{"not_picked":["ChewingGum","Astrolabe"],"picked":"thethorton:CrushedCigarette"},{"not_picked":["hubris:VirtuousBlindfold","Tiny House"],"picked":"hubris:Spice"}],"items_purged_floors":[20],"is_endless":false,"potions_floor_spawned":[5,11,15,23,26,32,33,37,39,43,52],"killed_by":"downfall:NeowBossFinal","ascension_level":0}}