{"host":"by8i6f8xc0ywpsd5","time":1614421917,"event":{"mods":["BaseMod","Colored Map","Minty Spire (QoL Compilation)","Relic Stats"],"gold_per_floor":[115,115,35,50,66,66,99,115,115,133,133,144,144,174,174,249,249,262,280,299,299,224,224,256,256,283,283,313,313,347,368,368,454,454,480,495,505,522,522,522,549,549,549,575,591,591,331,363,363,363,363,363,363,17,42,42],"floor_reached":57,"language":"ENG","playtime":2756,"items_purged":["Defend_R"],"score":2689,"play_id":"20609f7d-24db-426b-9c95-21eb33441cb7","local_time":"20210227123157","is_ascension_mode":true,"campfire_choices":[{"data":"Uppercut","floor":6.0,"key":"SMITH"},{"data":"Fire Breathing","floor":11.0,"key":"SMITH"},{"data":"Disarm","floor":13.0,"key":"SMITH"},{"data":"Power Through","floor":15.0,"key":"SMITH"},{"data":"Havoc","floor":23,"key":"SMITH"},{"data":"Evolve","floor":25,"key":"SMITH"},{"data":"Disarm","floor":27,"key":"SMITH"},{"data":"Havoc","floor":32,"key":"SMITH"},{"data":"Fiend Fire","floor":40,"key":"SMITH"},{"data":"Fire Breathing","floor":42,"key":"SMITH"},{"floor":46,"key":"RECALL"},{"data":"Barricade","floor":49,"key":"SMITH"},{"data":"Berserk","floor":53,"key":"SMITH"}],"circlet_count":0,"master_deck":["AscendersBane","Defend_R","Defend_R","Bash","Uppercut+1","Fire Breathing+1","Iron Wave","Reckless Charge","Power Through+1","Disarm+1","Disarm+1","Evolve+1","Barricade+1","Berserk+1","Reaper+1","Sever Soul+1","Battle Trance+1","Fire Breathing+1","Shrug It Off","Havoc+1","Necronomicurse","Headbutt","Havoc+1","Headbutt","Fiend Fire+1","Dark Embrace","Sentinel","Dark Embrace","Exhume"],"relics":["Burning Blood","PreservedInsect","Paper Frog","Ice Cream","Astrolabe","Necronomicon","Meat on the Bone","Bronze Scales","Centennial Puzzle","CeramicFish","Coffee Dripper","HornCleat","Membership Card","Juzu Bracelet","Red Skull","Lantern","Eternal Feather"],"acts_visited":["Exordium","TheCity","TheBeyond","TheEnding"],"potions_floor_usage":[28,41,50,50,50,51,55],"damage_taken":[{"damage":9.0,"enemies":"2 Louse","floor":1.0,"turns":4.0},{"damage":2.0,"enemies":"Cultist","floor":4.0,"turns":4.0},{"damage":6.0,"enemies":"Jaw Worm","floor":5.0,"turns":4.0},{"damage":41.0,"enemies":"Gremlin Nob","floor":7.0,"turns":5.0},{"damage":0.0,"enemies":"Large Slime","floor":8.0,"turns":6.0},{"damage":5.0,"enemies":"2 Fungi Beasts","floor":10.0,"turns":5.0},{"damage":4.0,"enemies":"Blue Slaver","floor":12.0,"turns":4.0},{"damage":7.0,"enemies":"Lagavulin","floor":14.0,"turns":6.0},{"damage":12.0,"enemies":"The Guardian","floor":16.0,"turns":11.0},{"damage":3,"enemies":"Chosen","floor":18,"turns":4},{"damage":17,"enemies":"Spheric Guardian","floor":19,"turns":5},{"damage":5,"enemies":"Cultist and Chosen","floor":20,"turns":5},{"damage":19,"enemies":"Gremlin Leader","floor":24,"turns":6},{"damage":34,"enemies":"Slavers","floor":28,"turns":3},{"damage":10,"enemies":"Gremlin Leader","floor":30,"turns":4},{"damage":11,"enemies":"Centurion and Healer","floor":31,"turns":6},{"damage":32,"enemies":"Champ","floor":33,"turns":11},{"damage":0,"enemies":"3 Shapes","floor":35,"turns":5},{"damage":12,"enemies":"Orb Walker","floor":36,"turns":3},{"damage":39,"enemies":"Transient","floor":37,"turns":6},{"damage":23,"enemies":"Jaw Worm Horde","floor":38,"turns":4},{"damage":23,"enemies":"Nemesis","floor":41,"turns":7},{"damage":32,"enemies":"Sphere and 2 Shapes","floor":44,"turns":4},{"damage":16,"enemies":"Transient","floor":45,"turns":6},{"damage":9,"enemies":"Giant Head","floor":48,"turns":5},{"damage":58,"enemies":"Awakened One","floor":50,"turns":8},{"damage":52,"enemies":"Donu and Deca","floor":51,"turns":6},{"damage":16,"enemies":"Shield and Spear","floor":55,"turns":3},{"damage":62,"enemies":"The Heart","floor":56,"turns":7}],"seed_played":"-5436237671388447431","potions_obtained":[{"floor":4.0,"key":"GamblersBrew"},{"floor":7.0,"key":"GamblersBrew"},{"floor":8.0,"key":"PowerPotion"},{"floor":10.0,"key":"CultistPotion"},{"floor":31,"key":"SpeedPotion"},{"floor":37,"key":"EntropicBrew"}],"is_trial":false,"path_per_floor":["M","?","$","M","M","R","E","M","T","M","R","M","R","E","R","B",null,"M","M","M","?","?","R","E","R","T","R","E","?","E","M","R","B",null,"M","M","M","M","?","R","E","R","T","M","M","R","$","E","R","B","B",null,"R","$","E","B",null],"character_chosen":"IRONCLAD","items_purchased":["Fire Breathing","Membership Card","Dark Embrace","SpeedPotion","Red Skull","Lantern","Exhume","FairyPotion","SneckoOil"],"campfire_rested":0,"item_purchase_floors":[3,47,47,47,54,54,54,54,54],"current_hp_per_floor":[61,61,61,65,65,65,30,36,36,37,37,39,39,38,38,32,75,83,72,83,62,62,62,76,76,76,76,57,57,89,89,89,68,84,89,83,60,73,73,73,72,72,72,58,58,58,58,72,72,51,34,75,75,75,65,31],"gold":42,"neow_bonus":"TWENTY_PERCENT_HP_BONUS","is_daily":false,"chose_seed":false,"campfire_upgraded":12,"win_rate":0.0,"timestamp":1614421917,"path_taken":["M","?","$","M","M","R","E","?","T","M","R","M","R","E","R","BOSS","M","M","?","?","?","R","E","R","T","R","E","?","E","M","R","BOSS","M","M","M","M","?","R","E","R","T","M","M","R","$","E","R","BOSS","BOSS","R","$","E","BOSS"],"items_purchased_type":["Card","Relic","Card","Potion","Relic","Relic","Card","Potion","Potion"],"build_version":"2020-12-22","purchased_purges":1,"victory":true,"max_hp_per_floor":[89,89,89,89,89,89,89,89,89,89,89,89,89,89,89,89,89,89,89,89,89,89,89,89,89,89,89,89,89,89,89,89,89,89,89,89,89,89,89,89,89,89,89,89,89,89,89,89,89,89,89,89,89,89,89,89],"relic_stats":{"Centennial Puzzle":[42],"counters":[29,157],"Astrolabe":["Reaper","Sever Soul","Battle Trance"],"Bronze Scales":[315],"CeramicFish":63,"Eternal Feather":0,"PreservedInsect":425,"Necronomicon":[53],"Juzu Bracelet":0,"obtain_stats":[{"Ice Cream":14,"Lantern":54,"Astrolabe":17,"CeramicFish":30,"Eternal Feather":55,"PreservedInsect":7,"Juzu Bracelet":48,"Burning Blood":0,"Centennial Puzzle":28,"HornCleat":41,"Bronze Scales":26,"Necronomicon":21,"Coffee Dripper":34,"Membership Card":47,"Red Skull":54,"Paper Frog":9,"Meat on the Bone":24},{"Ice Cream":8,"Lantern":27,"Astrolabe":9,"CeramicFish":15,"Eternal Feather":28,"PreservedInsect":4,"Juzu Bracelet":25,"Burning Blood":0,"Centennial Puzzle":14,"HornCleat":22,"Bronze Scales":13,"Necronomicon":12,"Coffee Dripper":17,"Membership Card":24,"Red Skull":27,"Paper Frog":5,"Meat on the Bone":13},{"Ice Cream":38,"Lantern":147,"Astrolabe":49,"CeramicFish":76,"Eternal Feather":150,"PreservedInsect":17,"Juzu Bracelet":133,"Burning Blood":0,"Centennial Puzzle":72,"HornCleat":118,"Bronze Scales":69,"Necronomicon":63,"Coffee Dripper":93,"Membership Card":128,"Red Skull":147,"Paper Frog":23,"Meat on the Bone":69}],"Burning Blood":161,"Meat on the Bone":48},"card_choices":[{"not_picked":["Heavy Blade","Sword Boomerang"],"picked":"Uppercut","floor":1.0},{"not_picked":["Havoc","Clash"],"picked":"Iron Wave","floor":4.0},{"not_picked":["Anger","Clothesline"],"picked":"Reckless Charge","floor":5.0},{"not_picked":["Second Wind","Sentinel"],"picked":"Power Through","floor":7.0},{"not_picked":["Dual Wield","Shrug It Off"],"picked":"Disarm","floor":8.0},{"not_picked":["Thunderclap","Pommel Strike"],"picked":"Disarm","floor":10.0},{"not_picked":["Inflame","Feel No Pain"],"picked":"Evolve","floor":12.0},{"not_picked":["Pommel Strike","Anger"],"picked":"Barricade","floor":14.0},{"not_picked":["Demon Form","Limit Break"],"picked":"Berserk","floor":16.0},{"not_picked":["Flex","Body Slam"],"picked":"Fire Breathing","floor":18},{"not_picked":["Warcry","Combust"],"picked":"Shrug It Off","floor":19},{"not_picked":["Bludgeon","Warcry"],"picked":"Havoc","floor":20},{"not_picked":["Clash","Warcry","Flex+1"],"picked":"SKIP","floor":24},{"not_picked":["Perfected Strike","Wild Strike","Limit Break"],"picked":"SKIP","floor":28},{"not_picked":["Thunderclap","Armaments"],"picked":"Havoc","floor":30},{"not_picked":["Warcry","Flex"],"picked":"Headbutt","floor":31},{"not_picked":["Demon Form","Bludgeon"],"picked":"Fiend Fire","floor":33},{"not_picked":["Twin Strike","Wild Strike"],"picked":"Dark Embrace","floor":35},{"not_picked":["Searing Blow","Armaments","Dual Wield"],"picked":"SKIP","floor":36},{"not_picked":["Dropkick","Inflame","Whirlwind"],"picked":"SKIP","floor":37},{"not_picked":["Pommel Strike","Clash+1","Twin Strike"],"picked":"SKIP","floor":38},{"not_picked":["Reaper","Clash+1","Heavy Blade"],"picked":"SKIP","floor":41},{"not_picked":["Perfected Strike+1","Warcry"],"picked":"Sentinel","floor":44},{"not_picked":["Heavy Blade","Armaments+1","Twin Strike"],"picked":"SKIP","floor":45},{"not_picked":["Reckless Charge","Headbutt+1","Spot Weakness"],"picked":"SKIP","floor":48},{"not_picked":["Bludgeon","Barricade","Twin Strike"],"picked":"SKIP","floor":55}],"player_experience":1809363,"relics_obtained":[{"floor":7.0,"key":"PreservedInsect"},{"floor":9.0,"key":"Paper Frog"},{"floor":14.0,"key":"Ice Cream"},{"floor":21,"key":"Necronomicon"},{"floor":24,"key":"Meat on the Bone"},{"floor":26,"key":"Bronze Scales"},{"floor":28,"key":"Centennial Puzzle"},{"floor":30,"key":"CeramicFish"},{"floor":41,"key":"HornCleat"},{"floor":48,"key":"Juzu Bracelet"},{"floor":55,"key":"Eternal Feather"}],"event_choices":[{"cards_removed":["Strike_R"],"damage_healed":0.0,"max_hp_gain":0.0,"max_hp_loss":0.0,"gold_gain":0.0,"event_name":"Bonfire Elementals","player_choice":"Offered Basic","floor":2.0,"gold_loss":0.0,"damage_taken":0.0},{"damage_healed":0,"gold_gain":0,"player_choice":"Obtained Book","damage_taken":21,"max_hp_gain":0,"max_hp_loss":0,"event_name":"Cursed Tome","floor":21,"gold_loss":0},{"cards_removed":["Strike_R"],"damage_healed":0,"gold_gain":0,"player_choice":"Gave Gold","damage_taken":0,"max_hp_gain":0,"max_hp_loss":0,"event_name":"Beggar","floor":22,"gold_loss":75},{"damage_healed":0,"gold_gain":0,"player_choice":"Read","damage_taken":0,"max_hp_gain":0,"max_hp_loss":0,"event_name":"The Library","floor":29,"gold_loss":0,"cards_obtained":["Headbutt"]},{"cards_removed":["Defend_R"],"damage_healed":0,"gold_gain":0,"player_choice":"Removed Skill","damage_taken":0,"max_hp_gain":0,"max_hp_loss":0,"event_name":"Falling","floor":39,"gold_loss":0}],"is_beta":false,"boss_relics":[{"not_picked":["Sozu","Runic Pyramid"],"picked":"Astrolabe"},{"not_picked":["Snecko Eye","Fusion Hammer"],"picked":"Coffee Dripper"}],"items_purged_floors":[47],"is_endless":false,"potions_floor_spawned":[4,7,8,10,16,18,24,31,35,37,38,48],"ascension_level":20}}