{"host":"yg1n0qads92lo9wl","time":1614400031,"event":{"mods":["Act Like it!","Astrologer","BaseMod","Downfall","Minty Spire (QoL Compilation)","Replay The Spire","Ruina","StSLib"],"gold_per_floor":[99,119,129,143,243,243,243,3,37,55,55,78,78,113,141,254,254,254,280,307,13,13,34,34,84,108,108,108,129,129,129,151,161,161,161],"floor_reached":33,"language":"ZHS","playtime":3561,"items_purged":[],"score":335,"play_id":"5d3ec77f-ad13-46fa-b645-a96ad385f17c","local_time":"20210227122711","is_ascension_mode":true,"campfire_choices":[{"floor":1.0,"key":"DIG"},{"data":"sneckomod:Unknown","floor":6.0,"key":"SMITH"},{"data":"sneckomod:UnknownRareSkill","floor":11.0,"key":"SMITH"},{"data":"sneckomod:UnknownUncommonPower","floor":13.0,"key":"SMITH"},{"data":"sneckomod:MorePower","floor":18.0,"key":"SMITH"},{"floor":30.0,"key":"REST"}],"circlet_count":0,"master_deck":["sneckomod:TailWhip","sneckomod:SnekBite","sneckomod:Unknown+1","sneckomod:Unknown","sneckomod:UnknownCommonSkill","sneckomod:UnknownBlock","sneckomod:SoulCleanse","sneckomod:UnknownRareSkill+1","sneckomod:UnknownUncommonPower+1","sneckomod:UnknownCommonAttack","sneckomod:SlitherStrike","sneckomod:UnknownDexterity","sneckomod:PureSnecko","sneckomod:CheapStock","sneckomod:MorePower+1","sneckomod:UnknownX","sneckomod:Unknown1Cost+1","sneckomod:UnknownExhaust+1","sneckomod:UnknownX+1","sneckomod:Unknown0Cost+1","sneckomod:UnknownRareAttack+1","sneckomod:UnknownX","sneckomod:UnknownUncommonSkill","sneckomod:Unknown3Cost","sneckomod:UnknownStrength+1","sneckomod:UnknownClassASTROLOGER+1","sneckomod:UnknownRarePower+1","downfall:Bewildered","sneckomod:UnknownDraw+1","sneckomod:QuickMove","sneckomod:ImprovisedGuard"],"relics":["sneckomod:SneckoSoul","Regal Pillow","downfall:GremlinWheel","Replay:PocketPolymizer","Replay:Bandana","Singing Bowl","SlaversCollar","Snack Pack","ReplayTheSpireMod:ShopPack","Pear","Replay:Accelerometer","sneckomod:BabySnecko"],"acts_visited":["Exordium","TheCity"],"potions_floor_usage":[33,33],"damage_taken":[{"damage":4.0,"enemies":"Jaw Worm","floor":2.0,"turns":2.0},{"damage":0.0,"enemies":"Cultist","floor":3.0,"turns":3.0},{"damage":1.0,"enemies":"2 Louse","floor":4.0,"turns":2.0},{"damage":15.0,"enemies":"2 Louse","floor":5.0,"turns":4.0},{"damage":0.0,"enemies":"downfall:FleeingMerchant","floor":8.0,"turns":4.0},{"damage":11.0,"enemies":"Lagavulin","floor":9.0,"turns":5.0},{"damage":2.0,"enemies":"2 Fungi Beasts","floor":10.0,"turns":4.0},{"damage":5.0,"enemies":"Red Slaver","floor":12.0,"turns":5.0},{"damage":3.0,"enemies":"Gremlin Gang","floor":14.0,"turns":4.0},{"damage":7.0,"enemies":"3 Louse","floor":15.0,"turns":3.0},{"damage":38.0,"enemies":"DF_ARCHETYPE_STREAMLINE","floor":16.0,"turns":11.0},{"damage":29.0,"enemies":"Shell Parasite","floor":19.0,"turns":5.0},{"damage":1.0,"enemies":"Chosen","floor":20.0,"turns":6.0},{"damage":5.0,"enemies":"downfall:FleeingMerchant","floor":21.0,"turns":4.0},{"damage":38.0,"enemies":"Shelled Parasite and Fungi","floor":23.0,"turns":7.0},{"damage":27.0,"enemies":"Slavers","floor":25.0,"turns":3.0},{"damage":13.0,"enemies":"Snecko","floor":26.0,"turns":5.0},{"damage":14.0,"enemies":"Centurion and Healer","floor":29.0,"turns":8.0},{"damage":16.0,"enemies":"3 Cultists","floor":32.0,"turns":4.0},{"damage":66,"enemies":"SI_MIRROR_ARCHETYPE","floor":33,"turns":8}],"seed_played":"747715793515273847","potions_obtained":[{"floor":3.0,"key":"LiquidMemories"},{"floor":4.0,"key":"Fire Potion"},{"floor":9.0,"key":"Milkshake"},{"floor":16.0,"key":"PowerPotion"},{"floor":19.0,"key":"Elixir"},{"floor":23.0,"key":"Energy Potion"},{"floor":25.0,"key":"AttackPotion"},{"floor":31.0,"key":"Toxic Potion"},{"floor":31.0,"key":"DuplicationPotion"}],"is_trial":false,"path_per_floor":["R","M","M","M","?","R","T","$","E","M","R","M","R","M","M","B",null,"R","M","M","$","?","M","T","E","M","?","?","M","R","?","M","B"],"character_chosen":"THE_SNECKO","items_purchased":["Replay:Bandana","sneckomod:UnknownUncommonPower","sneckomod:UnknownRareAttack","ReplayTheSpireMod:ShopPack"],"campfire_rested":1,"item_purchase_floors":[8,8,21,21],"current_hp_per_floor":[99,95,95,94,79,79,79,79,70,68,68,63,63,60,53,15,101,101,76,81,84,84,48,58,39,30,30,30,18,71,71,59,0,0,0],"gold":161,"neow_bonus":"TEN_PERCENT_HP_BONUS","is_daily":false,"chose_seed":false,"campfire_upgraded":4,"win_rate":0.0,"timestamp":1614400031,"path_taken":["R","M","M","M","?","R","T","?","E","M","R","M","R","M","M","BOSS","R","M","M","$","?","M","T","E","M","?","?","?","R","?","M","BOSS"],"items_purchased_type":["Relic","Card","Card","Relic"],"build_version":"2020-12-22","purchased_purges":0,"victory":false,"max_hp_per_floor":[99,99,99,99,99,99,99,99,101,101,101,101,101,101,101,101,101,101,101,105,113,113,115,125,127,129,129,129,129,129,129,131,131,131,131],"card_choices":[{"not_picked":["sneckomod:QuickBite","sneckomod:IronFang"],"picked":"sneckomod:UnknownCommonSkill","floor":2.0},{"not_picked":["sneckomod:UnknownCommonSkill","sneckomod:Nope"],"picked":"sneckomod:UnknownBlock","floor":3.0},{"not_picked":["sneckomod:SnakeSap","sneckomod:TrashToTreasure"],"picked":"sneckomod:SoulCleanse","floor":4.0},{"not_picked":["sneckomod:Nope","sneckomod:UnendingSupply"],"picked":"sneckomod:UnknownRareSkill","floor":8.0},{"not_picked":["sneckomod:UnknownVulnerable","sneckomod:QuickBite","sneckomod:SoulCleanse"],"picked":"Singing Bowl","floor":9.0},{"not_picked":["sneckomod:UnknownX","sneckomod:RainOfDice"],"picked":"sneckomod:UnknownCommonAttack","floor":10.0},{"not_picked":["sneckomod:TrashToTreasure","sneckomod:UnknownWeak"],"picked":"sneckomod:SlitherStrike","floor":12.0},{"not_picked":["sneckomod:UnknownCommonAttack","sneckomod:UnknownStrength"],"picked":"sneckomod:PureSnecko","floor":14.0},{"not_picked":["sneckomod:TrashToTreasure","sneckomod:UnknownCommonSkill"],"picked":"sneckomod:CheapStock","floor":15.0},{"not_picked":["sneckomod:Mudshield","sneckomod:Restock"],"picked":"sneckomod:MorePower","floor":16.0},{"not_picked":["sneckomod:UnknownStrike+1","sneckomod:UnknownColorless+1"],"picked":"sneckomod:Unknown1Cost+1","floor":19.0},{"not_picked":["sneckomod:SoulRoll","sneckomod:MasterEye+1"],"picked":"sneckomod:UnknownExhaust+1","floor":19.0},{"not_picked":["sneckomod:UnknownStrength+1","sneckomod:Unknown2Cost+1"],"picked":"sneckomod:UnknownX+1","floor":20.0},{"not_picked":["sneckomod:Unknown2Cost+1","sneckomod:UnknownDexterity+1","sneckomod:UnknownCommonAttack+1"],"picked":"Singing Bowl","floor":20.0},{"not_picked":["sneckomod:DiceBlock","sneckomod:WideSting+1","sneckomod:Unknown1Cost"],"picked":"Singing Bowl","floor":20.0},{"not_picked":["sneckomod:Unknown3Cost+1","sneckomod:UnknownWeak+1"],"picked":"sneckomod:Unknown0Cost+1","floor":21.0},{"not_picked":["sneckomod:SlitherStrike","sneckomod:TrashToTreasure+1","sneckomod:IronFang"],"picked":"Singing Bowl","floor":21.0},{"not_picked":["ReplayTheSpireMod:Brewmster","ReplayTheSpireMod:Necrogeddon","Sadistic Nature"],"picked":"Singing Bowl","floor":21.0},{"not_picked":["ReplayTheSpireMod:Uncanny Aura","Replay:Bootleg Shield Generator","Good Instincts"],"picked":"Singing Bowl","floor":21.0},{"not_picked":["Replay:Sssssssssshield","Good Instincts","Enlightenment"],"picked":"Singing Bowl","floor":21.0},{"not_picked":["sneckomod:UnknownDraw+1","sneckomod:UnknownDexterity+1"],"picked":"sneckomod:UnknownStrength+1","floor":23.0},{"not_picked":["sneckomod:DiceCrush","sneckomod:SoulDraw","sneckomod:UnknownDexterity"],"picked":"Singing Bowl","floor":23.0},{"not_picked":["sneckomod:Unknown3Cost+1","sneckomod:UnknownStrength+1"],"picked":"sneckomod:UnknownClassASTROLOGER+1","floor":25.0},{"not_picked":["sneckomod:Nope","sneckomod:ImprovisedGuard","sneckomod:Unknown1Cost"],"picked":"Singing Bowl","floor":25.0},{"not_picked":["sneckomod:Unknown0Cost+1","sneckomod:UnknownDexterity+1"],"picked":"sneckomod:UnknownRarePower+1","floor":26.0},{"not_picked":["sneckomod:QuickBite+1","sneckomod:SoulRoll+1","sneckomod:WideSting+1"],"picked":"Singing Bowl","floor":26.0},{"not_picked":["sneckomod:UnknownStrength+1","sneckomod:UnknownRarePower+1"],"picked":"sneckomod:UnknownDraw+1","floor":29.0},{"not_picked":["sneckomod:UnendingSupply","sneckomod:SlitherStrike+1"],"picked":"sneckomod:QuickMove","floor":29.0},{"not_picked":["sneckomod:ImprovisedAttack","sneckomod:SnekBeam","sneckomod:DiceBoulder+1"],"picked":"Singing Bowl","floor":32.0}],"player_experience":554311,"relics_obtained":[{"floor":1.0,"key":"Regal Pillow"},{"floor":5.0,"key":"downfall:GremlinWheel"},{"floor":7.0,"key":"Replay:PocketPolymizer"},{"floor":9.0,"key":"Singing Bowl"},{"floor":18.0,"key":"Snack Pack"},{"floor":24.0,"key":"Pear"},{"floor":25.0,"key":"Replay:Accelerometer"}],"event_choices":[{"damage_healed":0.0,"max_hp_gain":0.0,"max_hp_loss":0.0,"gold_gain":0.0,"event_name":"Wheel of Change","player_choice":"Relic","floor":18.0,"gold_loss":0.0,"damage_taken":0.0},{"damage_healed":0.0,"max_hp_gain":0.0,"max_hp_loss":0.0,"gold_gain":0.0,"event_name":"Lab","player_choice":"Got Potions","floor":31.0,"gold_loss":0.0,"damage_taken":0.0}],"is_beta":false,"boss_relics":[{"not_picked":["Runic Dome","Snecko Eye"],"picked":"SlaversCollar"}],"items_purged_floors":[],"is_endless":false,"potions_floor_spawned":[3,4,9,16,19,23,25],"killed_by":"SI_MIRROR_ARCHETYPE","ascension_level":1}}