{"host":"9ab6zvx33qoi7ia9","time":1614428170,"event":{"mods":["Act Like it!","Ascension Unlocker","BaseMod","Downfall","Gensokyo","Marked Mod","Minty Spire (QoL Compilation)","Pale of the Ancients","Permanent Neow","Quick Restart","StSLib","The Jungle"],"gold_per_floor":[110,110,130,144,69,98,98,24,51,51,84,84,101,135,135,239,239,254,254,504,524,524,559,559,439,439,439,458,458,472,482,482,583,583,603,603,618,638,655,683,683,693,740,765,818,818,818,838,838,838],"floor_reached":51,"language":"ZHS","playtime":3091,"items_purged":["Injury"],"score":970,"play_id":"7cffb49e-c843-4888-b96d-7c63e7f2169d","local_time":"20210227201610","is_ascension_mode":false,"campfire_choices":[{"floor":10.0,"key":"REST"},{"data":"Neutralize","floor":12.0,"key":"SMITH"},{"data":"Survivor","floor":15.0,"key":"SMITH"},{"floor":24.0,"key":"REST"},{"data":"Glass Knife","floor":27.0,"key":"SMITH"},{"data":"Deadly Poison","floor":32.0,"key":"SMITH"},{"floor":41.0,"key":"REST"},{"data":"Reflex","floor":46,"key":"SMITH"},{"data":"Corpse Explosion","floor":49,"key":"SMITH"}],"circlet_count":0,"master_deck":["Strike_G+1","Strike_G+1","Defend_G","Defend_G","Defend_G","Defend_G","Survivor+1","Neutralize+1","Deadly Poison+1","Reflex+1","Bane+1","Corpse Explosion+1","Glass Knife+1","Acrobatics+1","Escape Plan","Gensokyo:Dawn+1","Backstab+1"],"relics":["Empty Cage","Happy Flower","Gremlin Horn","Whetstone","Slimebound:PreparedRelic","sneckomod:SneckoTalon","Gensokyo:MosesMiracle","Regal Pillow","Gensokyo:DemonMask","The Specimen","Oddly Smooth Stone","SlaversCollar","Centennial Puzzle","Guardian:PocketSentry","Pantograph","Lantern"],"acts_visited":["Gensokyo:Gensokyo","Gensokyo:Gensokyoer","Gensokyo:Gensokyoest"],"potions_floor_usage":[50],"damage_taken":[{"damage":1.0,"enemies":"Gensokyo:Python","floor":1.0,"turns":4.0},{"damage":3.0,"enemies":"Gensokyo:3_Fairies","floor":3.0,"turns":4.0},{"damage":8.0,"enemies":"Gensokyo:2_Kodama","floor":4.0,"turns":6.0},{"damage":9.0,"enemies":"Gensokyo:Mamizou","floor":6.0,"turns":9.0},{"damage":3.0,"enemies":"Gensokyo:Cirno","floor":11.0,"turns":4.0},{"damage":4.0,"enemies":"Gensokyo:Kitsune","floor":13.0,"turns":2.0},{"damage":18.0,"enemies":"Gensokyo:Mamizou","floor":14.0,"turns":6.0},{"damage":10.0,"enemies":"Gensokyo:Yukari","floor":16.0,"turns":7.0},{"damage":0.0,"enemies":"Gensokyo:CosmicMonolith","floor":18.0,"turns":3.0},{"damage":7.0,"enemies":"Gensokyo:3_Dogs","floor":21.0,"turns":3.0},{"damage":35.0,"enemies":"Gensokyo:Reisen","floor":23.0,"turns":5.0},{"damage":6.0,"enemies":"Gensokyo:Wraith","floor":28.0,"turns":4.0},{"damage":5.0,"enemies":"Gensokyo:Slime_Group","floor":30.0,"turns":5.0},{"damage":1.0,"enemies":"Gensokyo:Swordslinger","floor":31.0,"turns":4.0},{"damage":0.0,"enemies":"Gensokyo:Eternal_Rivals","floor":33.0,"turns":5.0},{"damage":0.0,"enemies":"Gensokyo:3_Boulders","floor":35.0,"turns":3.0},{"damage":0.0,"enemies":"Gensokyo:3_Bats","floor":37.0,"turns":3.0},{"damage":0.0,"enemies":"Gensokyo:3_Boulders","floor":38.0,"turns":2.0},{"damage":10.0,"enemies":"Gensokyo:Dusk_and_Dawn","floor":39.0,"turns":3.0},{"damage":12.0,"enemies":"Gensokyo:Marisa","floor":40.0,"turns":6.0},{"damage":1.0,"enemies":"Gensokyo:SeedOfUnknown","floor":42.0,"turns":4.0},{"damage":20,"enemies":"Gensokyo:Kasen","floor":44,"turns":5},{"damage":0,"enemies":"Gensokyo:Kasen","floor":47,"turns":1},{"damage":0,"enemies":"Gensokyo:Rafflesia","floor":48,"turns":1},{"damage":1,"enemies":"Gensokyo:Yuyuko","floor":50,"turns":6}],"seed_played":"8744342154936631613","potions_obtained":[{"floor":1.0,"key":"Strength Potion"},{"floor":6.0,"key":"SkillPotion"},{"floor":14.0,"key":"Explosive Potion"},{"floor":16.0,"key":"Fruit Juice"},{"floor":23.0,"key":"FairyPotion"},{"floor":31.0,"key":"AttackPotion"},{"floor":35.0,"key":"SkillPotion"},{"floor":37.0,"key":"Explosive Potion"},{"floor":39.0,"key":"PowerPotion"},{"floor":42.0,"key":"Weak Potion"}],"is_trial":false,"path_per_floor":["M","?","M","M","$","E","?","$","T","R","E","R","M","E","R","B",null,"M","?","?","M","?","E","R","?","T","R","M","T","M","M","R","B",null,"M","?","M","M","M","E","R","M","T","E","T","R","?","M","R","B",null],"character_chosen":"THE_SILENT","items_purchased":["Corpse Explosion"],"campfire_rested":3,"item_purchase_floors":[8],"current_hp_per_floor":[69,69,66,58,58,49,49,49,49,70,67,67,63,45,45,35,70,70,70,66,59,59,29,65,65,65,65,59,59,54,53,53,53,71,71,61,61,61,51,39,71,70,70,50,50,50,50,50,50,50],"gold":838,"neow_bonus":"BOSS_RELIC","is_daily":false,"chose_seed":false,"campfire_upgraded":6,"win_rate":0.0,"timestamp":1614428170,"path_taken":["M","?","M","M","?","E","?","$","T","R","E","R","M","E","R","BOSS","M","?","?","M","?","E","R","?","T","R","M","?","?","M","R","BOSS","M","?","M","?","?","E","R","M","T","E","?","R","?","M","R","BOSS"],"items_purchased_type":["Card"],"build_version":"2020-12-22","purchased_purges":1,"victory":true,"max_hp_per_floor":[70,70,70,70,70,70,70,70,70,70,70,70,70,70,70,70,70,70,70,66,66,66,71,71,71,71,71,71,71,71,71,71,71,71,71,71,71,71,71,71,71,71,71,71,71,71,71,71,71,71],"card_choices":[{"not_picked":["Concentrate","Slice"],"picked":"Deadly Poison","floor":1.0},{"not_picked":["PiercingWail","Dodge and Roll"],"picked":"Reflex","floor":3.0},{"not_picked":["Acrobatics","Dodge and Roll","Cloak And Dagger"],"picked":"SKIP","floor":4.0},{"not_picked":["Terror","Bullet Time","Dash"],"picked":"SKIP","floor":6.0},{"not_picked":["Deadly Poison","Quick Slash","Acrobatics"],"picked":"SKIP","floor":11.0},{"not_picked":["Blade Dance","Dodge and Roll","Concentrate"],"picked":"SKIP","floor":13.0},{"not_picked":["Venomology","Finisher","Setup"],"picked":"SKIP","floor":14.0},{"not_picked":["Malaise","Doppelganger"],"picked":"Glass Knife","floor":16.0},{"not_picked":["Dagger Spray","Blade Dance","Crippling Poison"],"picked":"SKIP","floor":18.0},{"not_picked":["Blur","Dagger Spray","Accuracy+1"],"picked":"SKIP","floor":21.0},{"not_picked":["Slice","PiercingWail","Leg Sweep+1"],"picked":"SKIP","floor":23.0},{"not_picked":["Underhanded Strike+1","Well Laid Plans"],"picked":"Acrobatics+1","floor":28.0},{"not_picked":["Noxious Fumes","Acrobatics","Backflip"],"picked":"SKIP","floor":30.0},{"not_picked":["Leg Sweep+1","Predator"],"picked":"Escape Plan","floor":31.0},{"not_picked":["Backflip+1","Well Laid Plans","Flying Knee+1"],"picked":"SKIP","floor":35.0},{"not_picked":["Blade Dance+1","Underhanded Strike+1","Caltrops+1"],"picked":"SKIP","floor":37.0},{"not_picked":["Dodge and Roll+1","Backflip+1","Deflect"],"picked":"SKIP","floor":38.0},{"not_picked":["Slice+1","Outmaneuver+1","Dodge and Roll+1"],"picked":"SKIP","floor":39.0},{"not_picked":["Reflex+1","Flying Knee","Corpse Explosion"],"picked":"SKIP","floor":40.0},{"not_picked":["Dodge and Roll+1","Bane+1","Flying Knee"],"picked":"SKIP","floor":42.0},{"not_picked":["Flying Knee+1","Dagger Throw","Underhanded Strike"],"picked":"SKIP","floor":44},{"not_picked":["Gensokyo:RainbowDanmaku+1","Gensokyo:DreamlikeParadise+1"],"picked":"Gensokyo:Dawn+1","floor":47},{"not_picked":["Sucker Punch+1","Slice+1"],"picked":"Backstab+1","floor":48}],"player_experience":273401,"relics_obtained":[{"floor":6.0,"key":"Gremlin Horn"},{"floor":9.0,"key":"Juzu Bracelet"},{"floor":11.0,"key":"Whetstone"},{"floor":14.0,"key":"Slimebound:PreparedRelic"},{"floor":23.0,"key":"Regal Pillow"},{"floor":26.0,"key":"The Specimen"},{"floor":28.0,"key":"Gensokyo:MosesMiracle"},{"floor":29.0,"key":"Oddly Smooth Stone"},{"floor":40.0,"key":"Centennial Puzzle"},{"floor":43.0,"key":"Guardian:PocketSentry"},{"floor":44,"key":"Pantograph"},{"floor":45,"key":"Lantern"}],"event_choices":[],"is_beta":false,"boss_relics":[{"not_picked":["bronze:MakeshiftBattery","expansioncontent:StudyCardRelic"],"picked":"sneckomod:SneckoTalon"},{"not_picked":["Astrolabe","Cursed Key"],"picked":"SlaversCollar"}],"items_purged_floors":[5],"is_endless":false,"potions_floor_spawned":[1,6,14,16,23,31,33,35,37,39,42],"ascension_level":0}}