{"host":"l3xrug4zqg5ym5g5","time":1614401814,"event":{"mods":["AchievementEnabler","BaseMod","Colored Map","Highlight Path","Minty Spire (QoL Compilation)","Quick Restart","Rare Cards Sparkle","Relic Sorter","Relic Stats","StSLib","SuperFastMode"],"gold_per_floor":[111,130,28,103,113,113,21,21,103,278,278,293,313,313,313,443,506,527,527,28,28,52,52,67,67,67,100,115,115,240,254,254,254,254],"floor_reached":33,"language":"ENG","playtime":1048,"items_purged":["Doubt"],"score":355,"play_id":"925756b3-49a7-4726-8502-c06f9258634e","local_time":"20210226235654","is_ascension_mode":false,"campfire_choices":[{"data":"Infernal Blade","floor":6,"key":"SMITH"},{"data":"Trip","floor":8,"key":"SMITH"},{"data":"Offering","floor":11,"key":"SMITH"},{"data":"Thunderclap","floor":15,"key":"SMITH"},{"data":"Feed","floor":23,"key":"SMITH"},{"floor":32,"key":"REST"}],"circlet_count":0,"master_deck":["Strike_R","Strike_R","Strike_R","Strike_R","Strike_R","Defend_R","Defend_R","Defend_R","Defend_R","Bash","Offering+1","Thunderclap+1","Infernal Blade+1","Thunderclap+1","Twin Strike","Trip+1","Pommel Strike","Sword Boomerang","Juggernaut","Cleave","Intimidate+1","Infernal Blade+1","Shrug It Off+1","Ghostly+1","Ghostly+1","Ghostly+1","Ghostly+1","Ghostly+1","Feed+1","Armaments+1","Intimidate+1","Shrug It Off+1","Writhe","Infernal Blade+1","Clothesline+1"],"relics":["Burning Blood","Toxic Egg 2","Golden Idol","Tiny House","PreservedInsect","OrangePellets","Kunai","Charon\u0027s Ashes","Juzu Bracelet","Magic Flower","Pantograph"],"acts_visited":["Exordium","TheCity"],"potions_floor_usage":[16,18,18,18,22,28,30,31,31,33],"damage_taken":[{"damage":6,"enemies":"Small Slimes","floor":1,"turns":3},{"damage":6,"enemies":"2 Louse","floor":2,"turns":1},{"damage":6,"enemies":"Cultist","floor":5,"turns":3},{"damage":15,"enemies":"Looter","floor":12,"turns":3},{"damage":0,"enemies":"2 Fungi Beasts","floor":13,"turns":2},{"damage":6,"enemies":"Slime Boss","floor":16,"turns":5},{"damage":16,"enemies":"2 Thieves","floor":18,"turns":4},{"damage":10,"enemies":"Spheric Guardian","floor":22,"turns":8},{"damage":4,"enemies":"3 Cultists","floor":24,"turns":6},{"damage":4,"enemies":"Book of Stabbing","floor":27,"turns":5},{"damage":13,"enemies":"Centurion and Healer","floor":28,"turns":8},{"damage":20,"enemies":"Colosseum Slavers","floor":30,"turns":3},{"damage":9,"enemies":"Colosseum Nobs","floor":30,"turns":4},{"damage":5,"enemies":"Snake Plant","floor":31,"turns":3},{"damage":48,"enemies":"Automaton","floor":33,"turns":12}],"seed_played":"-4050887755320270445","potions_obtained":[{"floor":2,"key":"Energy Potion"},{"floor":12,"key":"ColorlessPotion"},{"floor":17,"key":"Weak Potion"},{"floor":18,"key":"SpeedPotion"},{"floor":22,"key":"ElixirPotion"},{"floor":27,"key":"LiquidMemories"},{"floor":30,"key":"Swift Potion"},{"floor":31,"key":"Explosive Potion"}],"is_trial":false,"path_per_floor":["M","M","$","?","M","R","$","R","T","?","R","M","M","?","R","B",null,"M","?","$","?","M","R","M","?","T","E","M","?","?","M","R","B"],"character_chosen":"IRONCLAD","items_purchased":["Thunderclap","Block Potion","Trip","BloodPotion","Strength Potion","PreservedInsect","Shrug It Off+1","OrangePellets"],"campfire_rested":1,"item_purchase_floors":[3,3,7,20,20,20,20,20],"current_hp_per_floor":[80,80,80,69,69,69,69,69,69,69,69,60,66,66,66,66,85,75,75,75,42,38,38,40,40,40,42,35,35,18,34,42,0,0],"gold":254,"neow_bonus":"ONE_RANDOM_RARE_CARD","is_daily":false,"chose_seed":false,"campfire_upgraded":5,"win_rate":0.0,"timestamp":1614401814,"path_taken":["M","M","$","?","M","R","$","R","T","?","R","M","M","?","R","BOSS","M","?","$","?","M","R","M","?","T","E","?","?","?","M","R","BOSS"],"items_purchased_type":["Card","Potion","Card","Potion","Potion","Relic","Card","Relic"],"build_version":"2020-12-22","purchased_purges":1,"victory":false,"max_hp_per_floor":[80,80,80,80,80,80,80,80,80,80,80,80,80,80,80,80,85,85,85,85,42,42,42,42,42,42,42,42,42,42,42,42,42,42],"relic_stats":{"OrangePellets":[1],"counters":[15,70],"Golden Idol":89,"Pantograph":0,"Magic Flower":[7],"PreservedInsect":77,"Charon\u0027s Ashes":[195],"Juzu Bracelet":0,"Kunai":[11],"obtain_stats":[{"OrangePellets":20,"Tiny House":17,"Golden Idol":14,"Pantograph":30,"Magic Flower":30,"PreservedInsect":20,"Charon\u0027s Ashes":27,"Juzu Bracelet":29,"Kunai":26,"Toxic Egg 2":9,"Burning Blood":0},{"OrangePellets":7,"Tiny House":6,"Golden Idol":5,"Pantograph":13,"Magic Flower":13,"PreservedInsect":7,"Charon\u0027s Ashes":10,"Juzu Bracelet":11,"Kunai":9,"Toxic Egg 2":3,"Burning Blood":0},{"OrangePellets":21,"Tiny House":17,"Golden Idol":12,"Pantograph":55,"Magic Flower":55,"PreservedInsect":21,"Charon\u0027s Ashes":40,"Juzu Bracelet":48,"Kunai":35,"Toxic Egg 2":7,"Burning Blood":0}],"Burning Blood":87},"card_choices":[{"not_picked":["Heavy Blade","Burning Pact"],"picked":"Thunderclap","floor":1},{"not_picked":["Flex","Clash"],"picked":"Infernal Blade","floor":2},{"not_picked":["Pommel Strike","True Grit"],"picked":"Twin Strike","floor":5},{"not_picked":["Clash","Clothesline"],"picked":"Pommel Strike","floor":12},{"not_picked":["Dropkick","Sever Soul"],"picked":"Sword Boomerang","floor":13},{"not_picked":["Corruption","Brutality"],"picked":"Juggernaut","floor":16},{"not_picked":["Iron Wave","Clothesline"],"picked":"Cleave","floor":17},{"not_picked":["Dropkick","Anger"],"picked":"Intimidate+1","floor":18},{"not_picked":["Body Slam","Havoc+1"],"picked":"Feed","floor":22},{"not_picked":["Body Slam","True Grit+1"],"picked":"Armaments+1","floor":24},{"not_picked":["Bludgeon","Armaments+1"],"picked":"Intimidate+1","floor":27},{"not_picked":["Rampage+1","Carnage"],"picked":"Shrug It Off+1","floor":28},{"not_picked":["Anger","Uppercut"],"picked":"Infernal Blade+1","floor":30},{"not_picked":["Iron Wave","Thunderclap"],"picked":"Clothesline+1","floor":31}],"player_experience":109913,"relics_obtained":[{"floor":9,"key":"Toxic Egg 2"},{"floor":26,"key":"Kunai"},{"floor":27,"key":"Charon\u0027s Ashes"},{"floor":30,"key":"Magic Flower"},{"floor":30,"key":"Pantograph"}],"event_choices":[{"damage_healed":0,"gold_gain":75,"player_choice":"Gather Gold","damage_taken":11,"max_hp_gain":0,"max_hp_loss":0,"event_name":"World of Goop","floor":4,"gold_loss":0},{"damage_healed":0,"gold_gain":175,"player_choice":"AGREE","damage_taken":0,"max_hp_gain":0,"max_hp_loss":0,"event_name":"Liars Game","floor":10,"gold_loss":0,"cards_obtained":["Doubt"]},{"damage_healed":0,"gold_gain":0,"player_choice":"Take Wound","damage_taken":0,"relics_obtained":["Golden Idol"],"max_hp_gain":0,"max_hp_loss":0,"event_name":"Golden Idol","floor":14,"gold_loss":0,"cards_obtained":["Injury"]},{"damage_healed":0,"gold_gain":0,"player_choice":"Read","damage_taken":0,"max_hp_gain":0,"max_hp_loss":0,"event_name":"The Library","floor":19,"gold_loss":0,"cards_obtained":["Infernal Blade"]},{"damage_healed":0,"gold_gain":0,"player_choice":"Became a Ghost","damage_taken":0,"max_hp_gain":0,"max_hp_loss":43,"event_name":"Ghosts","floor":21,"gold_loss":0,"cards_obtained":["Ghostly","Ghostly","Ghostly","Ghostly","Ghostly"]},{"cards_removed":["Injury"],"damage_healed":0,"gold_gain":0,"player_choice":"Purged","damage_taken":0,"max_hp_gain":0,"max_hp_loss":0,"event_name":"Purifier","floor":25,"gold_loss":0},{"damage_healed":0,"gold_gain":0,"player_choice":"Opened","damage_taken":0,"relics_obtained":["Juzu Bracelet"],"max_hp_gain":0,"max_hp_loss":0,"event_name":"The Mausoleum","floor":29,"gold_loss":0,"cards_obtained":["Writhe"]},{"damage_healed":0,"gold_gain":0,"player_choice":"Fight","damage_taken":0,"max_hp_gain":0,"max_hp_loss":0,"event_name":"Colosseum","floor":30,"gold_loss":0},{"damage_healed":0,"gold_gain":0,"player_choice":"Fought Nobs","damage_taken":0,"max_hp_gain":0,"max_hp_loss":0,"event_name":"Colosseum","floor":30,"gold_loss":0}],"is_beta":false,"boss_relics":[{"not_picked":["Coffee Dripper","Sozu"],"picked":"Tiny House"}],"items_purged_floors":[20],"is_endless":false,"potions_floor_spawned":[2,12,18,22,27,30,31],"killed_by":"Automaton","ascension_level":0}}