{"host":"f2zkc2gsfwbibc34","time":1614451185,"event":{"mods":["AchievementEnabler","BaseMod","Better Note","Colored Map","Colored Powertips","Defuse TimeMaze Blight","Minty Spire (QoL Compilation)","Permanent Neow","StSLib","SuperFastMode","The Servant 0.9.4"],"gold_per_floor":[116,132,132,132,152,152,185,185,261,261,261,286,298,315,315,419,419,419,419,419,476,476,476,476,476,476,476,476,476,436,1111,1111,1111,1111,1111,1111,658,658,213,213,213,213,213,213,213,213,213,213,213,213],"floor_reached":51,"language":"ENG","playtime":1748,"items_purged":["Defend_S","Strike_S","Strike_S"],"score":958,"play_id":"157dbc8b-b6d8-4266-9eca-40562363f607","local_time":"20210227193945","is_ascension_mode":true,"campfire_choices":[{"data":"Defy","floor":6,"key":"SMITH"},{"data":"ShatteredReality","floor":8,"key":"SMITH"},{"floor":10,"key":"REST"},{"floor":15,"key":"REST"},{"data":"BestPractice","floor":23,"key":"SMITH"},{"data":"Luminosity","floor":25,"key":"SMITH"},{"floor":28,"key":"REST"},{"data":"Embodiment","floor":32,"key":"SMITH"},{"data":"SilverBlades","floor":40,"key":"SMITH"},{"data":"DancingSilver","floor":42,"key":"SMITH"},{"data":"GearUp","floor":44,"key":"SMITH"},{"floor":49,"key":"REST"}],"circlet_count":0,"master_deck":["Strike_S","Defend_S","Defend_S","Defend_S","KidneyShot","Exchange","ShatteredReality+1","Rearm","Defy+1","TimeWarp","Spin","BestPractice+1","Dilation+1","SpecialFormula+1","Snipe","ShatteredReality+1","TimeWarp","SpecialFormula","Spin+1","Luminosity+1","PanicButton","Spin","DancingSilver+1","Embodiment+1","SilverMatrix","Luminosity+1","GearUp+1","SilverBlades+1","DancingSilver+1"],"relics":["Uniform","Nunchaku","Pen Nib","Sundial","Singing Bowl","Pear","Ectoplasm","OldScarf","TheAbacus","Bag of Preparation","Gremlin Horn","SlaversCollar","Membership Card","PreservedInsect","Pocketwatch","Blue Candle","Frozen Eye","Matryoshka","Letter Opener","Potion Belt","Shuriken"],"acts_visited":["Exordium","TheCity","TheBeyond"],"potions_floor_usage":[7,12,16,16,16,33,36,50,50,50,50],"damage_taken":[{"damage":1,"enemies":"Small Slimes","floor":1,"turns":4},{"damage":5,"enemies":"Jaw Worm","floor":2,"turns":4},{"damage":0,"enemies":"Cultist","floor":5,"turns":3},{"damage":33,"enemies":"Lagavulin","floor":7,"turns":11},{"damage":2,"enemies":"Gremlin Nob","floor":12,"turns":3},{"damage":5,"enemies":"2 Fungi Beasts","floor":13,"turns":3},{"damage":3,"enemies":"Blue Slaver","floor":14,"turns":3},{"damage":27,"enemies":"The Guardian","floor":16,"turns":15},{"damage":0,"enemies":"Chosen","floor":18,"turns":6},{"damage":23,"enemies":"Shell Parasite","floor":20,"turns":7},{"damage":19,"enemies":"Centurion and Healer","floor":22,"turns":2},{"damage":1,"enemies":"Cultist and Chosen","floor":24,"turns":6},{"damage":37,"enemies":"Shelled Parasite and Fungi","floor":29,"turns":6},{"damage":6,"enemies":"Centurion and Healer","floor":31,"turns":7},{"damage":10,"enemies":"Automaton","floor":33,"turns":9},{"damage":9,"enemies":"Orb Walker","floor":35,"turns":4},{"damage":36,"enemies":"3 Darklings","floor":36,"turns":3},{"damage":2,"enemies":"Maw","floor":41,"turns":8},{"damage":18,"enemies":"Sphere and 2 Shapes","floor":46,"turns":6},{"damage":9,"enemies":"3 Darklings","floor":47,"turns":3},{"damage":9,"enemies":"Maw","floor":48,"turns":8},{"damage":57,"enemies":"Awakened One","floor":50,"turns":10}],"seed_played":"-2491855865032451407","potions_obtained":[{"floor":1,"key":"GamblersBrew"},{"floor":2,"key":"DuplicationPotion"},{"floor":11,"key":"LiquidMemories"},{"floor":11,"key":"Fire Potion"},{"floor":11,"key":"EssenceOfSteel"},{"floor":13,"key":"Energy Potion"},{"floor":16,"key":"SteroidPotion"},{"floor":20,"key":"Energy Potion"},{"floor":22,"key":"ColorlessPotion"},{"floor":31,"key":"BlessingOfTheForge"},{"floor":41,"key":"Weak Potion"},{"floor":47,"key":"Fire Potion"},{"floor":48,"key":"EssenceOfSteel"}],"is_trial":false,"path_per_floor":["M","M","?","?","M","R","E","R","T","R","?","E","M","M","R","B",null,"M","?","M","$","M","R","M","R","T","?","R","M","?","M","R","B",null,"M","M","$","T","$","R","M","R","T","R","?","M","M","M","R","B",null],"character_chosen":"THE_SERVANT","items_purchased":["OldScarf","TheAbacus","ShatteredReality","TimeWarp","SpecialFormula","Bag of Preparation","Membership Card","PreservedInsect","GearUp","Pocketwatch","SilverBlades","DancingSilver","Frozen Eye","Matryoshka","Letter Opener"],"campfire_rested":4,"item_purchase_floors":[21,21,21,21,21,21,37,37,37,37,39,39,39,39,39],"current_hp_per_floor":[58,53,53,46,46,46,13,13,13,32,32,40,35,34,57,30,65,65,65,52,52,33,33,45,45,45,45,68,42,42,49,49,52,72,70,34,34,34,34,34,47,47,47,47,47,44,42,51,77,28],"gold":213,"neow_bonus":"RANDOM_COMMON_RELIC","is_daily":false,"chose_seed":false,"campfire_upgraded":8,"win_rate":0.0,"timestamp":1614451185,"path_taken":["M","M","?","?","M","R","E","R","T","R","?","E","M","M","R","BOSS","M","?","M","$","M","R","M","R","T","?","R","?","?","M","R","BOSS","M","?","$","?","$","R","M","R","T","R","?","M","?","?","R","BOSS"],"items_purchased_type":["Relic","Relic","Card","Card","Card","Relic","Relic","Relic","Card","Relic","Card","Card","Relic","Relic","Relic"],"build_version":"2020-12-22","purchased_purges":3,"victory":true,"max_hp_per_floor":[65,65,65,65,65,65,65,65,65,65,65,75,75,77,77,77,77,77,77,79,79,79,79,79,79,79,79,79,79,79,79,79,79,79,81,81,81,81,81,81,83,83,83,83,83,85,87,89,89,89],"card_choices":[{"not_picked":["Gouge","Starlight"],"picked":"ShatteredReality","floor":1},{"not_picked":["Rewind","Starlight"],"picked":"Rearm","floor":2},{"not_picked":["TimeWarp","Replace"],"picked":"Defy","floor":5},{"not_picked":["Manipulate","Dilation"],"picked":"TimeWarp","floor":7},{"not_picked":["Defy","Revamp"],"picked":"Spin","floor":12},{"not_picked":["WasteNot","Rearm"],"picked":"BestPractice","floor":13},{"not_picked":["StarChef","RealityMarble","Starlight"],"picked":"Singing Bowl","floor":14},{"not_picked":["PendulumOfEternity","ForgedInTime"],"picked":"Dilation","floor":16},{"not_picked":["Defy","Rewind"],"picked":"SpecialFormula+1","floor":18},{"not_picked":["DancingSilver","Rearm","Shuttle"],"picked":"Singing Bowl","floor":20},{"not_picked":["DoubleEdge","TimeTheft"],"picked":"Spin","floor":22},{"not_picked":["WasteNot","Rearm"],"picked":"Luminosity","floor":24},{"not_picked":["BottledTime","Rearm+1"],"picked":"DancingSilver+1","floor":29},{"not_picked":["Gouge+1","DoubleEdge"],"picked":"Embodiment","floor":31},{"not_picked":["Initiator","SoulSculpture"],"picked":"SilverMatrix","floor":33},{"not_picked":["SpecialFormula","Revamp+1","Desolation"],"picked":"Singing Bowl","floor":35},{"not_picked":["Ricochet","Revamp+1"],"picked":"Luminosity+1","floor":36},{"not_picked":["Misdirection","Deadline+1","FastForward"],"picked":"Singing Bowl","floor":41},{"not_picked":["Rearm+1","DoubleEdge+1","Shuttle+1"],"picked":"Singing Bowl","floor":46},{"not_picked":["ShatteredReality","Desolation+1","Moondial+1"],"picked":"Singing Bowl","floor":47},{"not_picked":["Spin+1","TimeWarp","Shuttle+1"],"picked":"Singing Bowl","floor":48}],"player_experience":131360,"relics_obtained":[{"floor":7,"key":"Sundial"},{"floor":9,"key":"Singing Bowl"},{"floor":12,"key":"Pear"},{"floor":26,"key":"Gremlin Horn"},{"floor":38,"key":"Blue Candle"},{"floor":43,"key":"Potion Belt"},{"floor":43,"key":"Shuriken"}],"event_choices":[{"damage_healed":0,"gold_gain":0,"player_choice":"Ignored","damage_taken":0,"max_hp_gain":0,"max_hp_loss":0,"event_name":"Liars Game","floor":3,"gold_loss":0},{"damage_healed":0,"gold_gain":0,"player_choice":"Success","damage_taken":7,"relics_obtained":["Pen Nib"],"max_hp_gain":0,"max_hp_loss":0,"event_name":"Scrap Ooze","floor":4,"gold_loss":0},{"damage_healed":0,"gold_gain":0,"player_choice":"Got Potions","damage_taken":0,"max_hp_gain":0,"max_hp_loss":0,"event_name":"Lab","floor":11,"gold_loss":0},{"damage_healed":0,"gold_gain":0,"cards_transformed":["Strike_S"],"player_choice":"Transformed","damage_taken":0,"max_hp_gain":0,"max_hp_loss":0,"event_name":"Transmorgrifier","floor":19,"gold_loss":0,"cards_obtained":["Snipe"]},{"damage_healed":0,"gold_gain":0,"player_choice":"2 cards matched","damage_taken":0,"max_hp_gain":0,"max_hp_loss":0,"event_name":"Match and Keep!","floor":27,"gold_loss":0,"cards_obtained":["PanicButton","Spin"]},{"damage_healed":0,"gold_gain":0,"player_choice":"Upgraded Two","damage_taken":0,"max_hp_gain":0,"max_hp_loss":0,"event_name":"Designer","floor":30,"gold_loss":40,"cards_upgraded":["Spin","ShatteredReality"]},{"damage_healed":0,"gold_gain":0,"player_choice":"Upgraded","damage_taken":0,"max_hp_gain":0,"max_hp_loss":0,"event_name":"Upgrade Shrine","floor":45,"gold_loss":0,"cards_upgraded":["Dilation"]}],"is_beta":false,"boss_relics":[{"not_picked":["Runic Pyramid","Busted Crown"],"picked":"Ectoplasm"},{"not_picked":["Black Star","Fusion Hammer"],"picked":"SlaversCollar"}],"items_purged_floors":[21,37,39],"is_endless":false,"potions_floor_spawned":[1,2,13,16,20,22,31,41,47,48],"ascension_level":9}}