{"host":"9oysz4knkucnjyyz","time":1614420691,"event":{"mods":["100% Spire Juice","2.2 Compatiblity","A Penny For Your Troubles","Act Like it!","BaseMod","Better Altar","Better Match","Better Note","Better Sensory Stone","Better Skull","Better Third Choice","BetterRewards","Displayed Cursed Tome","Downfall","Friendly Minions","Googly Eyes","GungeonMod","Hallownest","Hermit","Library of Ruina","Library of Ruina Extra","Lobotomy","LobotomyExtend","Minty Spire (QoL Compilation)","Reliquary","Spicy Shops","Spire Arcade","Spire Birthday Party","StSLib","The Bug Knight","Wide Potions","everything is the same but u backflip on backflip","slay the spire mod where everything is the same but ironclad has a cowboy hat"],"gold_per_floor":[213,229,243,254,264,593,611,629,629,50,50,50,62,74,74,170,170,186,199,212,212,231,231,231,231,231,181,200,200,73,84,84,84,84],"floor_reached":33,"language":"ENG","playtime":1338,"items_purged":[],"score":255,"play_id":"ed4a0889-1c66-4c46-ba70-2208ce9cb775","local_time":"20210227051131","is_ascension_mode":false,"campfire_choices":[{"data":"hermit:Gestalt","floor":11,"key":"SMITH"},{"data":"hermit:EyeOfTheStorm","floor":15,"key":"SMITH"},{"floor":23,"key":"REST"},{"data":"Unlock1","floor":29,"key":"SMITH"},{"data":"hermit:Dissolve","floor":32,"key":"SMITH"}],"circlet_count":0,"master_deck":["hermit:Strike_Hermit","hermit:Strike_Hermit","hermit:Strike_Hermit","hermit:Strike_Hermit","hermit:Defend_Hermit","hermit:Defend_Hermit","hermit:Defend_Hermit","hermit:Defend_Hermit","hermit:Snapshot","hermit:Covet","hermit:Gestalt+1","hermit:GoldenBullet","hermit:Dive","hermit:Quickdraw","hermit:EyeOfTheStorm+1","hermit:Dissolve+1","hermit:Headshot","hermit:Combo+1","hermit:ShadowCloak+1","Unlock1+1","hermit:GhostlyPresence+1","hermit:Gestalt+1"],"relics":["hermit:Momento","LetterFromLob","Old Coin","PageOfJudgementBird","Membership Card","PreservedInsect","DemoMod:ClearGuonStone","DemoMod:PinkGuonStone","reliquary:FingerTrap","Orichalcum","MagicBullet_r","LaetitiaHeart","Philosopher\u0027s Stone","Frozen Egg 2","PageOfWizard"],"acts_visited":["Exordium","TheCity"],"potions_floor_usage":[4,5,16,20,20,28,31],"damage_taken":[{"damage":6,"enemies":"Jaw Worm","floor":1,"turns":3},{"damage":1,"enemies":"Cultist","floor":2,"turns":3},{"damage":0,"enemies":"Small Slimes","floor":3,"turns":3},{"damage":5,"enemies":"Blue Slaver","floor":4,"turns":6},{"damage":5,"enemies":"Large Slime","floor":5,"turns":4},{"damage":3,"enemies":"Gremlin Nob","floor":6,"turns":5},{"damage":0,"enemies":"2 Fungi Beasts","floor":7,"turns":3},{"damage":1,"enemies":"Exordium Wildlife","floor":8,"turns":3},{"damage":1,"enemies":"Gremlin Gang","floor":12,"turns":2},{"damage":0,"enemies":"Gremlin Gang","floor":13,"turns":4},{"damage":0,"enemies":"2 Fungi Beasts","floor":14,"turns":2},{"damage":2,"enemies":"Hexaghost","floor":16,"turns":9},{"damage":2,"enemies":"Chosen","floor":18,"turns":6},{"damage":0,"enemies":"2 Thieves","floor":19,"turns":4},{"damage":20,"enemies":"Cultist and Chosen","floor":20,"turns":6},{"damage":21,"enemies":"Snake Plant","floor":22,"turns":2},{"damage":3,"enemies":"Centurion and Healer","floor":28,"turns":3},{"damage":6,"enemies":"Cultist and Chosen","floor":31,"turns":6},{"damage":57,"enemies":"KingOfGreed","floor":33,"turns":7}],"seed_played":"7768589940443590630","potions_obtained":[{"floor":2,"key":"SteroidPotion"},{"floor":3,"key":"hermit:Tonic"},{"floor":5,"key":"Regen Potion"},{"floor":14,"key":"AttackPotion"},{"floor":16,"key":"PowerPotion"},{"floor":19,"key":"Slimebound:ThreeZeroPotion"},{"floor":22,"key":"Guardian:BlockOnCardUsePotion"},{"floor":28,"key":"AttackPotion"}],"is_trial":false,"path_per_floor":["M","M","M","M","M","E","M","M","T","$","R","M","M","M","R","B",null,"M","M","M","?","M","R","?","?","T","?","M","R","$","M","R","B"],"character_chosen":"HERMIT","items_purchased":["Membership Card","PreservedInsect","DemoMod:ClearGuonStone","DemoMod:PinkGuonStone","reliquary:FingerTrap","Orichalcum","PageOfWizard"],"campfire_rested":1,"item_purchase_floors":[10,10,10,10,10,10,30],"current_hp_per_floor":[69,68,68,63,58,55,55,54,54,61,61,60,60,60,60,73,82,80,80,60,60,39,63,63,63,63,63,60,60,60,54,54,0,0],"gold":84,"neow_bonus":"HUNDRED_GOLD","is_daily":false,"chose_seed":false,"campfire_upgraded":4,"win_rate":0.0,"timestamp":1614420691,"path_taken":["M","M","M","M","M","E","M","M","T","$","R","M","M","M","R","BOSS","M","M","M","?","M","R","?","?","T","?","M","R","$","M","R","BOSS"],"items_purchased_type":["Relic","Relic","Relic","Relic","Relic","Relic","Relic"],"build_version":"2020-12-22","purchased_purges":0,"victory":false,"max_hp_per_floor":[75,75,75,75,75,75,75,75,75,82,82,82,82,82,82,82,82,82,82,82,82,82,82,82,82,82,82,82,82,82,82,82,82,82],"card_choices":[{"not_picked":["hermit:Desperado","hermit:ItchyTrigger","hermit:CalledShot"],"picked":"SKIP","floor":1},{"not_picked":["hermit:Feint","hermit:LoneWolf"],"picked":"hermit:Gestalt","floor":2},{"not_picked":["hermit:CalledShot","hermit:SprayPray"],"picked":"hermit:GoldenBullet","floor":3},{"not_picked":["hermit:Coalescence","hermit:Vantage"],"picked":"hermit:Dive","floor":4},{"not_picked":["hermit:HighCaliber","hermit:Desperado"],"picked":"hermit:Quickdraw","floor":5},{"not_picked":["hermit:FinalCanter","hermit:TrackingShot","hermit:ItchyTrigger"],"picked":"SKIP","floor":6},{"not_picked":["hermit:BodyArmor","hermit:Quickdraw","hermit:HoleUp"],"picked":"SKIP","floor":7},{"not_picked":["hermit:Headshot","hermit:Roulette"],"picked":"hermit:EyeOfTheStorm","floor":8},{"not_picked":["hermit:Snipe","hermit:Malice","hermit:Shortfuse"],"picked":"SKIP","floor":13},{"not_picked":["hermit:HoleUp","hermit:ShadowCloak","hermit:CalledShot"],"picked":"SKIP","floor":14},{"not_picked":["hermit:FinalCanter","hermit:Gambit"],"picked":"hermit:Dissolve","floor":16},{"not_picked":["hermit:CursedWeapon","hermit:WideOpen+1"],"picked":"hermit:Headshot","floor":18},{"not_picked":["hermit:BigShot","hermit:ItchyTrigger"],"picked":"hermit:Combo+1","floor":19},{"not_picked":["hermit:CalledShot","hermit:FullyLoaded"],"picked":"hermit:ShadowCloak+1","floor":20},{"not_picked":["hermit:SprayPray","hermit:ShadowCloak"],"picked":"hermit:GhostlyPresence+1","floor":22},{"not_picked":["hermit:Spite","hermit:Dive"],"picked":"hermit:Gestalt+1","floor":28},{"not_picked":["hermit:FullyLoaded","hermit:EyeOfTheStorm","hermit:Vantage"],"picked":"SKIP","floor":31}],"player_experience":407851,"relics_obtained":[{"floor":1,"key":"LetterFromLob"},{"floor":6,"key":"Old Coin"},{"floor":9,"key":"PageOfJudgementBird"},{"floor":26,"key":"Frozen Egg 2"}],"event_choices":[{"cards_removed":["hermit:EyeOfTheStorm"],"damage_healed":0,"gold_gain":0,"player_choice":"Take \u0026 Give","damage_taken":0,"max_hp_gain":0,"max_hp_loss":0,"event_name":"betterNote:BetterNote","floor":21,"gold_loss":0,"cards_obtained":["Unlock1"]},{"damage_healed":0,"gold_gain":0,"player_choice":"Ignored","damage_taken":0,"max_hp_gain":0,"max_hp_loss":0,"event_name":"Ghosts","floor":25,"gold_loss":0},{"damage_healed":0,"gold_gain":0,"player_choice":"Bet on Murderer","damage_taken":0,"max_hp_gain":0,"max_hp_loss":0,"event_name":"The Joust","floor":27,"gold_loss":50}],"is_beta":false,"boss_relics":[{"not_picked":["hermit:ClaspedLocket","SacredBark"],"picked":"Philosopher\u0027s Stone"}],"items_purged_floors":[],"is_endless":false,"potions_floor_spawned":[2,3,5,14,16,19,22,28],"killed_by":"KingOfGreed","ascension_level":0}}