{"host":"lktusdb9orijgc6z","time":1614419431,"event":{"mods":["BaseMod","Bestiary","Colored Map","Colored Powertips","Minty Spire (QoL Compilation)","Permanent Neow","Quick Restart","Relic Stats","StSLib","everything is the same but u backflip on backflip","slay the spire mod where everything is the same but ironclad has a cowboy hat"],"gold_per_floor":[362,379,454,25,25,25,44,78,129,129,142,176,176,176,176,253,253,265,265,190,27,46,46,46,74,74,89,89,109,109,109,109,186,186,196,196,196,6,0,0,0,0],"floor_reached":41,"language":"ENG","playtime":996,"items_purged":["Strike_G"],"score":876,"play_id":"59981c5d-2235-47a8-b7f0-642536b32c5c","local_time":"20210227105031","is_ascension_mode":true,"campfire_choices":[{"data":"Dagger Spray","floor":6.0,"key":"SMITH"},{"floor":10.0,"key":"REST"},{"data":"Bouncing Flask","floor":13.0,"key":"SMITH"},{"data":"Deadly Poison","floor":15.0,"key":"SMITH"},{"data":"Malaise","floor":23,"key":"SMITH"},{"floor":32,"key":"REST"},{"data":"Slice","floor":40,"key":"SMITH"}],"circlet_count":0,"master_deck":["AscendersBane","Strike_G","Defend_G","Defend_G","Defend_G","Defend_G","Survivor","Neutralize","Dagger Spray+1","Dagger Spray+1","Deadly Poison+1","Slice+1","Backstab","Masterful Stab","Bouncing Flask+1","Deadly Poison+1","Phantasmal Killer","Terror","Phantasmal Killer","Malaise+1","Malaise+1","Backflip","Backflip","Burst+1","PiercingWail"],"relics":["Ring of the Snake","Question Card","Juzu Bracelet","Ancient Tea Set","Calipers","Philosopher\u0027s Stone","ClockworkSouvenir","Boot","Vajra","Empty Cage","Gremlin Horn","Membership Card","Red Mask"],"acts_visited":["Exordium","TheCity","TheBeyond"],"potions_floor_usage":[29,29,33],"damage_taken":[{"damage":2.0,"enemies":"Jaw Worm","floor":1.0,"turns":5.0},{"damage":3.0,"enemies":"2 Louse","floor":2.0,"turns":3.0},{"damage":0.0,"enemies":"Cultist","floor":7.0,"turns":3.0},{"damage":15.0,"enemies":"3 Sentries","floor":8.0,"turns":7.0},{"damage":0.0,"enemies":"Gremlin Gang","floor":11.0,"turns":1.0},{"damage":0.0,"enemies":"Gremlin Nob","floor":12.0,"turns":2.0},{"damage":23.0,"enemies":"Hexaghost","floor":16.0,"turns":8.0},{"damage":7.0,"enemies":"2 Thieves","floor":18.0,"turns":3.0},{"damage":7,"enemies":"Spheric Guardian","floor":22,"turns":3},{"damage":32,"enemies":"Book of Stabbing","floor":25,"turns":6},{"damage":4,"enemies":"Snake Plant","floor":27,"turns":4},{"damage":0,"enemies":"Snecko","floor":29,"turns":3},{"damage":18,"enemies":"Collector","floor":33,"turns":6},{"damage":26,"enemies":"Orb Walker","floor":35,"turns":3},{"damage":24,"enemies":"Reptomancer","floor":41,"turns":2}],"seed_played":"-6531058826133532174","potions_obtained":[{"floor":2.0,"key":"Swift Potion"},{"floor":8.0,"key":"FearPotion"},{"floor":11.0,"key":"ColorlessPotion"},{"floor":12.0,"key":"BlessingOfTheForge"},{"floor":22,"key":"Swift Potion"},{"floor":29,"key":"AttackPotion"}],"is_trial":false,"path_per_floor":["M","M","?","$","?","R","M","E","T","R","M","E","R","?","R","B",null,"M","?","?","$","M","R","?","E","T","M","$","M","?","?","R","B",null,"M","?","?","$","?","R","E"],"character_chosen":"THE_SILENT","items_purchased":["Question Card","Deadly Poison","Slice","ClockworkSouvenir","Membership Card","PiercingWail"],"campfire_rested":2,"item_purchase_floors":[4,4,4,21,38,38],"current_hp_per_floor":[42,39,28,28,28,28,28,13,13,32,32,32,32,32,32,9,52,45,45,45,45,38,38,38,6,6,2,2,2,2,2,21,3,50,24,24,24,24,24,24,0,0],"gold":0,"neow_bonus":"TWO_FIFTY_GOLD","is_daily":false,"chose_seed":false,"campfire_upgraded":5,"win_rate":0.0,"timestamp":1614419431,"path_taken":["M","M","?","$","?","R","M","E","T","R","M","E","R","?","R","BOSS","M","?","?","?","M","R","?","E","T","M","$","M","?","?","R","BOSS","M","?","?","?","?","R","E"],"items_purchased_type":["Relic","Card","Card","Relic","Relic","Card"],"build_version":"2020-12-22","purchased_purges":1,"victory":false,"max_hp_per_floor":[66,66,66,66,66,66,66,66,66,66,66,66,66,66,66,66,66,66,66,66,66,66,66,66,66,66,66,66,66,66,66,66,66,66,66,66,66,66,66,66,66,66],"relic_stats":{"Gremlin Horn":[2,2],"counters":[15,59],"Juzu Bracelet":4,"Question Card":12,"Boot":[5],"obtain_stats":[{"Calipers":12,"Gremlin Horn":36,"Vajra":26,"Juzu Bracelet":8,"Question Card":4,"Ancient Tea Set":9,"Boot":25,"Empty Cage":34,"ClockworkSouvenir":21,"Philosopher\u0027s Stone":17,"Red Mask":39,"Membership Card":38,"Ring of the Snake":0},{"Calipers":6,"Gremlin Horn":14,"Vajra":10,"Juzu Bracelet":4,"Question Card":2,"Ancient Tea Set":4,"Boot":10,"Empty Cage":13,"ClockworkSouvenir":8,"Philosopher\u0027s Stone":7,"Red Mask":14,"Membership Card":14,"Ring of the Snake":0},{"Calipers":21,"Gremlin Horn":57,"Vajra":41,"Juzu Bracelet":18,"Question Card":8,"Ancient Tea Set":18,"Boot":41,"Empty Cage":54,"ClockworkSouvenir":32,"Philosopher\u0027s Stone":29,"Red Mask":57,"Membership Card":57,"Ring of the Snake":0}],"Ring of the Snake":[30]},"card_choices":[{"not_picked":["Acrobatics","All Out Attack"],"picked":"Dagger Spray","floor":1.0},{"not_picked":["All Out Attack","Acrobatics"],"picked":"Dagger Spray","floor":2.0},{"not_picked":["Skewer","Distraction","Backflip"],"picked":"Backstab","floor":7.0},{"not_picked":["Bullet Time","Cloak And Dagger","Accuracy"],"picked":"Masterful Stab","floor":8.0},{"not_picked":["Tactician","Concentrate","Outmaneuver"],"picked":"Bouncing Flask","floor":11.0},{"not_picked":["Slice","Storm of Steel","Tactician"],"picked":"Deadly Poison","floor":12.0},{"not_picked":["Glass Knife","Doppelganger","Night Terror"],"picked":"Phantasmal Killer","floor":16.0},{"not_picked":["Dagger Throw+1","Accuracy","Deadly Poison+1"],"picked":"Terror","floor":18.0},{"not_picked":["Calculated Gamble","Prepared+1","Dodge and Roll"],"picked":"Malaise","floor":22},{"not_picked":["Concentrate+1","Dodge and Roll","Terror"],"picked":"Backflip","floor":25},{"not_picked":["Dagger Throw","Accuracy","Deadly Poison"],"picked":"Backflip","floor":27},{"not_picked":["Flying Knee","Setup+1","Underhanded Strike","Terror"],"picked":"SKIP","floor":29},{"not_picked":["Storm of Steel","Phantasmal Killer","Tools of the Trade"],"picked":"Burst","floor":33},{"not_picked":["Crippling Poison","Choke","Underhanded Strike"],"picked":"Heel Hook","floor":35}],"player_experience":841125,"relics_obtained":[{"floor":8.0,"key":"Juzu Bracelet"},{"floor":9.0,"key":"Ancient Tea Set"},{"floor":12.0,"key":"Calipers"},{"floor":25,"key":"Boot"},{"floor":26,"key":"Vajra"}],"event_choices":[{"damage_healed":0.0,"max_hp_gain":0.0,"max_hp_loss":0.0,"gold_gain":75.0,"event_name":"World of Goop","player_choice":"Gather Gold","floor":3.0,"gold_loss":0.0,"damage_taken":11.0},{"damage_healed":0.0,"max_hp_gain":0.0,"max_hp_loss":0.0,"gold_gain":0.0,"event_name":"Living Wall","player_choice":"Grow","floor":5.0,"gold_loss":0.0,"damage_taken":0.0,"cards_upgraded":["Dagger Spray"]},{"damage_healed":0.0,"max_hp_gain":0.0,"max_hp_loss":0.0,"gold_gain":0.0,"event_name":"Accursed Blacksmith","player_choice":"Forge","floor":14.0,"gold_loss":0.0,"damage_taken":0.0,"cards_upgraded":["Deadly Poison"]},{"cards_removed":["Defend_G"],"damage_healed":0.0,"max_hp_gain":0.0,"max_hp_loss":0.0,"gold_gain":0.0,"event_name":"Purifier","player_choice":"Purged","floor":19.0,"gold_loss":0.0,"damage_taken":0.0},{"damage_healed":0.0,"max_hp_gain":0.0,"max_hp_loss":0.0,"gold_gain":0.0,"cards_transformed":["Strike_G","Strike_G"],"event_name":"Designer","player_choice":"Transformed Cards","floor":20.0,"gold_loss":75.0,"damage_taken":0.0,"cards_obtained":["Phantasmal Killer","Malaise"]},{"damage_healed":0,"gold_gain":0,"player_choice":"Upgraded","damage_taken":0,"max_hp_gain":0,"max_hp_loss":0,"event_name":"Upgrade Shrine","floor":24,"gold_loss":0,"cards_upgraded":["Malaise"]},{"damage_healed":0,"gold_gain":0,"player_choice":"Smashed Altar","damage_taken":0,"max_hp_gain":0,"max_hp_loss":0,"event_name":"Forgotten Altar","floor":30,"gold_loss":0,"cards_obtained":["Decay"]},{"damage_healed":0,"gold_gain":0,"player_choice":"Ignored","damage_taken":0,"max_hp_gain":0,"max_hp_loss":0,"event_name":"The Mausoleum","floor":31,"gold_loss":0},{"cards_removed":["Heel Hook"],"damage_healed":0,"gold_gain":0,"player_choice":"Gave Card","damage_taken":0,"relics_obtained":["Gremlin Horn"],"max_hp_gain":0,"max_hp_loss":0,"event_name":"WeMeetAgain","floor":36,"gold_loss":0},{"damage_healed":0,"gold_gain":0,"player_choice":"Upgraded","damage_taken":0,"max_hp_gain":0,"max_hp_loss":0,"event_name":"Upgrade Shrine","floor":37,"gold_loss":0,"cards_upgraded":["Burst"]},{"damage_healed":0,"gold_gain":0,"player_choice":"Paid","damage_taken":0,"relics_obtained":["Red Mask"],"max_hp_gain":0,"max_hp_loss":0,"event_name":"Tomb of Lord Red Mask","floor":39,"gold_loss":6}],"is_beta":false,"boss_relics":[{"not_picked":["SacredBark","Ring of the Serpent"],"picked":"Philosopher\u0027s Stone"},{"not_picked":["HoveringKite","Fusion Hammer"],"picked":"Empty Cage"}],"items_purged_floors":[4],"is_endless":false,"potions_floor_spawned":[2,8,11,12,22,29],"killed_by":"Reptomancer","ascension_level":20}}