{"host":"z37g2hkgkh2zjyzk","time":1614448061,"event":{"mods":["2.2 Compatiblity","AchievementEnabler","BaseMod","Bestiary","Colored Map","Colored Powertips","Curses Come First","Highlight Path","Keyboard Shortcuts","Minty Spire (QoL Compilation)","Relic Stats","StSLib","SuperFastMode"],"gold_per_floor":[113,113,124,140,90,90,123,135,174,186,198,210,286,313,325,436,448,475,513,525,462,474,486,498,541,624,636,668,692,704,704],"floor_reached":30,"language":"ENG","playtime":2119,"items_purged":[],"score":366,"play_id":"c4503d71-382e-4d6f-91c8-858091bad97d","local_time":"20210227184741","is_ascension_mode":true,"campfire_choices":[{"data":"Neutralize","floor":6,"key":"SMITH"},{"floor":8,"key":"REST"},{"data":"Footwork","floor":10,"key":"SMITH"},{"data":"Deadly Poison","floor":12,"key":"SMITH"},{"floor":15,"key":"REST"},{"floor":23,"key":"REST"},{"floor":27,"key":"REST"}],"circlet_count":0,"master_deck":["AscendersBane","Strike_G+1","Defend_G+1","Defend_G","Defend_G","Defend_G","Defend_G","Survivor","Neutralize+1","Flying Knee","Deadly Poison+1","Footwork+1","Dagger Spray","Deadly Poison","Catalyst","Adrenaline","Catalyst+1","Noxious Fumes","Prepared","Skewer","A Thousand Cuts"],"relics":["Ring of the Snake","Art of War","MawBank","Bag of Preparation","Ornamental Fan","Snecko Eye","Red Mask","Kunai","Mercury Hourglass"],"acts_visited":["Exordium","TheCity"],"potions_floor_usage":[18,19,19],"damage_taken":[{"damage":4,"enemies":"2 Louse","floor":1,"turns":3},{"damage":0,"enemies":"Jaw Worm","floor":3,"turns":4},{"damage":0,"enemies":"Small Slimes","floor":4,"turns":3},{"damage":21,"enemies":"Lagavulin","floor":7,"turns":8},{"damage":34,"enemies":"Gremlin Nob","floor":13,"turns":5},{"damage":0,"enemies":"2 Fungi Beasts","floor":14,"turns":3},{"damage":1,"enemies":"Hexaghost","floor":16,"turns":9},{"damage":7,"enemies":"Chosen","floor":18,"turns":9},{"damage":18,"enemies":"Masked Bandits","floor":19,"turns":5},{"damage":19,"enemies":"2 Thieves","floor":21,"turns":5},{"damage":25,"enemies":"Slavers","floor":25,"turns":7},{"damage":42,"enemies":"Shelled Parasite and Fungi","floor":28,"turns":5},{"damage":5,"enemies":"3 Cultists","floor":29,"turns":4},{"damage":16,"enemies":"Sentry and Sphere","floor":30,"turns":3}],"seed_played":"106493712485025808","potions_obtained":[{"floor":1,"key":"CultistPotion"},{"floor":3,"key":"SkillPotion"},{"floor":14,"key":"Fire Potion"},{"floor":18,"key":"SkillPotion"},{"floor":19,"key":"Poison Potion"}],"is_trial":false,"path_per_floor":["M","?","M","M","?","R","E","R","T","R","$","R","?","M","R","B",null,"M","?","?","M","?","R","?","E","T","R","M","M","M"],"character_chosen":"THE_SILENT","items_purchased":[],"campfire_rested":4,"item_purchase_floors":[],"current_hp_per_floor":[59,45,45,45,45,45,24,45,45,45,45,45,11,11,32,31,60,53,35,35,16,39,60,60,35,35,56,14,9,0,0],"gold":704,"neow_bonus":"RANDOM_COMMON_RELIC","is_daily":false,"chose_seed":false,"campfire_upgraded":3,"win_rate":0.0,"timestamp":1614448061,"path_taken":["M","?","M","M","?","R","E","R","T","R","$","R","?","M","R","BOSS","M","?","?","?","?","R","?","E","T","R","M","?","M"],"items_purchased_type":[],"build_version":"2020-12-22","purchased_purges":0,"victory":false,"max_hp_per_floor":[70,70,70,70,70,70,70,70,70,70,70,70,70,70,70,70,70,70,70,70,70,70,70,70,70,70,70,70,70,70,70],"relic_stats":{"counters":[14,73],"Ornamental Fan":[24],"Snecko Eye":[67,78,59,65],"Art of War":[8],"Bag of Preparation":[13],"Kunai":[1],"MawBank":276,"obtain_stats":[{"Ornamental Fan":13,"Snecko Eye":17,"Art of War":0,"Bag of Preparation":9,"Red Mask":19,"Kunai":25,"MawBank":7,"Ring of the Snake":0,"Mercury Hourglass":26},{"Ornamental Fan":5,"Snecko Eye":7,"Art of War":0,"Bag of Preparation":4,"Red Mask":9,"Kunai":11,"MawBank":4,"Ring of the Snake":0,"Mercury Hourglass":11},{"Ornamental Fan":23,"Snecko Eye":35,"Art of War":0,"Bag of Preparation":18,"Red Mask":49,"Kunai":61,"MawBank":18,"Ring of the Snake":0,"Mercury Hourglass":61}],"Ring of the Snake":[28],"Mercury Hourglass":[47]},"card_choices":[{"not_picked":["Infinite Blades","Expertise"],"picked":"Flying Knee","floor":1},{"not_picked":["Predator","Cloak And Dagger"],"picked":"Deadly Poison","floor":3},{"not_picked":["Riddle With Holes","Leg Sweep"],"picked":"Footwork","floor":4},{"not_picked":["Flechettes","Blur"],"picked":"Dagger Spray","floor":7},{"not_picked":["Dagger Spray","Dodge and Roll"],"picked":"Deadly Poison","floor":13},{"not_picked":["Flying Knee","Deflect"],"picked":"Catalyst","floor":14},{"not_picked":["A Thousand Cuts","Storm of Steel"],"picked":"Adrenaline","floor":16},{"not_picked":["Bane","Outmaneuver","Flying Knee+1"],"picked":"SKIP","floor":18},{"not_picked":["Outmaneuver","Terror"],"picked":"Catalyst+1","floor":19},{"not_picked":["Heel Hook","Acrobatics"],"picked":"Skewer","floor":21},{"not_picked":["Finisher","Dagger Spray+1","Endless Agony"],"picked":"SKIP","floor":25},{"not_picked":["Flying Knee","Bane+1"],"picked":"A Thousand Cuts","floor":28},{"not_picked":["Flechettes","Accuracy+1","PiercingWail"],"picked":"SKIP","floor":29}],"player_experience":322930,"relics_obtained":[{"floor":7,"key":"MawBank"},{"floor":9,"key":"Bag of Preparation"},{"floor":13,"key":"Ornamental Fan"},{"floor":19,"key":"Red Mask"},{"floor":25,"key":"Kunai"},{"floor":26,"key":"Mercury Hourglass"}],"event_choices":[{"damage_healed":0,"gold_gain":0,"player_choice":"Entered Light","damage_taken":14,"max_hp_gain":0,"max_hp_loss":0,"event_name":"Shining Light","floor":2,"gold_loss":0,"cards_upgraded":["Strike_G","Defend_G"]},{"cards_removed":["Strike_G"],"damage_healed":0,"gold_gain":0,"player_choice":"Card Removal","damage_taken":0,"max_hp_gain":0,"max_hp_loss":0,"event_name":"The Cleric","floor":5,"gold_loss":50},{"damage_healed":0,"gold_gain":0,"player_choice":"Searched \u00271\u0027 times","damage_taken":0,"max_hp_gain":0,"max_hp_loss":0,"event_name":"Dead Adventurer","floor":13,"gold_loss":0},{"damage_healed":0,"gold_gain":0,"player_choice":"Fought Bandits","damage_taken":0,"max_hp_gain":0,"max_hp_loss":0,"event_name":"Masked Bandits","floor":19,"gold_loss":0},{"damage_healed":0,"gold_gain":0,"cards_transformed":["Strike_G","Strike_G"],"player_choice":"Became Test Subject","damage_taken":0,"max_hp_gain":0,"max_hp_loss":0,"event_name":"Drug Dealer","floor":20,"gold_loss":0,"cards_obtained":["Noxious Fumes","Prepared"]},{"damage_healed":23,"gold_gain":0,"player_choice":"Heal","damage_taken":0,"max_hp_gain":0,"max_hp_loss":0,"event_name":"The Library","floor":22,"gold_loss":0},{"cards_removed":["Strike_G"],"damage_healed":0,"gold_gain":0,"player_choice":"Offered Basic","damage_taken":0,"max_hp_gain":0,"max_hp_loss":0,"event_name":"Bonfire Elementals","floor":24,"gold_loss":0}],"is_beta":false,"boss_relics":[{"not_picked":["Sozu","SlaversCollar"],"picked":"Snecko Eye"}],"items_purged_floors":[],"is_endless":false,"potions_floor_spawned":[1,3,14,18,19],"killed_by":"Sentry and Sphere","ascension_level":10}}