{"host":"5h6e4l6hpn0p5lap","time":1614394538,"event":{"mods":["AchievementEnabler","BaseMod","Better Altar","Better Match","Better Sensory Stone","Better Skull","Better Third Choice","Colored Map","Filter the Spire","Minty Spire (QoL Compilation)","StSLib"],"gold_per_floor":[110,110,129,129,149,149,183,183,183,32,64,79,111,111,111,207,207,218,418,316,302,179,179,197,215,215,215,215],"floor_reached":27,"language":"ENG","playtime":1193,"items_purged":["Infinite Blades","Eviscerate","Outmaneuver"],"score":384,"play_id":"476e8ed7-2f13-4cfe-930d-35d0922e7044","local_time":"20210226215538","is_ascension_mode":true,"campfire_choices":[{"data":"Glass Knife","floor":6,"key":"SMITH"},{"floor":15,"key":"REST"},{"data":"Envenom","floor":23,"key":"SMITH"}],"circlet_count":0,"master_deck":["AscendersBane","Survivor","Neutralize","Outmaneuver","Leg Sweep","Leg Sweep","Doppelganger","Bouncing Flask+1","Endless Agony+1","Glass Knife+1","Poisoned Stab","Panacea","Poisoned Stab","Dodge and Roll","Endless Agony","Catalyst","Burst","Blur","Envenom+1","Bane+1","Backflip","PiercingWail","Footwork","Bane+1","Blur+1"],"relics":["Pandora\u0027s Box","Unceasing Top","Matryoshka","Kunai","Smiling Mask","SlaversCollar","Juzu Bracelet","Bottled Flame"],"acts_visited":["Exordium","TheCity"],"potions_floor_usage":[11,13,21,24,25,25,27],"damage_taken":[{"damage":6,"enemies":"2 Louse","floor":1,"turns":3},{"damage":0,"enemies":"Small Slimes","floor":3,"turns":3},{"damage":6,"enemies":"Cultist","floor":5,"turns":3},{"damage":0,"enemies":"Lagavulin","floor":7,"turns":5},{"damage":20,"enemies":"3 Sentries","floor":11,"turns":5},{"damage":11,"enemies":"Looter","floor":12,"turns":3},{"damage":20,"enemies":"Lagavulin","floor":13,"turns":4},{"damage":3,"enemies":"Hexaghost","floor":16,"turns":7},{"damage":12,"enemies":"Shell Parasite","floor":18,"turns":6},{"damage":0,"enemies":"2 Thieves","floor":21,"turns":4},{"damage":25,"enemies":"Shelled Parasite and Fungi","floor":24,"turns":6},{"damage":17,"enemies":"Snecko","floor":25,"turns":6},{"damage":5,"enemies":"Cultist and Chosen","floor":27,"turns":3}],"seed_played":"773576657395579141","potions_obtained":[{"floor":3,"key":"GhostInAJar"},{"floor":7,"key":"ColorlessPotion"},{"floor":12,"key":"BlessingOfTheForge"},{"floor":16,"key":"SkillPotion"},{"floor":18,"key":"CunningPotion"},{"floor":21,"key":"SkillPotion"},{"floor":25,"key":"Strength Potion"}],"is_trial":false,"path_per_floor":["M","?","M","?","M","R","E","?","T","$","E","M","E","?","R","B",null,"M","?","$","M","$","R","M","M","T","M"],"character_chosen":"THE_SILENT","items_purchased":["Catalyst","Backflip","Footwork"],"campfire_rested":1,"item_purchase_floors":[10,20,22],"current_hp_per_floor":[57,57,57,70,64,64,64,64,64,64,44,33,13,13,34,31,60,48,48,48,48,48,48,23,6,6,1,1],"gold":215,"neow_bonus":"BOSS_RELIC","is_daily":false,"chose_seed":false,"campfire_upgraded":2,"win_rate":0.0,"timestamp":1614394538,"path_taken":["M","?","M","?","M","R","E","?","T","$","E","?","E","?","R","BOSS","M","?","$","M","$","R","?","M","T","M"],"items_purchased_type":["Card","Card","Card"],"build_version":"2020-12-22","purchased_purges":3,"victory":false,"max_hp_per_floor":[70,70,70,70,70,70,70,70,70,70,70,70,70,70,70,70,70,70,70,70,70,70,70,70,70,70,70,70],"card_choices":[{"not_picked":["Underhanded Strike","Caltrops"],"picked":"Poisoned Stab","floor":1},{"not_picked":["Madness","Finesse"],"picked":"Panacea","floor":2},{"not_picked":["Tactician","Underhanded Strike"],"picked":"Poisoned Stab","floor":3},{"not_picked":["Infinite Blades","Underhanded Strike"],"picked":"Dodge and Roll","floor":5},{"not_picked":["Distraction","Cloak And Dagger"],"picked":"Endless Agony","floor":7},{"not_picked":["Bane","Endless Agony"],"picked":"Burst","floor":11},{"not_picked":["Dodge and Roll","Concentrate","Quick Slash"],"picked":"SKIP","floor":12},{"not_picked":["Blade Dance","Well Laid Plans"],"picked":"Blur","floor":13},{"not_picked":["Storm of Steel","Die Die Die"],"picked":"Envenom","floor":16},{"not_picked":["Heel Hook","Underhanded Strike+1"],"picked":"Bane+1","floor":18},{"not_picked":["Poisoned Stab+1","Bouncing Flask"],"picked":"PiercingWail","floor":21},{"not_picked":["Dagger Throw+1","All Out Attack"],"picked":"Bane+1","floor":24},{"not_picked":["Backflip","Bane"],"picked":"Blur+1","floor":25}],"player_experience":1184326,"relics_obtained":[{"floor":7,"key":"Unceasing Top"},{"floor":9,"key":"Matryoshka"},{"floor":11,"key":"Kunai"},{"floor":13,"key":"Smiling Mask"},{"floor":26,"key":"Juzu Bracelet"},{"floor":26,"key":"Bottled Flame"}],"event_choices":[{"damage_healed":0,"gold_gain":1,"player_choice":"1","damage_taken":0,"max_hp_gain":0,"max_hp_loss":0,"event_name":"betterStone:BetterStone","floor":2,"gold_loss":0},{"damage_healed":23,"gold_gain":0,"player_choice":"Banana","damage_taken":0,"max_hp_gain":0,"max_hp_loss":0,"event_name":"Big Fish","floor":4,"gold_loss":0},{"damage_healed":0,"gold_gain":0,"player_choice":"Upgraded","damage_taken":0,"max_hp_gain":0,"max_hp_loss":0,"event_name":"Upgrade Shrine","floor":8,"gold_loss":0,"cards_upgraded":["Endless Agony"]},{"damage_healed":0,"gold_gain":0,"player_choice":"Forge","damage_taken":0,"max_hp_gain":0,"max_hp_loss":0,"event_name":"Accursed Blacksmith","floor":14,"gold_loss":0,"cards_upgraded":["Bouncing Flask"]},{"damage_healed":0,"gold_gain":200,"player_choice":"Gold","damage_taken":0,"max_hp_gain":0,"max_hp_loss":0,"event_name":"Wheel of Change","floor":19,"gold_loss":0}],"is_beta":false,"boss_relics":[{"not_picked":["Velvet Choker","Coffee Dripper"],"picked":"SlaversCollar"}],"items_purged_floors":[10,20,22],"is_endless":false,"potions_floor_spawned":[3,7,12,16,18,21,25],"killed_by":"Cultist and Chosen","ascension_level":10}}