{"host":"1klw5xj5el8ngeqo","time":1614424238,"event":{"mods":["Act Like it!","BaseMod","Colored Powertips","Defuse TimeMaze Blight","Downfall","Gensokyo","Marisa£®ÏF”Í°°ƒß¿Ì…≥£©","Minty Spire (QoL Compilation)","Reimu£®≤©¿ˆ¡È√Œ£©","Remilia£®¿Ÿ√◊¿Ú—«£©","Replay The Spire","Shop Mod","StSLib","The Servant 0.9.4","WarShipGirlsR/’ΩΩ¢…Ÿ≈ÆR mod","Yakumo Yukari mod","Youmu£®ªÍ∆«—˝√Œ£©","Yuyuko"],"gold_per_floor":[116,230,230,10,10,10,10,10,10,28,46,65,65,44,62,172,172,191,191,122,131,31,31,31,31,55,72,72,72,82,100,100,209,209,223,291,99,113,113,113,113,113,113,113,113,130,139,139],"floor_reached":47,"language":"ZHS","playtime":4731,"items_purged":["Pot Of Greed","Shame"],"score":575,"play_id":"86668938-891e-4b83-90a4-40df1dc37b3d","local_time":"20210227191038","daily_mods":["SealedDeck","Vintage","Heirloom","Time Dilation","Flight","downfall:Jewelcrafting"],"is_ascension_mode":true,"campfire_choices":[{"data":"rmod:maintain","floor":6,"key":"SMITH"},{"data":"rmod:diaomin","floor":6,"key":"SMITH"},{"data":"Guardian:ExploitGems","floor":7,"key":"SMITH"},{"data":"Guardian:ExploitGems","floor":7,"key":"SMITH"},{"data":"rmod:supportaircraftcarrier","floor":8,"key":"SMITH"},{"data":"Pot Of Greed","floor":8,"key":"SMITH"},{"data":"rmod:expedition","floor":23,"key":"SMITH"},{"data":"rmod:expedition+1","floor":23,"key":"SMITH"},{"data":"rmod:expedition+2","floor":24,"key":"SMITH"},{"data":"rmod:u235","floor":24,"key":"SMITH"},{"data":"rmod:firesupport","floor":25,"key":"SMITH"},{"data":"rmod:firesupport","floor":25,"key":"SMITH"},{"data":"Pot Of Greed","floor":32,"key":"SMITH"},{"data":"Gensokyo:TurboGranny","floor":32,"key":"SMITH"},{"data":"Gensokyo:LittleGreenMen","floor":40,"key":"SMITH"},{"data":"rmod:windflower","floor":40,"key":"SMITH"},{"data":"rmod:fletcherpendant","floor":42,"key":"SMITH"},{"data":"rmod:tearstotiara","floor":42,"key":"SMITH"}],"circlet_count":0,"master_deck":["Guardian:ExploitGems+1","Guardian:ExploitGems+1","rmod:tearstotiara+1","rmod:garrisonisland+1","rmod:firesupport+1","rmod:luckystar+1","rmod:diaomin+1","rmod:fletcherpendant+1","rmod:firesupport+1","rmod:goodsister+1","rmod:maintain+1","Pot Of Greed+1","rmod:supportaircraftcarrier+1","rmod:u235+1","rmod:seals","rmod:expedition+3","Gensokyo:TurboGranny+1","Pot Of Greed+1","rmod:windflower+1","Gensokyo:LittleGreenMen+1","Gensokyo:TarnishedGold","Gensokyo:BrilliantDragonBullet+1"],"relics":["Unceasing Top","Guardian:PickAxe","Replay:Arrowhead","Bronze Scales","Grinning Jar","Replay:Rubber Ducky","CeramicFish","Gensokyo:Mercy","Centennial Puzzle","Singing Bowl","Honey Jar","Tiny Chest","Molten Egg 2","Art of War","Guardian:PocketSentry","Replay:Bottled Eggs","Gensokyo:ConquerorOfFear","Bottled Lightning","sneckomod:SneckoTalon","rmod:equipmentrecovery","Mummified Hand","Mirror","Kunai","Blue Candle","Peace Pipe","Counterbalance"],"acts_visited":["Gensokyo:Gensokyo","Gensokyo:Gensokyoer","Gensokyo:Gensokyoest"],"potions_floor_usage":[],"damage_taken":[{"damage":0,"enemies":"Gensokyo:Gryphon","floor":1,"turns":1},{"damage":0,"enemies":"Gensokyo:Python","floor":12,"turns":2},{"damage":49,"enemies":"Gensokyo:Kokoro","floor":16,"turns":9},{"damage":12,"enemies":"Gensokyo:Chomper","floor":18,"turns":3},{"damage":4,"enemies":"Gensokyo:2_Gloops","floor":27,"turns":3},{"damage":13,"enemies":"Gensokyo:Swordslinger","floor":30,"turns":2},{"damage":4,"enemies":"Gensokyo:Kaguya","floor":33,"turns":4},{"damage":4,"enemies":"Gensokyo:AncientGuardian","floor":35,"turns":3},{"damage":4,"enemies":"Gensokyo:3_Bats","floor":38,"turns":2},{"damage":4,"enemies":"Gensokyo:3_Boulders","floor":46,"turns":4}],"seed_played":"2626251077787657278","potions_obtained":[{"floor":27,"key":"Energy Potion"},{"floor":38,"key":"Strength Potion"}],"is_trial":true,"path_per_floor":["M","?","T","$","?","R","R","R","T","R","R","M","$","?","R","B",null,"M","?","$","?","$","R","R","R","T","M","T","?","M","?","R","B",null,"M","T","COS","M","$","R","?","R","T","T","?","M","?"],"character_chosen":"PRAEFECT","items_purchased":["CeramicFish","rmod:expedition"],"campfire_rested":0,"item_purchase_floors":[4,20],"current_hp_per_floor":[75,57,57,57,57,57,57,57,57,57,57,57,57,63,63,14,81,69,69,69,69,69,69,69,69,69,65,65,65,52,52,52,48,68,64,64,64,60,60,60,50,50,50,50,23,19,19,19],"gold":139,"neow_bonus":"","is_daily":false,"chose_seed":false,"campfire_upgraded":18,"win_rate":0.0,"timestamp":1614424238,"path_taken":["M","?","?","$","?","R","R","R","T","R","R","?","$","?","R","BOSS","M","?","$","?","$","R","R","R","T","?","?","?","?","?","R","BOSS","M","?","COS","?","?","R","?","R","T","?","?","?","?"],"items_purchased_type":["Relic","Card"],"build_version":"2020-12-22","purchased_purges":2,"victory":false,"max_hp_per_floor":[75,75,75,75,75,75,75,75,75,75,75,75,75,81,81,81,81,81,75,75,75,75,75,75,75,75,75,75,75,75,68,68,68,68,68,68,68,68,68,68,68,68,68,68,68,68,68,68],"card_choices":[{"not_picked":["rmod:intelligenceanalysis","rmod:salvage"],"picked":"rmod:supportaircraftcarrier","floor":2},{"not_picked":["rmod:tearstotiara"],"picked":"Singing Bowl","floor":14},{"not_picked":["rmod:aluminumsupply"],"picked":"Singing Bowl","floor":14},{"not_picked":["rmod:ring"],"picked":"Singing Bowl","floor":14},{"not_picked":[],"picked":"rmod:u235","floor":14},{"not_picked":["rmod:highspeedmaneuver","rmod:supriseattacks"],"picked":"rmod:seals","floor":16},{"not_picked":["Gensokyo:ManorOfTheDishes","Gensokyo:TekeTeke+1","Gensokyo:EightFeetTall"],"picked":"Gensokyo:TurboGranny","floor":31},{"not_picked":["rmod:desperatesituation","rmod:timeschanged+1","rmod:expeditionaryescort"],"picked":"rmod:windflower","floor":33},{"not_picked":["Gensokyo:EverlastingLife","Gensokyo:SalamanderShield"],"picked":"Gensokyo:BrilliantDragonBullet","floor":47}],"player_experience":16357,"relics_obtained":[{"floor":1,"key":"Bronze Scales"},{"floor":2,"key":"Grinning Jar"},{"floor":3,"key":"Replay:Rubber Ducky"},{"floor":9,"key":"Centennial Puzzle"},{"floor":12,"key":"Singing Bowl"},{"floor":18,"key":"Tiny Chest"},{"floor":26,"key":"Art of War"},{"floor":27,"key":"Guardian:PocketSentry"},{"floor":28,"key":"Replay:Bottled Eggs"},{"floor":30,"key":"Gensokyo:ConquerorOfFear"},{"floor":30,"key":"Bottled Lightning"},{"floor":35,"key":"rmod:equipmentrecovery"},{"floor":36,"key":"Mummified Hand"},{"floor":38,"key":"Mirror"},{"floor":43,"key":"Kunai"},{"floor":44,"key":"Blue Candle"},{"floor":46,"key":"Counterbalance"}],"event_choices":[],"is_beta":false,"boss_relics":[{"not_picked":["Busted Crown","Replay:Drink Me"],"picked":"Honey Jar"},{"not_picked":["Ring of Chaos","Replay:Bronze Core"],"picked":"sneckomod:SneckoTalon"}],"items_purged_floors":[4,22],"is_endless":true,"potions_floor_spawned":[27,38],"ascension_level":1}}