{"host":"w4b7hmige5bnqipq","time":1614458310,"event":{"mods":["2.2 Compatiblity","BaseMod","Colored Map","DeckTracker","Keyboard Shortcuts","Minty Spire (QoL Compilation)","Permanent Neow","Rare Cards Sparkle","SuperFastMode","everything is the same but u backflip on backflip","slay the spire mod where everything is the same but ironclad has a cowboy hat"],"gold_per_floor":[359,359,434,446,73,73,109,135,162,162,182,19,19,49,49,49,49],"floor_reached":16,"language":"KOR","playtime":296,"items_purged":[],"score":211,"play_id":"e4c5a4b2-12cb-42d9-9e9b-126f093ae3b6","local_time":"20210228043830","is_ascension_mode":true,"campfire_choices":[{"data":"HandOfGreed","floor":6.0,"key":"SMITH"},{"floor":13.0,"key":"REST"},{"data":"Seek","floor":15.0,"key":"SMITH"}],"circlet_count":0,"master_deck":["AscendersBane","Strike_B","Strike_B","Strike_B","Strike_B","Defend_B","Defend_B","Defend_B","Defend_B","Zap","Dualcast","Compile Driver","Self Repair","HandOfGreed+1","FTL","Core Surge","Seek+1","BootSequence","Consume"],"relics":["Cracked Core","DataDisk","Bronze Scales","Akabeko","Bag of Preparation","Tiny Chest"],"acts_visited":["Exordium"],"potions_floor_usage":[],"damage_taken":[{"damage":12.0,"enemies":"Jaw Worm","floor":1.0,"turns":2.0},{"damage":0.0,"enemies":"2 Louse","floor":4.0,"turns":2.0},{"damage":0.0,"enemies":"Cultist","floor":7.0,"turns":3.0},{"damage":20.0,"enemies":"Lagavulin","floor":8.0,"turns":4.0},{"damage":2.0,"enemies":"Large Slime","floor":11.0,"turns":4.0},{"damage":8.0,"enemies":"Gremlin Nob","floor":14.0,"turns":3.0},{"damage":39,"enemies":"The Guardian","floor":16,"turns":8}],"seed_played":"5415653378275418489","potions_obtained":[{"floor":7.0,"key":"DuplicationPotion"}],"is_trial":false,"path_per_floor":["M","?","?","M","$","R","M","E","T","?","M","$","R","E","R","B"],"character_chosen":"DEFECT","items_purchased":["HandOfGreed","Bronze Scales","Tiny Chest"],"campfire_rested":1,"item_purchase_floors":[5,5,12],"current_hp_per_floor":[52,34,23,23,23,23,30,17,17,17,22,22,41,33,33,0,0],"gold":49,"neow_bonus":"TWO_FIFTY_GOLD","is_daily":false,"chose_seed":false,"campfire_upgraded":2,"win_rate":0.0,"timestamp":1614458310,"path_taken":["M","?","?","M","$","R","M","E","T","?","M","$","R","E","R","BOSS"],"items_purchased_type":["Card","Relic","Relic"],"build_version":"2020-12-22","purchased_purges":0,"victory":false,"max_hp_per_floor":[64,64,64,64,64,64,64,64,64,64,64,64,64,64,64,64,64],"card_choices":[{"not_picked":["Barrage","Hologram"],"picked":"Compile Driver","floor":1.0},{"not_picked":["Steam","Coolheaded"],"picked":"Self Repair","floor":4.0},{"not_picked":["Streamline","Melter"],"picked":"FTL","floor":7.0},{"not_picked":["Hologram","Aggregate"],"picked":"Core Surge","floor":8.0},{"not_picked":["BootSequence","Force Field","Sweeping Beam"],"picked":"SKIP","floor":11.0},{"not_picked":["Force Field","Sweeping Beam"],"picked":"BootSequence","floor":11.0},{"not_picked":["Cold Snap","Conserve Battery"],"picked":"Consume","floor":14.0}],"player_experience":805044,"relics_obtained":[{"floor":8.0,"key":"Akabeko"},{"floor":9.0,"key":"Bag of Preparation"}],"event_choices":[{"damage_healed":0.0,"max_hp_gain":0.0,"max_hp_loss":0.0,"gold_gain":0.0,"event_name":"Scrap Ooze","player_choice":"Success","floor":2.0,"gold_loss":0.0,"damage_taken":18.0,"relics_obtained":["DataDisk"]},{"damage_healed":0.0,"max_hp_gain":0.0,"max_hp_loss":0.0,"gold_gain":75.0,"event_name":"World of Goop","player_choice":"Gather Gold","floor":3.0,"gold_loss":0.0,"damage_taken":11.0},{"damage_healed":0.0,"max_hp_gain":0.0,"max_hp_loss":0.0,"gold_gain":0.0,"event_name":"Match and Keep!","player_choice":"1 cards matched","floor":10.0,"gold_loss":0.0,"damage_taken":0.0,"cards_obtained":["Seek"]}],"is_beta":false,"boss_relics":[],"items_purged_floors":[],"is_endless":false,"potions_floor_spawned":[7],"killed_by":"The Guardian","ascension_level":19}}