{"host":"9c9syrivwe4sfpe0","time":1614429320,"event":{"mods":["AchievementEnabler","BaseMod","Colored Powertips","DeckTracker","GifTheSpireLib","Highlight Path","Minty Spire (QoL Compilation)","Quick Restart","Random Character Button","StSLib","SuperFastMode"],"gold_per_floor":[119,129,129,129,54,83,83,33,59,78,78,104,104,175,175,175,175],"floor_reached":16,"language":"ENG","playtime":587,"items_purged":["Regret"],"score":177,"play_id":"2f23bdd8-0db1-4e32-b76e-3b47a7680f63","local_time":"20210227233520","is_ascension_mode":true,"campfire_choices":[{"data":"Fission","floor":11,"key":"SMITH"},{"floor":15,"key":"REST"}],"circlet_count":0,"master_deck":["Strike_B","Strike_B","Strike_B","Strike_B","Defend_B","Defend_B","Zap","Dualcast","Sweeping Beam","Beam Cell","Fission+1","Streamline","Ball Lightning"],"relics":["Cracked Core","NeowsBlessing","Frozen Egg 2","Toy Ornithopter","Juzu Bracelet","Golden Idol","WingedGreaves"],"acts_visited":["Exordium"],"potions_floor_usage":[12,14],"damage_taken":[{"damage":0,"enemies":"Jaw Worm","floor":1,"turns":1},{"damage":0,"enemies":"Small Slimes","floor":2,"turns":1},{"damage":0,"enemies":"Gremlin Nob","floor":6,"turns":1},{"damage":8,"enemies":"2 Louse","floor":10,"turns":2},{"damage":18,"enemies":"Lagavulin","floor":12,"turns":5},{"damage":20,"enemies":"3 Sentries","floor":14,"turns":6},{"damage":50,"enemies":"Hexaghost","floor":16,"turns":7}],"seed_played":"4697228296469037126","potions_obtained":[{"floor":6,"key":"Block Potion"},{"floor":12,"key":"Block Potion"}],"is_trial":false,"path_per_floor":["M","M","$","?","$","E","?","?","T","M","R","E","?","?","R","B"],"character_chosen":"DEFECT","items_purchased":[],"campfire_rested":1,"item_purchase_floors":[],"current_hp_per_floor":[68,68,68,68,68,68,61,61,61,53,53,40,40,25,45,0,0],"gold":175,"neow_bonus":"THREE_ENEMY_KILL","is_daily":false,"chose_seed":false,"campfire_upgraded":1,"win_rate":0.0,"timestamp":1614429320,"path_taken":["M","M","$","?","$","E","?","?","T","M","R","E","?","?","R","BOSS"],"items_purchased_type":[],"build_version":"2020-12-22","purchased_purges":1,"victory":false,"max_hp_per_floor":[75,75,75,75,75,75,75,75,75,75,75,75,69,69,69,69,69],"card_choices":[{"not_picked":["Hologram","Capacitor"],"picked":"Sweeping Beam","floor":1},{"not_picked":["Sweeping Beam","Double Energy"],"picked":"Beam Cell","floor":2},{"not_picked":["Hologram","Chill"],"picked":"Fission","floor":6},{"not_picked":["Turbo","Blizzard","Consume"],"picked":"SKIP","floor":10},{"not_picked":["Beam Cell","FTL"],"picked":"Streamline","floor":12},{"not_picked":["Barrage","Skim"],"picked":"Ball Lightning","floor":14}],"player_experience":875888,"relics_obtained":[{"floor":6,"key":"Toy Ornithopter"},{"floor":12,"key":"Juzu Bracelet"},{"floor":14,"key":"WingedGreaves"}],"event_choices":[{"damage_healed":0,"gold_gain":0,"player_choice":"Box","damage_taken":0,"relics_obtained":["Frozen Egg 2"],"max_hp_gain":0,"max_hp_loss":0,"event_name":"Big Fish","floor":4,"gold_loss":0,"cards_obtained":["Regret"]},{"cards_removed":["Defend_B"],"damage_healed":0,"gold_gain":0,"player_choice":"Card Removal","damage_taken":7,"max_hp_gain":0,"max_hp_loss":0,"event_name":"Golden Wing","floor":7,"gold_loss":0},{"cards_removed":["Defend_B"],"damage_healed":0,"gold_gain":0,"player_choice":"Card Removal","damage_taken":0,"max_hp_gain":0,"max_hp_loss":0,"event_name":"The Cleric","floor":8,"gold_loss":50},{"damage_healed":0,"gold_gain":0,"player_choice":"Lose Max HP","damage_taken":0,"relics_obtained":["Golden Idol"],"max_hp_gain":0,"max_hp_loss":6,"event_name":"Golden Idol","floor":13,"gold_loss":0},{"damage_healed":0,"gold_gain":0,"player_choice":"Searched \u00271\u0027 times","damage_taken":0,"max_hp_gain":0,"max_hp_loss":0,"event_name":"Dead Adventurer","floor":14,"gold_loss":0}],"is_beta":false,"boss_relics":[],"items_purged_floors":[5],"is_endless":false,"potions_floor_spawned":[6,12],"killed_by":"Hexaghost","ascension_level":7}}