{"host":"s229x1smnerk6mew","time":1614411007,"event":{"mods":["BaseMod","Bestiary","Minty Spire (QoL Compilation)","Relic Stats"],"gold_per_floor":[116,116,41,41,116,148,148,106,106,31,43,55,80,96,96,96,96],"floor_reached":16,"language":"ENG","playtime":531,"items_purged":["Strike_R"],"score":266,"play_id":"2d49a76d-5635-4fd6-b5a7-8553d0e88733","local_time":"20210227183007","is_ascension_mode":true,"campfire_choices":[{"data":"Bash","floor":7,"key":"SMITH"},{"data":"Uppercut","floor":15,"key":"SMITH"}],"circlet_count":0,"master_deck":["AscendersBane","Strike_R","Strike_R","Strike_R","Defend_R+1","Defend_R","Defend_R","Defend_R+1","Bash+1","Clothesline","Uppercut+1","Corruption","Sword Boomerang","Battle Trance","Bloodletting"],"relics":["Burning Blood","NeowsBlessing","War Paint","Darkstone Periapt","Pocketwatch"],"acts_visited":["Exordium"],"potions_floor_usage":[13,16],"damage_taken":[{"damage":0,"enemies":"2 Louse","floor":1,"turns":1},{"damage":0,"enemies":"3 Sentries","floor":6,"turns":1},{"damage":0,"enemies":"Small Slimes","floor":11,"turns":1},{"damage":1,"enemies":"Cultist","floor":12,"turns":3},{"damage":26,"enemies":"Gremlin Nob","floor":13,"turns":4},{"damage":10,"enemies":"Large Slime","floor":14,"turns":5},{"damage":74,"enemies":"Slime Boss","floor":16,"turns":11}],"seed_played":"-799665935197862724","potions_obtained":[{"floor":1,"key":"Explosive Potion"},{"floor":12,"key":"BloodPotion"},{"floor":14,"key":"LiquidBronze"}],"is_trial":false,"path_per_floor":["M","?","?","?","?","E","R","$","T","$","M","M","E","M","R","B"],"character_chosen":"IRONCLAD","items_purchased":["Uppercut"],"campfire_rested":0,"item_purchase_floors":[8],"current_hp_per_floor":[74,79,79,74,63,69,69,69,69,69,75,80,60,56,56,0,0],"gold":96,"neow_bonus":"THREE_ENEMY_KILL","is_daily":false,"chose_seed":false,"campfire_upgraded":2,"win_rate":0.0,"timestamp":1614411007,"path_taken":["M","?","?","?","?","E","R","?","T","$","?","?","E","M","R","BOSS"],"items_purchased_type":["Card"],"build_version":"2020-12-22","purchased_purges":1,"victory":false,"max_hp_per_floor":[75,80,80,80,80,80,80,80,80,80,80,80,80,80,80,80,80],"relic_stats":{"Darkstone Periapt":0,"counters":[7,26],"War Paint":["Defend_R","Defend_R"],"obtain_stats":[{"Darkstone Periapt":6,"NeowsBlessing":0,"War Paint":4,"Burning Blood":0,"Pocketwatch":13},{"Darkstone Periapt":2,"NeowsBlessing":0,"War Paint":1,"Burning Blood":0,"Pocketwatch":5},{"Darkstone Periapt":2,"NeowsBlessing":0,"War Paint":1,"Burning Blood":0,"Pocketwatch":10}],"Burning Blood":36,"Pocketwatch":[42]},"card_choices":[{"not_picked":["Burning Pact","Clash","Rampage"],"picked":"SKIP","floor":1},{"not_picked":["Sword Boomerang","Clash"],"picked":"Clothesline","floor":6},{"not_picked":["Body Slam","Flex"],"picked":"Corruption","floor":11},{"not_picked":["Reckless Charge","Clash"],"picked":"Sword Boomerang","floor":12},{"not_picked":["Cleave","Warcry"],"picked":"Battle Trance","floor":13},{"not_picked":["Body Slam","Bludgeon"],"picked":"Bloodletting","floor":14}],"player_experience":2112112,"relics_obtained":[{"floor":6,"key":"Darkstone Periapt"},{"floor":13,"key":"Pocketwatch"}],"event_choices":[{"damage_healed":0,"gold_gain":0,"player_choice":"Donut","damage_taken":0,"max_hp_gain":5,"max_hp_loss":0,"event_name":"Big Fish","floor":2,"gold_loss":0},{"cards_removed":["Strike_R"],"damage_healed":0,"gold_gain":0,"player_choice":"Card Removal","damage_taken":0,"max_hp_gain":0,"max_hp_loss":0,"event_name":"The Cleric","floor":3,"gold_loss":75},{"damage_healed":0,"gold_gain":0,"player_choice":"Success","damage_taken":5,"relics_obtained":["War Paint"],"max_hp_gain":0,"max_hp_loss":0,"event_name":"Scrap Ooze","floor":4,"gold_loss":0},{"damage_healed":0,"gold_gain":75,"player_choice":"Gather Gold","damage_taken":11,"max_hp_gain":0,"max_hp_loss":0,"event_name":"World of Goop","floor":5,"gold_loss":0}],"is_beta":false,"boss_relics":[],"items_purged_floors":[10],"is_endless":false,"potions_floor_spawned":[1,12,14],"killed_by":"Slime Boss","ascension_level":20}}