{"host":"os9owiyb0rak6c8n","time":1614433789,"event":{"mods":["AchievementEnabler","Astrologer","BaseMod","Beaked The Cultist","Better Third Choice","Block Reminder","Colored Map","Colored Powertips","Curses Come First","Dio Mod","Minty Spire (QoL Compilation)","Shapeshifter Mod","Spicy Shops","StSLib","The Death Knight","The Necromancer"],"gold_per_floor":[114,130,96,108,121,121,153,169,169,228,228,255,39,50,50,154,154,154,17,17,17,17,17,17,17,17,17,17],"floor_reached":27,"language":"ENG","playtime":1860,"items_purged":["Strike_B","Strike_B"],"score":346,"play_id":"340a0d76-9e18-4176-894c-0ed16424ea80","local_time":"20210227144949","is_ascension_mode":true,"campfire_choices":[{"data":"Glacier","floor":6,"key":"SMITH"},{"floor":11,"key":"REST"},{"floor":15,"key":"REST"},{"data":"Hologram","floor":23,"key":"SMITH"},{"data":"RitualDagger","floor":25,"key":"SMITH"}],"circlet_count":0,"master_deck":["AscendersBane","Strike_B","Strike_B","Defend_B","Defend_B","Defend_B","Defend_B","Zap","Dualcast","Ball Lightning","Sweeping Beam","Hologram+1","White Noise","Ball Lightning","Glacier+1","Streamline","Leap","Electrodynamics","BootSequence","RitualDagger+1"],"relics":["Cracked Core","Bag of Preparation","TungstenRod","Gambling Chip","Turnip","Ectoplasm","Smiling Mask"],"acts_visited":["Exordium","TheCity"],"potions_floor_usage":[16,16,27],"damage_taken":[{"damage":1,"enemies":"Cultist","floor":1,"turns":3},{"damage":0,"enemies":"Small Slimes","floor":2,"turns":3},{"damage":0,"enemies":"2 Louse","floor":4,"turns":3},{"damage":7,"enemies":"2 Fungi Beasts","floor":5,"turns":3},{"damage":18,"enemies":"Gremlin Nob","floor":7,"turns":4},{"damage":6,"enemies":"Looter","floor":8,"turns":2},{"damage":23,"enemies":"3 Sentries","floor":10,"turns":7},{"damage":33,"enemies":"Lagavulin","floor":12,"turns":7},{"damage":0,"enemies":"Red Slaver","floor":14,"turns":4},{"damage":31,"enemies":"The Guardian","floor":16,"turns":13},{"damage":0,"enemies":"Chosen","floor":18,"turns":3},{"damage":0,"enemies":"Shell Parasite","floor":20,"turns":6},{"damage":13,"enemies":"Shelled Parasite and Fungi","floor":22,"turns":7},{"damage":42,"enemies":"Book of Stabbing","floor":27,"turns":6}],"seed_played":"2225544667397482912","potions_obtained":[{"floor":4,"key":"Energy Potion"},{"floor":5,"key":"BlessingOfTheForge"},{"floor":14,"key":"Regen Potion"},{"floor":18,"key":"Strength Potion"}],"is_trial":false,"path_per_floor":["M","M","$","M","M","R","E","M","T","?","R","E","$","M","R","B",null,"M","$","M","$","M","R","?","R","T","E"],"character_chosen":"DEFECT","items_purchased":["White Noise","Leap","BootSequence"],"campfire_rested":2,"item_purchase_floors":[3,13,19],"current_hp_per_floor":[67,67,67,67,60,60,42,36,36,13,35,2,2,2,24,8,58,58,58,58,58,45,45,40,40,40,0,0],"gold":17,"neow_bonus":"THREE_CARDS","is_daily":false,"chose_seed":false,"campfire_upgraded":3,"win_rate":0.0,"timestamp":1614433789,"path_taken":["M","M","$","M","M","R","E","M","T","?","R","E","$","M","R","BOSS","M","$","M","$","M","R","?","R","T","E"],"items_purchased_type":["Card","Card","Card"],"build_version":"2020-12-22","purchased_purges":2,"victory":false,"max_hp_per_floor":[75,75,75,75,75,75,75,75,75,75,75,75,75,75,75,75,75,75,75,75,75,75,75,75,75,75,75,75],"card_choices":[{"not_picked":["Redo","Gash"],"picked":"Ball Lightning","floor":0},{"not_picked":["Skim","Go for the Eyes"],"picked":"Sweeping Beam","floor":1},{"not_picked":["Gash","Fusion"],"picked":"Hologram","floor":2},{"not_picked":["Recycle","Darkness"],"picked":"Ball Lightning","floor":4},{"not_picked":["Cold Snap","Hologram"],"picked":"Glacier","floor":5},{"not_picked":["Steam Power","Turbo","Hyperbeam"],"picked":"SKIP","floor":7},{"not_picked":["Self Repair","Cold Snap"],"picked":"Streamline","floor":8},{"not_picked":["White Noise","Chill","Hologram"],"picked":"SKIP","floor":12},{"not_picked":["Streamline","Redo","Buffer"],"picked":"SKIP","floor":14},{"not_picked":["Core Surge","Creative AI"],"picked":"Electrodynamics","floor":16},{"not_picked":["Leap","Fusion+1","Loop+1"],"picked":"SKIP","floor":18},{"not_picked":["Hologram","Recycle","Coolheaded"],"picked":"SKIP","floor":20},{"not_picked":["Self Repair","Fusion","Redo"],"picked":"SKIP","floor":22}],"player_experience":630882,"relics_obtained":[{"floor":7,"key":"Bag of Preparation"},{"floor":9,"key":"TungstenRod"},{"floor":10,"key":"Gambling Chip"},{"floor":12,"key":"Turnip"},{"floor":26,"key":"Smiling Mask"}],"event_choices":[{"damage_healed":0,"gold_gain":0,"player_choice":"Searched \u00271\u0027 times","damage_taken":0,"max_hp_gain":0,"max_hp_loss":0,"event_name":"Dead Adventurer","floor":10,"gold_loss":0},{"damage_healed":0,"gold_gain":0,"player_choice":"Dagger","damage_taken":6,"max_hp_gain":0,"max_hp_loss":0,"event_name":"betterThird:BetterNest","floor":24,"gold_loss":0,"cards_obtained":["RitualDagger"]}],"is_beta":false,"boss_relics":[{"not_picked":["Pandora\u0027s Box","Coffee Dripper"],"picked":"Ectoplasm"}],"items_purged_floors":[13,19],"is_endless":false,"potions_floor_spawned":[4,5,7,8,14,18],"killed_by":"Book of Stabbing","ascension_level":11}}