{"host":"or8fr2mp0k3eluj8","time":1614430774,"event":{"mods":["AchievementEnabler","BaseMod","Colored Map","DeckTracker","Keyboard Shortcuts","Minty Spire (QoL Compilation)","StSLib","SuperFastMode","everything is the same but u backflip on backflip"],"gold_per_floor":[112,112,123,139,156,187,187,206,232,263,280,306,306,43,43,43,43],"floor_reached":16,"language":"KOR","playtime":440,"items_purged":["Strike_R"],"score":153,"play_id":"99b9a7a0-457a-477f-85e1-5d62a280cb7d","local_time":"20210227215934","is_ascension_mode":true,"campfire_choices":[{"data":"Clothesline","floor":7,"key":"SMITH"},{"floor":13,"key":"REST"},{"floor":15,"key":"REST"}],"circlet_count":0,"master_deck":["Strike_R","Strike_R","Strike_R","Strike_R","Defend_R","Defend_R","Defend_R","Defend_R","Bash+1","Clothesline+1","Headbutt","Exhume","Battle Trance","Shrug It Off","Cleave"],"relics":["Burning Blood","Blood Vial","Tiny Chest","PreservedInsect","Anchor","Membership Card","CeramicFish"],"acts_visited":["Exordium"],"potions_floor_usage":[10],"damage_taken":[{"damage":7,"enemies":"Small Slimes","floor":1,"turns":3},{"damage":1,"enemies":"Cultist","floor":3,"turns":3},{"damage":3,"enemies":"2 Louse","floor":4,"turns":2},{"damage":6,"enemies":"Looter","floor":5,"turns":3},{"damage":30,"enemies":"Gremlin Nob","floor":6,"turns":5},{"damage":19,"enemies":"3 Louse","floor":8,"turns":4},{"damage":40,"enemies":"Lagavulin","floor":10,"turns":7},{"damage":4,"enemies":"Exordium Thugs","floor":11,"turns":4},{"damage":12,"enemies":"Gremlin Nob","floor":12,"turns":3},{"damage":68,"enemies":"Hexaghost","floor":16,"turns":11}],"seed_played":"-7869577435932290356","potions_obtained":[{"floor":4,"key":"Swift Potion"},{"floor":5,"key":"AttackPotion"},{"floor":8,"key":"DuplicationPotion"}],"is_trial":false,"path_per_floor":["M","?","M","M","M","E","R","M","T","E","M","E","R","$","R","B"],"character_chosen":"IRONCLAD","items_purchased":["Membership Card","CeramicFish"],"campfire_rested":2,"item_purchase_floors":[14,14],"current_hp_per_floor":[79,79,80,80,80,56,56,45,45,13,17,13,37,37,61,0,0],"gold":43,"neow_bonus":"UPGRADE_CARD","is_daily":false,"chose_seed":false,"campfire_upgraded":1,"win_rate":0.0,"timestamp":1614430774,"path_taken":["M","?","M","M","M","E","R","M","T","E","?","E","R","?","R","BOSS"],"items_purchased_type":["Relic","Relic"],"build_version":"2020-12-22","purchased_purges":1,"victory":false,"max_hp_per_floor":[80,80,80,80,80,80,80,80,80,80,80,80,80,80,80,80,80],"card_choices":[{"not_picked":["Body Slam","Twin Strike"],"picked":"Clothesline","floor":1},{"not_picked":["Warcry","True Grit"],"picked":"Battle Trance","floor":3},{"not_picked":["Second Wind","Clothesline","Burning Pact"],"picked":"SKIP","floor":4},{"not_picked":["Clothesline","Sword Boomerang"],"picked":"Shrug It Off","floor":5},{"not_picked":["Uppercut","Carnage"],"picked":"Cleave","floor":6},{"not_picked":["Blood for Blood","Uppercut","Havoc"],"picked":"SKIP","floor":8},{"not_picked":["Infernal Blade","Blood for Blood","Searing Blow"],"picked":"SKIP","floor":10},{"not_picked":["Shrug It Off","Clothesline","Infernal Blade"],"picked":"SKIP","floor":11},{"not_picked":["Shrug It Off","Metallicize","Anger"],"picked":"SKIP","floor":12}],"player_experience":491568,"relics_obtained":[{"floor":6,"key":"Blood Vial"},{"floor":9,"key":"Tiny Chest"},{"floor":10,"key":"PreservedInsect"},{"floor":12,"key":"Anchor"}],"event_choices":[{"damage_healed":0,"gold_gain":0,"player_choice":"2 cards matched","damage_taken":0,"max_hp_gain":0,"max_hp_loss":0,"event_name":"Match and Keep!","floor":2,"gold_loss":0,"cards_obtained":["Headbutt","Exhume"]}],"is_beta":false,"boss_relics":[],"items_purged_floors":[14],"is_endless":false,"potions_floor_spawned":[4,5,8],"killed_by":"Hexaghost","ascension_level":5}}