{"host":"ut3q8wc68upnfjmc","time":1614442902,"event":{"mods":["BaseMod","Colored Map","Colored Powertips","Downfall","Minty Spire (QoL Compilation)","StSLib","Unceasing Turn Reminder"],"gold_per_floor":[112,124,124,124,135,135,164,180,180,180,180,190,190,208,208,305,305,315,315,327,327,242,242,274,300,349,349,359,377,396,407,407,407,407],"floor_reached":33,"language":"ENG","playtime":1610,"items_purged":[],"score":294,"play_id":"2dbacdc2-f4ea-4674-a67b-95a0d01dc377","local_time":"20210227102142","is_ascension_mode":false,"campfire_choices":[{"data":"Streamline","floor":6,"key":"SMITH"},{"data":"Biased Cognition","floor":11,"key":"SMITH"},{"data":"Dualcast","floor":13,"key":"SMITH"},{"data":"Go for the Eyes","floor":15,"key":"SMITH"},{"data":"Multi-Cast","floor":23,"key":"SMITH"},{"data":"Tempest","floor":27,"key":"SMITH"},{"data":"Reinforced Body","floor":32,"key":"SMITH"}],"circlet_count":0,"master_deck":["Strike_B+1","Strike_B","Defend_B","Defend_B","Defend_B","Zap+1","Dualcast+1","Streamline+1","BootSequence","Biased Cognition+1","Tempest+1","Self Repair","Multi-Cast+1","Steam+1","Iron Wave","Turbo+1","Tempest","Defragment","Reinforced Body+1"],"relics":["Cracked Core","NeowsBlessing","Dream Catcher","Singing Bowl","Empty Cage","Thread and Needle","Blood Vial","Oddly Smooth Stone","Strawberry"],"acts_visited":["Exordium","TheCity"],"potions_floor_usage":[7,7,18,24,28,31,33],"damage_taken":[{"damage":0,"enemies":"Jaw Worm","floor":1,"turns":1},{"damage":0,"enemies":"2 Louse","floor":2,"turns":1},{"damage":0,"enemies":"Cultist","floor":5,"turns":1},{"damage":0,"enemies":"3 Sentries","floor":7,"turns":4},{"damage":1,"enemies":"2 Fungi Beasts","floor":8,"turns":3},{"damage":0,"enemies":"3 Louse","floor":12,"turns":2},{"damage":0,"enemies":"Blue Slaver","floor":14,"turns":2},{"damage":47,"enemies":"The Guardian","floor":16,"turns":7},{"damage":15,"enemies":"Shell Parasite","floor":18,"turns":4},{"damage":12,"enemies":"2 Thieves","floor":20,"turns":4},{"damage":15,"enemies":"Book of Stabbing","floor":24,"turns":4},{"damage":5,"enemies":"3 Cultists","floor":28,"turns":3},{"damage":17,"enemies":"Snake Plant","floor":29,"turns":3},{"damage":0,"enemies":"Centurion and Healer","floor":30,"turns":2},{"damage":11,"enemies":"Snecko","floor":31,"turns":4},{"damage":88,"enemies":"Champ","floor":33,"turns":9}],"seed_played":"4586879672730102013","potions_obtained":[{"floor":1,"key":"FairyPotion"},{"floor":2,"key":"BlessingOfTheForge"},{"floor":5,"key":"AttackPotion"},{"floor":12,"key":"Explosive Potion"},{"floor":16,"key":"Weak Potion"},{"floor":24,"key":"Explosive Potion"},{"floor":29,"key":"Swift Potion"},{"floor":30,"key":"PowerPotion"}],"is_trial":false,"path_per_floor":["M","M","?","?","M","R","E","M","T","?","R","M","R","M","R","B",null,"M","?","M","?","?","R","E","T","T","R","M","M","M","M","R","B"],"character_chosen":"DEFECT","items_purchased":[],"campfire_rested":0,"item_purchase_floors":[],"current_hp_per_floor":[75,75,60,75,75,75,75,74,74,67,67,69,69,69,69,22,77,69,69,64,64,64,64,56,56,63,63,62,56,58,56,56,0,0],"gold":407,"neow_bonus":"THREE_ENEMY_KILL","is_daily":false,"chose_seed":false,"campfire_upgraded":7,"win_rate":0.0,"timestamp":1614442902,"path_taken":["M","M","?","?","M","R","E","M","T","?","R","?","R","M","R","BOSS","M","?","?","?","?","R","E","?","T","R","M","M","M","?","R","BOSS"],"items_purchased_type":[],"build_version":"2020-12-22","purchased_purges":0,"victory":false,"max_hp_per_floor":[75,75,75,75,75,75,75,75,75,75,75,77,77,77,77,77,77,77,77,77,77,77,77,77,77,84,84,86,88,88,88,88,88,88],"card_choices":[{"not_picked":["Lockon","Gash"],"picked":"Go for the Eyes","floor":1},{"not_picked":["Tempest","Redo"],"picked":"Streamline","floor":2},{"not_picked":["Steam Power","Steam"],"picked":"BootSequence","floor":5},{"not_picked":["Turbo","Streamline"],"picked":"Biased Cognition","floor":7},{"not_picked":["Compile Driver","Cold Snap"],"picked":"Tempest","floor":8},{"not_picked":["Cold Snap","Recycle","Rebound"],"picked":"Singing Bowl","floor":12},{"not_picked":["Recycle","Machine Learning"],"picked":"Self Repair","floor":14},{"not_picked":["Biased Cognition","Echo Form"],"picked":"Multi-Cast","floor":16},{"not_picked":["Streamline","Compile Driver"],"picked":"Steam+1","floor":18},{"not_picked":["Streamline","Self Repair+1"],"picked":"Turbo+1","floor":20},{"not_picked":["Rip and Tear+1","Reprogram"],"picked":"Tempest","floor":24},{"not_picked":["Cold Snap","Go for the Eyes","Stack+1"],"picked":"Singing Bowl","floor":28},{"not_picked":["Meteor Strike","Rebound+1","Auto Shields"],"picked":"Singing Bowl","floor":29},{"not_picked":["Reprogram","Barrage"],"picked":"Defragment","floor":30},{"not_picked":["Coolheaded","Leap"],"picked":"Reinforced Body","floor":31}],"player_experience":91075,"relics_obtained":[{"floor":7,"key":"Dream Catcher"},{"floor":9,"key":"Singing Bowl"},{"floor":24,"key":"Blood Vial"},{"floor":25,"key":"Oddly Smooth Stone"},{"floor":26,"key":"Strawberry"}],"event_choices":[{"damage_healed":0,"gold_gain":0,"player_choice":"Entered Light","damage_taken":15,"max_hp_gain":0,"max_hp_loss":0,"event_name":"Shining Light","floor":3,"gold_loss":0,"cards_upgraded":["Zap","Strike_B"]},{"damage_healed":25,"gold_gain":0,"player_choice":"Banana","damage_taken":0,"max_hp_gain":0,"max_hp_loss":0,"event_name":"Big Fish","floor":4,"gold_loss":0},{"cards_removed":["Strike_B"],"damage_healed":0,"gold_gain":0,"player_choice":"Card Removal","damage_taken":7,"max_hp_gain":0,"max_hp_loss":0,"event_name":"Golden Wing","floor":10,"gold_loss":0},{"cards_removed":["Go for the Eyes"],"damage_healed":0,"gold_gain":0,"player_choice":"Took Card","damage_taken":0,"max_hp_gain":0,"max_hp_loss":0,"event_name":"NoteForYourself","floor":19,"gold_loss":0,"cards_obtained":["Iron Wave"]},{"damage_healed":0,"gold_gain":0,"player_choice":"Ignored","damage_taken":0,"max_hp_gain":0,"max_hp_loss":0,"event_name":"Ghosts","floor":21,"gold_loss":0},{"damage_healed":0,"gold_gain":0,"player_choice":"Obtained Relic","damage_taken":0,"relics_obtained":["Thread and Needle"],"max_hp_gain":0,"max_hp_loss":0,"event_name":"Addict","floor":22,"gold_loss":85}],"is_beta":false,"boss_relics":[{"not_picked":["Runic Pyramid","Snecko Eye"],"picked":"Empty Cage"}],"items_purged_floors":[],"is_endless":false,"potions_floor_spawned":[1,2,5,12,16,24,29,30],"killed_by":"Champ","ascension_level":0}}