{"host":"kt2jzujlwvzydtbu","time":1614438574,"event":{"mods":["BaseMod","Bestiary","Hermit","Minty Spire (QoL Compilation)","SacredBarkPlus","StSLib"],"gold_per_floor":[116,131,143,161,175,200,200,228,228,253,265,5,5,18,18,114,114,124,124,140,239,258,258,157,157,157,157,168,168,168,198,198,298,298,317,317,317,115,129,161,161,12,12,66,66,77,77,105,105,105,105,105,6,41,41,41],"floor_reached":55,"language":"ENG","playtime":2841,"items_purged":["Strike_G","Strike_G","Strike_G"],"score":1107,"play_id":"6061fe74-9099-40d7-9363-fb6f6d380963","local_time":"20210227230934","is_ascension_mode":true,"campfire_choices":[{"data":"Noxious Fumes","floor":7.0,"key":"SMITH"},{"floor":13.0,"key":"REST"},{"data":"Crippling Poison","floor":15.0,"key":"SMITH"},{"data":"Neutralize","floor":23.0,"key":"SMITH"},{"data":"Bouncing Flask","floor":25.0,"key":"SMITH"},{"data":"Leg Sweep","floor":27.0,"key":"SMITH"},{"data":"Corpse Explosion","floor":29.0,"key":"SMITH"},{"floor":32.0,"key":"REST"},{"data":"Apotheosis","floor":41.0,"key":"SMITH"},{"data":"Wraith Form v2","floor":45.0,"key":"SMITH"},{"data":"Sadistic Nature","floor":47.0,"key":"SMITH"},{"floor":49.0,"key":"RECALL"},{"data":"Bullet Time","floor":52.0,"key":"SMITH"}],"circlet_count":0,"master_deck":["AscendersBane","Strike_G","Strike_G","Defend_G","Defend_G","Defend_G","Defend_G","Defend_G","Survivor","Neutralize+1","Leg Sweep+1","Deadly Poison","Terror","Deadly Poison","Crippling Poison+1","Noxious Fumes+1","Deadly Poison","Die Die Die","Bane","Bouncing Flask+1","Corpse Explosion+1","CurseOfTheBell","Heel Hook","Bane","Deflect","Sucker Punch","Wraith Form v2+1","Apotheosis+1","Sadistic Nature+1","Good Instincts","Backflip+1","Distraction+1","Bullet Time+1"],"relics":["Ring of the Snake","Blood Vial","Smiling Mask","Toy Ornithopter","Bag of Preparation","Juzu Bracelet","Eternal Feather","Calling Bell","MealTicket","Paper Crane","The Specimen","Nilry\u0027s Codex","Shuriken","Philosopher\u0027s Stone","OrangePellets","Centennial Puzzle","ClockworkSouvenir","HornCleat","Gambling Chip","Oddly Smooth Stone","Mango"],"acts_visited":["TheBeyond","TheEnding"],"potions_floor_usage":[55,55],"damage_taken":[{"damage":5.0,"enemies":"Small Slimes","floor":1.0,"turns":5.0},{"damage":0.0,"enemies":"2 Louse","floor":2.0,"turns":6.0},{"damage":0.0,"enemies":"Jaw Worm","floor":3.0,"turns":4.0},{"damage":10.0,"enemies":"2 Fungi Beasts","floor":4.0,"turns":5.0},{"damage":1.0,"enemies":"Exordium Wildlife","floor":5.0,"turns":4.0},{"damage":22.0,"enemies":"3 Sentries","floor":6.0,"turns":13.0},{"damage":26.0,"enemies":"Gremlin Nob","floor":8.0,"turns":5.0},{"damage":19.0,"enemies":"Lagavulin","floor":10.0,"turns":6.0},{"damage":0.0,"enemies":"3 Louse","floor":11.0,"turns":1.0},{"damage":4.0,"enemies":"Red Slaver","floor":14.0,"turns":4.0},{"damage":39.0,"enemies":"The Guardian","floor":16.0,"turns":7.0},{"damage":52.0,"enemies":"2 Thieves","floor":18.0,"turns":4.0},{"damage":12.0,"enemies":"Chosen","floor":20.0,"turns":5.0},{"damage":31.0,"enemies":"Snecko","floor":22.0,"turns":6.0},{"damage":36.0,"enemies":"Sentry and Sphere","floor":28.0,"turns":5.0},{"damage":16.0,"enemies":"Slavers","floor":31.0,"turns":4.0},{"damage":26.0,"enemies":"Collector","floor":33.0,"turns":7.0},{"damage":9.0,"enemies":"Orb Walker","floor":35.0,"turns":5.0},{"damage":7.0,"enemies":"3 Darklings","floor":39.0,"turns":3.0},{"damage":58.0,"enemies":"Nemesis","floor":40.0,"turns":7.0},{"damage":6.0,"enemies":"2 Orb Walkers","floor":44.0,"turns":3.0},{"damage":3.0,"enemies":"Transient","floor":46.0,"turns":5.0},{"damage":6.0,"enemies":"Reptomancer","floor":48.0,"turns":6.0},{"damage":44.0,"enemies":"Donu and Deca","floor":50.0,"turns":8.0},{"damage":22.0,"enemies":"Shield and Spear","floor":54.0,"turns":5.0},{"damage":72,"enemies":"The Heart","floor":55,"turns":8}],"seed_played":"7265372864830648579","potions_obtained":[{"floor":1.0,"key":"FairyPotion"},{"floor":2.0,"key":"Block Potion"},{"floor":6.0,"key":"CultistPotion"},{"floor":8.0,"key":"Swift Potion"},{"floor":14.0,"key":"Ancient Potion"},{"floor":18.0,"key":"PowerPotion"},{"floor":33.0,"key":"Strength Potion"},{"floor":39.0,"key":"GhostInAJar"},{"floor":40.0,"key":"Dexterity Potion"}],"is_trial":false,"path_per_floor":["M","M","M","M","M","E","R","E","T","E","M","$","R","M","R","B",null,"M","?","M","?","M","R","$","R","T","R","M","R","?","E","R","B",null,"M","?","?","$","M","E","R","$","T","?","R","M","R","E","R","B",null,"R","$","E","B"],"character_chosen":"THE_SILENT","items_purchased":["Eternal Feather","Deflect","OrangePellets","ClockworkSouvenir","Strength Potion"],"campfire_rested":2,"item_purchase_floors":[12,24,38,42,53],"current_hp_per_floor":[60,62,64,56,57,37,37,13,13,1,3,3,36,34,46,9,55,5,28,18,18,21,36,51,66,66,70,34,49,33,19,55,36,62,55,55,45,60,55,4,22,37,37,33,51,50,66,60,66,27,56,66,66,58,0,0],"gold":41,"neow_bonus":"RANDOM_COMMON_RELIC","is_daily":false,"chose_seed":false,"campfire_upgraded":10,"win_rate":0.0,"timestamp":1614438574,"path_taken":["M","M","M","M","M","E","R","E","T","E","M","$","R","M","R","BOSS","M","?","M","?","M","R","$","R","T","R","M","R","?","E","R","BOSS","M","?","?","$","M","E","R","$","T","?","R","M","R","E","R","BOSS","R","$","E","BOSS"],"items_purchased_type":["Relic","Card","Relic","Relic","Potion"],"build_version":"2020-12-22","purchased_purges":3,"victory":false,"max_hp_per_floor":[70,70,70,70,70,70,70,70,70,70,70,70,70,70,70,70,70,70,70,70,70,70,70,70,70,70,70,70,70,70,70,70,70,70,70,66,66,66,66,66,66,66,66,66,66,66,66,66,66,66,66,66,66,80,80,80],"card_choices":[{"not_picked":["Dodge and Roll","Accuracy"],"picked":"Leg Sweep","floor":1.0},{"not_picked":["Dagger Spray","Backflip"],"picked":"Deadly Poison","floor":2.0},{"not_picked":["Deflect","Bane"],"picked":"Terror","floor":3.0},{"not_picked":["Blade Dance","Leg Sweep"],"picked":"Deadly Poison","floor":4.0},{"not_picked":["Slice","Blade Dance"],"picked":"Crippling Poison","floor":5.0},{"not_picked":["Dash","Terror"],"picked":"Noxious Fumes","floor":6.0},{"not_picked":["Leg Sweep","Dagger Spray"],"picked":"Deadly Poison","floor":8.0},{"not_picked":["Expertise","Sucker Punch"],"picked":"Die Die Die","floor":10.0},{"not_picked":["Prepared","Outmaneuver"],"picked":"Bane","floor":11.0},{"not_picked":["Quick Slash","Deflect"],"picked":"Bouncing Flask","floor":14.0},{"not_picked":["Glass Knife","Phantasmal Killer"],"picked":"Corpse Explosion","floor":16.0},{"not_picked":["Outmaneuver+1","Acrobatics","Slice"],"picked":"SKIP","floor":18.0},{"not_picked":["Dodge and Roll","Leg Sweep"],"picked":"Heel Hook","floor":20.0},{"not_picked":["Outmaneuver","Eviscerate+1"],"picked":"Bane","floor":22.0},{"not_picked":["Bouncing Flask","Skewer","Prepared+1"],"picked":"SKIP","floor":28.0},{"not_picked":["Endless Agony","Tactician"],"picked":"Sucker Punch","floor":31.0},{"not_picked":["Tools of the Trade","Adrenaline"],"picked":"Wraith Form v2","floor":33.0},{"not_picked":["Dodge and Roll","Outmaneuver","Slice"],"picked":"SKIP","floor":35.0},{"not_picked":["Mind Blast","Master of Strategy"],"picked":"Apotheosis","floor":37.0},{"not_picked":["Bandage Up","Jack Of All Trades"],"picked":"Sadistic Nature","floor":37.0},{"not_picked":["Chrysalis","Magnetism"],"picked":"Good Instincts","floor":37.0},{"not_picked":["Blade Dance","Expertise","Reflex"],"picked":"SKIP","floor":39.0},{"not_picked":["Flying Knee+1","Riddle With Holes","Escape Plan"],"picked":"SKIP","floor":40.0},{"not_picked":["Deadly Poison","Concentrate"],"picked":"Backflip+1","floor":44.0},{"not_picked":["Blade Dance+1","Underhanded Strike"],"picked":"Distraction+1","floor":46.0},{"not_picked":["Blade Dance","Noxious Fumes+1"],"picked":"Bullet Time","floor":48.0},{"not_picked":["Well Laid Plans","Predator","Bane"],"picked":"SKIP","floor":54.0}],"player_experience":648606,"relics_obtained":[{"floor":6.0,"key":"Smiling Mask"},{"floor":8.0,"key":"Toy Ornithopter"},{"floor":9.0,"key":"Bag of Preparation"},{"floor":10.0,"key":"Juzu Bracelet"},{"floor":17.0,"key":"MealTicket"},{"floor":17.0,"key":"Paper Crane"},{"floor":17.0,"key":"The Specimen"},{"floor":30.0,"key":"Nilry\u0027s Codex"},{"floor":31.0,"key":"Shuriken"},{"floor":40.0,"key":"Centennial Puzzle"},{"floor":43.0,"key":"HornCleat"},{"floor":44.0,"key":"Gambling Chip"},{"floor":48.0,"key":"Oddly Smooth Stone"},{"floor":54.0,"key":"Mango"}],"event_choices":[{"damage_healed":23.0,"max_hp_gain":0.0,"max_hp_loss":0.0,"gold_gain":0.0,"event_name":"The Library","player_choice":"Heal","floor":19.0,"gold_loss":0.0,"damage_taken":0.0},{"damage_healed":0.0,"max_hp_gain":0.0,"max_hp_loss":0.0,"gold_gain":99.0,"event_name":"Nest","player_choice":"Stole From Cult","floor":21.0,"gold_loss":0.0,"damage_taken":0.0},{"damage_healed":0.0,"max_hp_gain":0.0,"max_hp_loss":0.0,"gold_gain":0.0,"event_name":"Cursed Tome","player_choice":"Obtained Book","floor":30.0,"gold_loss":0.0,"damage_taken":16.0},{"damage_healed":0.0,"max_hp_gain":0.0,"max_hp_loss":4.0,"gold_gain":0.0,"event_name":"Winding Halls","player_choice":"Max HP","floor":36.0,"gold_loss":0.0,"damage_taken":0.0},{"damage_healed":0.0,"max_hp_gain":0.0,"max_hp_loss":0.0,"gold_gain":0.0,"event_name":"SensoryStone","player_choice":"Memory 3","floor":37.0,"gold_loss":0.0,"damage_taken":10.0},{"damage_healed":0.0,"max_hp_gain":0.0,"max_hp_loss":0.0,"gold_gain":0.0,"event_name":"Mysterious Sphere","player_choice":"Fight","floor":44.0,"gold_loss":0.0,"damage_taken":0.0}],"is_beta":false,"boss_relics":[{"not_picked":["Sozu","Velvet Choker"],"picked":"Calling Bell"},{"not_picked":["Fusion Hammer","WristBlade"],"picked":"Philosopher\u0027s Stone"}],"items_purged_floors":[24,38,53],"is_endless":false,"potions_floor_spawned":[1,2,6,8,14,18,20,33,39,40],"killed_by":"The Heart","ascension_level":10}}