{"host":"spwntgjk5v6ygtff","time":1614442039,"event":{"mods":["ATMod(∞¢Ë™Mod)","Aspiration","BaseMod","Challenge The Spire","Downfall","Energized Spire","Highlight Path","Lobotomy","Marisa£®ÏF”Í°°ƒß¿Ì…≥£©","Minty Spire (QoL Compilation)","Quick Restart","Reimu£®≤©¿ˆ¡È√Œ£©","Remilia£®¿Ÿ√◊¿Ú—«£©","Reorder Act Four","Replay The Spire","StSLib","UnlockEverythingMod","[IsaacMod]“‘»ˆº‚À˛","°æπ¶ƒ‹Mod°ø¥œ√˜µƒ◊Ó÷’Boss","°æ“≈ŒÔø®≈∆°øREMEMod"],"gold_per_floor":[99,117,8616,8616,7691,7722,7722,7752,7764,7794,7494,7504,7504,7504,7518,7616,7616,7616,7627,7645,7645,7109,7123,7205,7305,7305,7317,7317,7330,7330,7364,7383,7485,7485,7485,7485,7485],"floor_reached":36,"language":"ZHS","playtime":1599,"items_purged":["Defend_RM","Strike_RM","RedMoon","Septette"],"score":625,"play_id":"f531a6be-0679-4d18-9a90-43ad4f6c3bfb","local_time":"20210228000719","is_ascension_mode":false,"campfire_choices":[{"floor":1,"key":"RECALL"},{"data":"EternalNight","floor":11,"key":"SMITH"},{"data":"AT_ShrugMaster","floor":13,"key":"SMITH"},{"data":"EternalNight","floor":18,"key":"SMITH"},{"data":"TricksterDevil","floor":28,"key":"SMITH"},{"data":"ChaoticDestiny","floor":30,"key":"SMITH"},{"floor":35,"key":"DIG"}],"circlet_count":0,"master_deck":["Strike_RM","Strike_RM","Strike_RM","Defend_RM","Defend_RM","ScarletShoot","AT_ShrugMaster+1","ScarletSymphony","RedRainbow","ChainGang","expansioncontent:QuickStudy","DiffusionOfMisfortune","expansioncontent:HyperBeam","EternalNight+1","EternalNight+1","BloodySeventeenLaser","BloodHunter","ScarletImprint","ChainGang","TricksterDevil+1","AT_EmpoweredMortalDraw","NightDance+1","HeartBreak","ChaoticDestiny+1","RedRainbow","DemonKingCradle"],"relics":["ScarletHat","AT_ATBox","HushsDoor","REME_ComplimentaryCards","D6","ReplayTheSpireMod:Lightbulb","Happy Flower","DeadEye","Akabeko","Medical Kit","TheBible","CaptainsWheel","Shovel","AT_BellowingDragoncrestRing","aspiration:ChemicalBlood","Nunchaku","downfall:HeartBlessingRed","downfall:HeartBlessingGreen","downfall:HeartBlessingBlue","AT_MortalBlade","GuppysTail","Chemical X","aspiration:StickyExplosives_weak","Girya","AT_SilvercatRing","Lantern","Replay:Grab Bag","GuppysCollar","Chameleon Ring"],"acts_visited":["Exordium","TheCity","TheBeyond"],"potions_floor_usage":[10,16,16,20,27,31,32,33],"damage_taken":[{"damage":0,"enemies":"2 Louse","floor":2,"turns":3},{"damage":4,"enemies":"downfall:FleeingMerchant","floor":3,"turns":4},{"damage":0,"enemies":"downfall:FleeingMerchant","floor":5,"turns":4},{"damage":0,"enemies":"Gremlin Nob","floor":6,"turns":2},{"damage":0,"enemies":"3 Sentries","floor":8,"turns":1},{"damage":0,"enemies":"Small Slimes","floor":9,"turns":1},{"damage":0,"enemies":"Gremlin Nob","floor":10,"turns":2},{"damage":0,"enemies":"Jaw Worm","floor":12,"turns":1},{"damage":0,"enemies":"Exordium Thugs","floor":15,"turns":1},{"damage":0,"enemies":"IC_STATUS_ARCHETYPE","floor":16,"turns":3},{"damage":0,"enemies":"Chosen","floor":19,"turns":1},{"damage":0,"enemies":"Shell Parasite","floor":20,"turns":2},{"damage":0,"enemies":"downfall:FleeingMerchant","floor":22,"turns":4},{"damage":0,"enemies":"Shelled Parasite and Fungi","floor":23,"turns":2},{"damage":12,"enemies":"Snake Plant","floor":27,"turns":2},{"damage":0,"enemies":"3 Cultists","floor":29,"turns":3},{"damage":10,"enemies":"Book of Stabbing","floor":31,"turns":3},{"damage":0,"enemies":"Sentry and Sphere","floor":32,"turns":2},{"damage":0,"enemies":"WA_ARCHETYPE_CALM","floor":33,"turns":1},{"damage":7,"enemies":"3 Darklings","floor":36,"turns":3}],"seed_played":"3161563671842390298","potions_obtained":[{"floor":2,"key":"Ancient Potion"},{"floor":8,"key":"Dexterity Potion"},{"floor":9,"key":"AttackPotion"},{"floor":10,"key":"Fire Potion"},{"floor":19,"key":"DestinyDice"},{"floor":23,"key":"Guardian:BlockOnCardUsePotion"},{"floor":29,"key":"BlessingOfTheForge"},{"floor":32,"key":"FearPotion"},{"floor":33,"key":"SteroidPotion"}],"is_trial":false,"path_per_floor":["R","M","$","?","$","E","T","E","M","E","R","M","R","?","M","B",null,"R","M","M","?","$","M","T","?","?","M","R","M","R","E","M","B",null,"R","M"],"character_chosen":"REMILIA","items_purchased":["ReplayTheSpireMod:Lightbulb","Happy Flower","ChainGang","Strength Potion","expansioncontent:QuickStudy","DeadEye","Akabeko","Medical Kit","DiffusionOfMisfortune","CaptainsWheel","Shovel","EternalNight","BloodySeventeenLaser","GuppysTail","Chemical X","aspiration:StickyExplosives_weak","Girya","GuppysCollar"],"campfire_rested":0,"item_purchase_floors":[3,3,3,3,3,3,3,3,3,5,5,5,5,17,22,22,22,34],"current_hp_per_floor":[82,82,78,75,75,75,75,75,75,78,88,90,90,90,90,92,82,82,82,82,74,76,76,76,61,61,49,49,49,49,46,46,46,69,69,62,62],"gold":7485,"neow_bonus":"TEN_PERCENT_HP_BONUS","is_daily":false,"chose_seed":false,"campfire_upgraded":5,"win_rate":0.0,"timestamp":1614442039,"path_taken":["R","M","$","?","$","E","T","E","M","E","R","M","R","?","M","BOSS","R","M","M","?","$","M","T","?","?","M","R","M","R","E","M","BOSS","R","M"],"items_purchased_type":["Relic","Relic","Card","Potion","Card","Relic","Relic","Relic","Card","Relic","Relic","Card","Card","Relic","Relic","Relic","Relic","Relic"],"build_version":"2020-12-22","purchased_purges":4,"victory":false,"max_hp_per_floor":[82,82,82,82,82,82,82,82,82,82,92,92,92,92,92,92,82,82,82,82,82,82,82,82,82,82,82,82,82,82,82,82,82,69,69,69,69],"card_choices":[{"not_picked":["UnderTheZenith","EmergencyRegeneration"],"picked":"ScarletSymphony","floor":2},{"not_picked":["BloodHunter","BloodRain"],"picked":"RedRainbow","floor":3},{"not_picked":["RedRainbow","BloodyTrap"],"picked":"EternalNight","floor":5},{"not_picked":["BlasphemousPunishment","AfternoonTea"],"picked":"Septette","floor":6},{"not_picked":["VampireKiss","VampireSweep","Septette"],"picked":"SKIP","floor":8},{"not_picked":["RedNightlessCastle","HunterOfTheNight"],"picked":"BloodHunter","floor":9},{"not_picked":["ScarletGensokyo","LeisurelyOfLord","HunterOfTheNight"],"picked":"SKIP","floor":10},{"not_picked":["VampirishNight","Stigmanizer"],"picked":"ScarletImprint","floor":12},{"not_picked":["VampireKiss","UnderTheZenith"],"picked":"ChainGang","floor":15},{"not_picked":["HellCatastrophe","DemonKingCradle"],"picked":"TricksterDevil","floor":16},{"not_picked":["RedRainbow","BombardNight+1"],"picked":"NightDance+1","floor":19},{"not_picked":["AfternoonTea","FavorOfDestiny+1","DiffusionOfMisfortune"],"picked":"SKIP","floor":20},{"not_picked":["HunterOfTheNight+1","EndlessAdversity+1"],"picked":"HeartBreak","floor":21},{"not_picked":["BloodHunter","ScarletMeister"],"picked":"ChaoticDestiny","floor":22},{"not_picked":["RedMagic","UnstableMagic","BloodHunter"],"picked":"SKIP","floor":23},{"not_picked":["RedMagic","RedRainbow","BloodHunter"],"picked":"SKIP","floor":27},{"not_picked":["RedMagic","BloodHunter"],"picked":"RedRainbow","floor":27},{"not_picked":["EmergencyRegeneration","ChaoticDestiny","StarOfDavid+1"],"picked":"SKIP","floor":29},{"not_picked":["UnstableMagic+1","BlasphemousPunishment"],"picked":"DemonKingCradle","floor":31},{"not_picked":["CharismaGuard","EndlessAdversity+1","ScarletImprint"],"picked":"SKIP","floor":32}],"player_experience":56997,"relics_obtained":[{"floor":6,"key":"AT_BellowingDragoncrestRing"},{"floor":8,"key":"aspiration:ChemicalBlood"},{"floor":10,"key":"Nunchaku"},{"floor":24,"key":"AT_SilvercatRing"},{"floor":31,"key":"Lantern"},{"floor":35,"key":"Chameleon Ring"}],"event_choices":[{"damage_healed":0,"gold_gain":0,"player_choice":"Success","damage_taken":3,"relics_obtained":["TheBible"],"max_hp_gain":0,"max_hp_loss":0,"event_name":"Scrap Ooze","floor":4,"gold_loss":0},{"cards_removed":["Defend_RM"],"damage_healed":0,"gold_gain":0,"player_choice":"Card Removal","damage_taken":0,"max_hp_gain":0,"max_hp_loss":0,"event_name":"The Cleric","floor":14,"gold_loss":0}],"is_beta":false,"boss_relics":[{"not_picked":["ChampionBelt","Empty Cage"],"picked":"AT_MortalBlade"},{"not_picked":[]},{"not_picked":["REME_DuelDisc","aspiration:FutureDiary"],"picked":"Replay:Grab Bag"},{"not_picked":[]}],"items_purged_floors":[3,3,5,22],"is_endless":false,"potions_floor_spawned":[2,8,9,10,19,23,29,32,33],"killed_by":"3 Darklings","ascension_level":0}}