{"host":"xl12sa608q11y2r0","time":1614407183,"event":{"mods":["Act Like it!","BaseMod","Better Altar","Better Third Choice","BetterRewards","Colored Map","Colored Powertips","GifTheSpireLib","Hermit","HexUI Lib","Highlight Path","Minty Spire (QoL Compilation)","Shop Mod","Spicy Shops","StSLib","The Cursed","The Disciple","The Marked","The Necromancer","The Servant 0.9.4"],"gold_per_floor":[110,185,205,223,17,52,52,79,79,79,79,106,106,134,134,239,289,299,316,332,247,247,247,264,264,264,264,264,296,17,117,117,117,117],"floor_reached":33,"language":"JPN","playtime":1743,"items_purged":["Defend_R"],"score":502,"play_id":"54055670-4dc8-4d22-975b-4584a2ac28f4","local_time":"20210227152623","is_ascension_mode":true,"campfire_choices":[{"data":"Armaments","floor":7,"key":"SMITH"},{"floor":10,"key":"REST"},{"floor":13,"key":"REST"},{"data":"Flex","floor":15,"key":"SMITH"},{"data":"Double Tap","floor":23,"key":"SMITH"},{"data":"Cleave","floor":25,"key":"SMITH"},{"data":"Pommel Strike","floor":27,"key":"SMITH"},{"data":"Cleave","floor":32,"key":"SMITH"}],"circlet_count":0,"master_deck":["AscendersBane","Strike_R","Strike_R","Strike_R+1","Strike_R","Defend_R","Defend_R","Defend_R","Bash","Cleave+1","Thunderclap","Seeing Red","Armaments+1","Sword Boomerang","Hemokinesis","Anger","Clash","Flex+1","Double Tap+1","Cleave+1","Iron Wave","Shrug It Off","Pommel Strike+1","Clothesline+1","Blood for Blood+1","Offering+1","Twin Strike+1"],"relics":["Burning Blood","HandDrill","Smiling Mask","Sundial","Pen Nib","White Beast Statue","Tiny Chest","Tiny House","PreservedInsect","Meat on the Bone","Self Forming Clay","Toxic Egg 2","Boot","ClockworkSouvenir","Unceasing Top","Frozen Egg 2"],"acts_visited":["Exordium","TheCity"],"potions_floor_usage":[6,8,16,16,18,20,24,31,33,33],"damage_taken":[{"damage":30,"enemies":"Jaw Worm","floor":1,"turns":6},{"damage":0,"enemies":"Small Slimes","floor":3,"turns":3},{"damage":6,"enemies":"Cultist","floor":4,"turns":4},{"damage":25,"enemies":"Lagavulin","floor":6,"turns":7},{"damage":28,"enemies":"Gremlin Nob","floor":8,"turns":4},{"damage":26,"enemies":"Lagavulin","floor":12,"turns":6},{"damage":4,"enemies":"Gremlin Nob","floor":14,"turns":3},{"damage":31,"enemies":"Hexaghost","floor":16,"turns":6},{"damage":16,"enemies":"Shell Parasite","floor":18,"turns":2},{"damage":8,"enemies":"3 Byrds","floor":19,"turns":4},{"damage":25,"enemies":"Centurion and Healer","floor":20,"turns":3},{"damage":47,"enemies":"Cultist and Chosen","floor":24,"turns":7},{"damage":2,"enemies":"Gremlin Leader","floor":29,"turns":3},{"damage":12,"enemies":"Colosseum Slavers","floor":31,"turns":3},{"damage":8,"enemies":"Colosseum Nobs","floor":31,"turns":2},{"damage":61,"enemies":"Automaton","floor":33,"turns":6}],"seed_played":"-5069124337128657488","potions_obtained":[{"floor":1,"key":"SteroidPotion"},{"floor":3,"key":"Fire Potion"},{"floor":12,"key":"ColorlessPotion"},{"floor":14,"key":"AttackPotion"},{"floor":16,"key":"FairyPotion"},{"floor":17,"key":"GamblersBrew"},{"floor":18,"key":"Ancient Potion"},{"floor":20,"key":"SkillPotion"},{"floor":24,"key":"Swift Potion"},{"floor":29,"key":"Block Potion"},{"floor":31,"key":"PowerPotion"}],"is_trial":false,"path_per_floor":["M","?","M","M","$","E","R","E","T","R","?","E","R","E","R","B",null,"M","M","M","?","?","R","M","R","T","R","T","E","$","?","R","B"],"character_chosen":"IRONCLAD","items_purchased":["Armaments","HandDrill","ClockworkSouvenir","Offering+1"],"campfire_rested":2,"item_purchase_floors":[5,5,30,30],"current_hp_per_floor":[56,45,51,51,51,32,32,10,10,36,36,16,42,44,44,19,76,66,64,45,45,45,45,45,45,45,45,45,61,61,53,53,0,0],"gold":117,"neow_bonus":"TEN_PERCENT_HP_BONUS","is_daily":false,"chose_seed":false,"campfire_upgraded":6,"win_rate":0.0,"timestamp":1614407183,"path_taken":["M","?","M","M","$","E","R","E","T","R","?","E","R","E","R","BOSS","M","M","?","?","?","R","M","R","T","R","?","E","$","?","R","BOSS"],"items_purchased_type":["Card","Relic","Relic","Card"],"build_version":"2020-12-22","purchased_purges":1,"victory":false,"max_hp_per_floor":[88,88,88,88,88,88,88,88,88,88,88,88,88,88,88,88,93,93,93,93,93,93,93,93,93,93,93,93,93,93,93,93,93,93],"card_choices":[{"not_picked":["Rage","Shockwave"],"picked":"Cleave","floor":1},{"not_picked":["Flame Barrier","Bloodletting"],"picked":"Thunderclap","floor":3},{"not_picked":["Ghostly Armor","Anger"],"picked":"Seeing Red","floor":4},{"not_picked":["Body Slam","Warcry"],"picked":"Sword Boomerang","floor":6},{"not_picked":["Shockwave","Armaments"],"picked":"Hemokinesis","floor":8},{"not_picked":["Searing Blow","Burning Pact"],"picked":"Clash","floor":12},{"not_picked":["Shrug It Off","Searing Blow"],"picked":"Flex","floor":14},{"not_picked":["Corruption","Exhume"],"picked":"Double Tap","floor":16},{"not_picked":["Fire Breathing","Heavy Blade"],"picked":"Cleave","floor":17},{"not_picked":["Cleave","Headbutt"],"picked":"Iron Wave","floor":18},{"not_picked":["Headbutt","Body Slam"],"picked":"Shrug It Off","floor":19},{"not_picked":["Perfected Strike","Wild Strike"],"picked":"Pommel Strike","floor":20},{"not_picked":["Metallicize","Clash"],"picked":"Clothesline+1","floor":24},{"not_picked":["Pommel Strike","Searing Blow+1"],"picked":"Blood for Blood+1","floor":29},{"not_picked":["Fiend Fire","Havoc+1"],"picked":"Twin Strike+1","floor":31}],"player_experience":459351,"relics_obtained":[{"floor":6,"key":"Smiling Mask"},{"floor":8,"key":"Sundial"},{"floor":9,"key":"Pen Nib"},{"floor":12,"key":"White Beast Statue"},{"floor":14,"key":"Tiny Chest"},{"floor":26,"key":"Self Forming Clay"},{"floor":28,"key":"Toxic Egg 2"},{"floor":29,"key":"Boot"},{"floor":31,"key":"Unceasing Top"},{"floor":31,"key":"Frozen Egg 2"}],"event_choices":[{"damage_healed":0,"gold_gain":75,"player_choice":"Gold","damage_taken":11,"max_hp_gain":0,"max_hp_loss":0,"event_name":"betterThird:BetterGoop","floor":2,"gold_loss":0},{"damage_healed":0,"gold_gain":0,"cards_transformed":["Strike_R"],"player_choice":"Transformed","damage_taken":0,"max_hp_gain":0,"max_hp_loss":0,"event_name":"Transmorgrifier","floor":11,"gold_loss":0,"cards_obtained":["Anger"]},{"damage_healed":0,"gold_gain":0,"player_choice":"Obtained Relic","damage_taken":0,"relics_obtained":["PreservedInsect"],"max_hp_gain":0,"max_hp_loss":0,"event_name":"Addict","floor":21,"gold_loss":85},{"damage_healed":0,"gold_gain":0,"player_choice":"Opened","damage_taken":0,"relics_obtained":["Meat on the Bone"],"max_hp_gain":0,"max_hp_loss":0,"event_name":"The Mausoleum","floor":22,"gold_loss":0},{"damage_healed":0,"gold_gain":0,"player_choice":"Fight","damage_taken":0,"max_hp_gain":0,"max_hp_loss":0,"event_name":"Colosseum","floor":31,"gold_loss":0},{"damage_healed":0,"gold_gain":0,"player_choice":"Fought Nobs","damage_taken":0,"max_hp_gain":0,"max_hp_loss":0,"event_name":"Colosseum","floor":31,"gold_loss":0}],"is_beta":false,"boss_relics":[{"not_picked":["Fusion Hammer","Snecko Eye"],"picked":"Tiny House"}],"items_purged_floors":[30],"is_endless":false,"potions_floor_spawned":[1,3,4,12,14,16,18,19,20,24,29,31,31],"killed_by":"Automaton","ascension_level":12}}