{"host":"mvk4cyf8p31hksyn","time":1614434993,"event":{"mods":["BaseMod","Block Reminder","Colored Map","Highlight Path","Minty Spire (QoL Compilation)","Relic Sorter","Replay The Spire","StSLib"],"gold_per_floor":[109,56,131,145,157,157,184,184,211,211,235,246,171,201,201,301,301,313,313,20,34,67,100,100,100,125,125,160,173,201,213,213,317,317,331,331,348,348,398,431,485,510,533,533,152,168,185,85,85,85],"floor_reached":51,"language":"ENG","playtime":3293,"items_purged":["Strike_G","Strike_G","Strike_G"],"score":961,"play_id":"fa1096e8-0f57-417d-9141-068b2e2f9784","local_time":"20210227150953","is_ascension_mode":true,"campfire_choices":[{"data":"Dagger Spray","floor":6,"key":"SMITH"},{"data":"ReplayTheSpireMod:Scrap Shanks","floor":8,"key":"SMITH"},{"data":"Acrobatics","floor":15,"key":"SMITH"},{"data":"ReplayTheSpireMod:Tripwire","floor":24,"key":"SMITH"},{"data":"After Image","floor":27,"key":"SMITH"},{"floor":32,"key":"DIG"},{"data":"ReplayTheSpireMod:The Works","floor":44,"key":"SMITH"},{"floor":49,"key":"REST"}],"circlet_count":0,"master_deck":["Strike_G","Defend_G+1","Defend_G","Defend_G+1","Defend_G","Survivor","Neutralize","Dagger Spray+1","Dagger Throw","Dagger Throw","ReplayTheSpireMod:Scrap Shanks+1","Acrobatics+1","Dagger Throw","After Image+1","Fluid Movement+1","Acrobatics+1","Acrobatics+1","Eviscerate+1","ReplayTheSpireMod:Tripwire+1","ReplayTheSpireMod:The Works+1","Predator+1","Adrenaline+1","Riddle With Holes+1","ReplayTheSpireMod:Scrap Shanks","Panache","Atom Bomb","Fluid Movement+1"],"relics":["HoveringKite","Replay:Baseball","Orichalcum","Simple Rune","Odd Mushroom","Replay:Mystery Machine","Sozu","Replay:Ringing Soul","Red Mask","Matryoshka","Blue Doll","Smiling Mask","Boot","Art of War","Gremlin Food","Ring of Chaos","Happy Flower","ReplayTheSpireMod:Ninjato","Replay:Kaleidoscope","Garlic","Replay:Bottled Eggs","Turnip","PreservedInsect","TheAbacus"],"acts_visited":["Exordium","TheCity","TheBeyond"],"potions_floor_usage":[4],"damage_taken":[{"damage":0,"enemies":"Small Slimes","floor":1,"turns":4},{"damage":3,"enemies":"2 Louse","floor":4,"turns":2},{"damage":0,"enemies":"Jaw Worm","floor":5,"turns":3},{"damage":5,"enemies":"3 Sentries","floor":7,"turns":6},{"damage":5,"enemies":"The Mushroom Lair","floor":11,"turns":4},{"damage":0,"enemies":"3 Louse","floor":12,"turns":1},{"damage":0,"enemies":"Gremlin Nob","floor":14,"turns":3},{"damage":10,"enemies":"The Guardian","floor":16,"turns":11},{"damage":0,"enemies":"Chosen","floor":18,"turns":4},{"damage":0,"enemies":"3 Byrds","floor":21,"turns":3},{"damage":5,"enemies":"Masked Bandits","floor":22,"turns":4},{"damage":3,"enemies":"Gremlin Leader","floor":23,"turns":5},{"damage":26,"enemies":"Slavers","floor":28,"turns":4},{"damage":0,"enemies":"Snake Plant","floor":29,"turns":4},{"damage":0,"enemies":"Book of Stabbing","floor":30,"turns":5},{"damage":1,"enemies":"Sentry and Sphere","floor":31,"turns":3},{"damage":10,"enemies":"Automaton","floor":33,"turns":7},{"damage":9,"enemies":"3 Shapes","floor":35,"turns":3},{"damage":0,"enemies":"Orb Walker","floor":37,"turns":3},{"damage":0,"enemies":"Mind Bloom Boss Battle","floor":39,"turns":3},{"damage":0,"enemies":"R_Hoarder","floor":40,"turns":5},{"damage":0,"enemies":"Giant Head","floor":42,"turns":3},{"damage":0,"enemies":"Sphere and 2 Shapes","floor":46,"turns":2},{"damage":9,"enemies":"Jaw Worm Horde","floor":47,"turns":2},{"damage":21,"enemies":"Donu and Deca","floor":50,"turns":4}],"seed_played":"4389743846456919506","potions_obtained":[{"floor":1,"key":"Fruit Juice"},{"floor":4,"key":"Swift Potion"},{"floor":16,"key":"Swift Potion"}],"is_trial":false,"path_per_floor":["M","$","?","M","M","R","E","R","T","?","?","M","$","E","R","B",null,"M","?","$","M","?","E","R","?","T","R","E","M","E","M","R_BF","B",null,"M","?","M","T","?","E","?","E","T","R","$","M","M","$","R","B",null],"character_chosen":"THE_SILENT","items_purchased":["Dagger Throw","Replay:Ringing Soul","Acrobatics","Panache","TheAbacus","Fluid Movement+1"],"campfire_rested":1,"item_purchase_floors":[2,20,20,45,45,48],"current_hp_per_floor":[70,70,59,61,61,61,56,56,56,38,33,33,33,33,33,23,75,75,75,78,78,76,76,76,76,76,76,50,50,53,55,55,48,93,84,84,84,84,87,87,63,66,66,66,69,69,63,66,98,77],"gold":85,"neow_bonus":"BOSS_RELIC","is_daily":false,"chose_seed":false,"campfire_upgraded":6,"win_rate":0.0,"timestamp":1614434993,"path_taken":["M","$","?","M","M","R","E","R","T","?","?","M","$","E","R","BOSS","M","?","$","M","?","E","R","?","T","R","E","M","E","M","R_BF","BOSS","M","?","M","?","?","E","?","E","T","R","$","M","M","$","R","BOSS"],"items_purchased_type":["Card","Relic","Card","Card","Relic","Card"],"build_version":"2020-12-22","purchased_purges":3,"victory":true,"max_hp_per_floor":[70,70,70,75,75,75,75,75,75,75,75,75,75,75,75,75,75,75,75,78,78,81,84,84,84,84,84,84,84,87,90,90,93,93,93,93,93,93,96,96,96,99,99,99,102,102,105,108,108,108],"card_choices":[{"not_picked":["Accuracy","Draining Mist"],"picked":"Dagger Spray","floor":1},{"not_picked":["Setup","Sucker Punch","Expertise"],"picked":"SKIP","floor":4},{"not_picked":["Finisher","Slice"],"picked":"Dagger Throw","floor":5},{"not_picked":["All Out Attack","Dagger Throw"],"picked":"ReplayTheSpireMod:Scrap Shanks","floor":7},{"not_picked":["Blade Dance","Dagger Spray"],"picked":"Acrobatics","floor":11},{"not_picked":["Venomology","Expertise","Poisoned Stab"],"picked":"SKIP","floor":12},{"not_picked":["Dash","Heel Hook"],"picked":"Dagger Throw","floor":14},{"not_picked":["Die Die Die","Atom Bomb"],"picked":"After Image","floor":16},{"not_picked":["Cloak And Dagger","Quick Slash"],"picked":"Fluid Movement+1","floor":18},{"not_picked":["Deadly Poison+1","Bane","Outmaneuver"],"picked":"SKIP","floor":21},{"not_picked":["Dodge and Roll","Dagger Throw"],"picked":"Eviscerate+1","floor":22},{"not_picked":["Cloak And Dagger","Outmaneuver"],"picked":"ReplayTheSpireMod:Tripwire","floor":23},{"not_picked":["Quick Slash","Flying Knee","Phantasmal Killer"],"picked":"SKIP","floor":28},{"not_picked":["Deflect","Distraction","Cloak And Dagger"],"picked":"SKIP","floor":29},{"not_picked":["PiercingWail","Sneak Up+1"],"picked":"ReplayTheSpireMod:The Works","floor":30},{"not_picked":["Noxious Fumes+1","Outmaneuver"],"picked":"Predator+1","floor":31},{"not_picked":["Doppelganger","Storm of Steel"],"picked":"Adrenaline","floor":33},{"not_picked":["Quick Slash","Bane+1","Flying Knee+1"],"picked":"SKIP","floor":35},{"not_picked":["Calculated Gamble+1","Well Laid Plans+1","Phantasmal Killer"],"picked":"SKIP","floor":37},{"not_picked":["Underhanded Strike","Well Laid Plans"],"picked":"Riddle With Holes+1","floor":39},{"not_picked":["Deadly Poison+1","Setup","Prepared+1"],"picked":"SKIP","floor":40},{"not_picked":["Dash","Skewer+1"],"picked":"ReplayTheSpireMod:Scrap Shanks","floor":42},{"not_picked":["Slice+1","Deadly Poison+1","Dagger Throw+1"],"picked":"SKIP","floor":46},{"not_picked":["PiercingWail+1","Backstab+1"],"picked":"Atom Bomb","floor":47}],"player_experience":904226,"relics_obtained":[{"floor":7,"key":"Replay:Baseball"},{"floor":9,"key":"Orichalcum"},{"floor":11,"key":"Odd Mushroom"},{"floor":14,"key":"Replay:Mystery Machine"},{"floor":22,"key":"Red Mask"},{"floor":23,"key":"Matryoshka"},{"floor":26,"key":"Blue Doll"},{"floor":26,"key":"Smiling Mask"},{"floor":28,"key":"Boot"},{"floor":30,"key":"Art of War"},{"floor":32,"key":"Gremlin Food"},{"floor":38,"key":"Happy Flower"},{"floor":38,"key":"ReplayTheSpireMod:Ninjato"},{"floor":39,"key":"Replay:Kaleidoscope"},{"floor":40,"key":"Garlic"},{"floor":41,"key":"Replay:Bottled Eggs"},{"floor":42,"key":"Turnip"},{"floor":43,"key":"PreservedInsect"}],"event_choices":[{"damage_healed":0,"gold_gain":75,"player_choice":"Gather Gold","damage_taken":11,"max_hp_gain":0,"max_hp_loss":0,"event_name":"World of Goop","floor":3,"gold_loss":0},{"damage_healed":0,"gold_gain":0,"player_choice":"Success","damage_taken":18,"relics_obtained":["Simple Rune"],"max_hp_gain":0,"max_hp_loss":0,"event_name":"Scrap Ooze","floor":10,"gold_loss":0},{"damage_healed":0,"gold_gain":0,"player_choice":"Fought Mushrooms","damage_taken":0,"max_hp_gain":0,"max_hp_loss":0,"event_name":"Mushrooms","floor":11,"gold_loss":0},{"cards_removed":["Strike_G"],"damage_healed":0,"gold_gain":0,"player_choice":"Elegance","damage_taken":0,"max_hp_gain":0,"max_hp_loss":0,"event_name":"Back to Basics","floor":19,"gold_loss":0},{"damage_healed":0,"gold_gain":0,"player_choice":"Fought Bandits","damage_taken":0,"max_hp_gain":0,"max_hp_loss":0,"event_name":"Masked Bandits","floor":22,"gold_loss":0},{"damage_healed":0,"gold_gain":0,"player_choice":"Ignored","damage_taken":0,"max_hp_gain":0,"max_hp_loss":0,"event_name":"Ghosts","floor":25,"gold_loss":0},{"cards_removed":["Defend_G"],"damage_healed":0,"gold_gain":0,"player_choice":"Removed Skill","damage_taken":0,"max_hp_gain":0,"max_hp_loss":0,"event_name":"Falling","floor":36,"gold_loss":0},{"damage_healed":0,"gold_gain":0,"player_choice":"Fight","damage_taken":0,"max_hp_gain":0,"max_hp_loss":0,"event_name":"MindBloom","floor":39,"gold_loss":0}],"is_beta":false,"boss_relics":[{"not_picked":["Kintsugi","Ectoplasm"],"picked":"Sozu"},{"not_picked":["Fusion Hammer","ChewingGum"],"picked":"Ring of Chaos"}],"items_purged_floors":[13,45,48],"is_endless":false,"potions_floor_spawned":[1,4,16,18,21,22,31,37,40,46],"ascension_level":1}}