{"host":"3j2m8n0ywf988fwb","time":1614413528,"event":{"mods":["2.2 Compatiblity","AchievementEnabler","Aspiration","BaseMod","Bestiary","Better Altar","Better Match","Better Note","Better Sensory Stone","Better Skull","Better Third Choice","CCEM2","Colored Map","Colored Powertips","Conspire","Dark Map","Googly Eyes","Halation","HexUI Lib","Highlight Path","Hubris","Infinite Spire","Jedi Mod","Marked Mod","Minty Spire (QoL Compilation)","Monster B Gone","Permanent Neow","Random Character Button","Relic Filter Mod","Relic Stats","Reliquary","Replay The Spire","Shop Mod","StS++","StSLib","Unceasing Turn Reminder","Weighted Paths","everything is the same but u backflip on backflip"],"gold_per_floor":[111,111,36,211,222,253,253,267,267,267,267],"floor_reached":10,"language":"ENG","playtime":416,"items_purged":["Strike_B"],"score":79,"play_id":"46a4b073-6a75-4023-9ab3-b9e541748bea","local_time":"20210227021208","is_ascension_mode":true,"campfire_choices":[],"circlet_count":0,"master_deck":["Strike_B","Strike_B","Strike_B","Defend_B","Defend_B","Defend_B","Defend_B","Zap","Dualcast","Time Bomb+1","jedi:overflow","Cold Snap","Coolheaded","jedi:reiji"],"relics":["Cracked Core","Mercury Hourglass"],"acts_visited":["Exordium"],"potions_floor_usage":[],"damage_taken":[{"damage":2,"enemies":"Small Slimes","floor":1,"turns":4},{"damage":14,"enemies":"Jaw Worm","floor":5,"turns":6},{"damage":50,"enemies":"3 Sentries","floor":6,"turns":12},{"damage":0,"enemies":"Cultist","floor":8,"turns":3},{"damage":18,"enemies":"Gremlin Nob","floor":10,"turns":2}],"seed_played":"-4223229253928578578","potions_obtained":[{"floor":1,"key":"EssenceOfDarkness"},{"floor":6,"key":"SteroidPotion"},{"floor":8,"key":"Ancient Potion"}],"is_trial":false,"path_per_floor":["M","?","$","?","M","E","?","M","T","E"],"character_chosen":"DEFECT","items_purchased":[],"campfire_rested":0,"item_purchase_floors":[],"current_hp_per_floor":[73,73,73,73,59,9,9,9,9,0,0],"gold":267,"neow_bonus":"THREE_CARDS","is_daily":false,"chose_seed":false,"campfire_upgraded":0,"win_rate":0.0,"timestamp":1614413528,"path_taken":["M","?","$","?","?","E","?","?","T","E"],"items_purchased_type":[],"build_version":"2020-12-22","purchased_purges":1,"victory":false,"max_hp_per_floor":[75,75,75,75,75,75,75,75,75,75,75],"relic_stats":{"counters":[5,27],"obtain_stats":[{"Cracked Core":0,"Mercury Hourglass":6},{"Cracked Core":0,"Mercury Hourglass":3},{"Cracked Core":0,"Mercury Hourglass":22}],"Mercury Hourglass":[15]},"card_choices":[{"not_picked":["BasicCrystalCard","Sweeping Beam"],"picked":"Time Bomb","floor":0},{"not_picked":["Reprogram","Barrage"],"picked":"jedi:overflow","floor":1},{"not_picked":["Turbo","jedi:sharpshooter"],"picked":"Cold Snap","floor":5},{"not_picked":["Ball Lightning","Leap"],"picked":"Coolheaded","floor":6},{"not_picked":["jedi:blockon","jedi:sharpshooter"],"picked":"jedi:reiji","floor":8}],"player_experience":796525,"relics_obtained":[{"floor":6,"key":"Mercury Hourglass"}],"event_choices":[{"damage_healed":0,"gold_gain":175,"player_choice":"AGREE","damage_taken":36,"max_hp_gain":0,"max_hp_loss":0,"event_name":"betterThird:BetterSerpent","floor":4,"gold_loss":0},{"cards_removed":["Doubt"],"damage_healed":0,"gold_gain":0,"player_choice":"Removed Curses","damage_taken":0,"max_hp_gain":0,"max_hp_loss":0,"event_name":"Fountain of Cleansing","floor":7,"gold_loss":0}],"is_beta":false,"boss_relics":[],"items_purged_floors":[3],"is_endless":false,"potions_floor_spawned":[1,6,8],"killed_by":"Gremlin Nob","ascension_level":4}}