{"host":"27wa8ufp4ryspt1p","time":1614412537,"event":{"mods":["2.2 Compatiblity","A Penny For Your Troubles","Abigail Mod","Act Like it!","Aspiration","BaseMod","Better Altar","Better Match","Better Note","Better Skull","Better Third Choice","Colored Map","Conspire","Curses Come First","Dota2Spire","Downfall-Rebalance","Elementarium","Energized Spire","Fox Events","Friendly Minions","Gensokyo","GifTheSpireLib","Gold Saver","Halation","Hallownest","HololiveMod","Hubris","Humility","Infinite Spire","Keyboard Shortcuts","Menagerie","Mimic Mod","Minty Spire (QoL Compilation)","Pale of the Ancients","Poor People Problems","Quarter Circle Forward PUNCH!","Reimu??????","Relic Filter Mod","Relic Sorter","Relic Stats","Reliquary","Replay The Spire","Reworked Bosses","Ruina","Shop Mod","Spicy Shops","Spikes Relics","Spire Arcade","StSLib","Stuff the Spire","SuperFastMode","The Cursed","The Exalted","The Judge","The Necromancer","Trackpad","Waifu the Spire","Wandering Minibosses","[IsaacMod]????","??????REMEMod","????"],"gold_per_floor":[230,230,230,143,157,484,504,504,734,766,766,786,786,786,798,548,548,627,627,637,937,954,965,965,998,998,1067,1107,1141,1041,1041,1090,1122,1154,1226,1243,1299,1318,1318,1618,1493,1493,1582,1582,1654,1654,456,525,572,634,634,648,648],"floor_reached":52,"language":"SPA","playtime":2096,"items_purged":["Delirium"],"score":1809,"play_id":"1e37e8e6-2226-4f81-9537-c7946fca5c8d","local_time":"20210227015537","daily_mods":["SealedDeck","Colorless Cards","Heirloom","Elite Swarm","Lethality"],"is_ascension_mode":true,"campfire_choices":[{"data":"Hololive_DurableLive","floor":8,"key":"SMITH"},{"data":"ReplayUltimateDefense","floor":11,"key":"SMITH"},{"floor":17,"key":"RECALL"},{"data":"Hololive_CallOzoraSubaru","floor":26,"key":"SMITH"},{"data":"Reforge","floor":31,"key":"SMITH"},{"data":"Reforge","floor":42,"key":"SMITH"},{"data":"EpicFetus","floor":44,"key":"SMITH"},{"data":"Hololive_CallHoshimachiSuisei","floor":46,"key":"SMITH"},{"data":"REME_Flogging","floor":51,"key":"SMITH"},{"data":"DoctorFetus","floor":51,"key":"SMITH"}],"circlet_count":0,"master_deck":["AscendersBane","Hololive_ILoveYou","Hololive_CallNatsuiroMatsuri","Hololive_Rebound","expansioncontent:TimeRipple","Hololive_Thief","Hololive_CocoNews","Hololive_CallRoboco","Hololive_MaximGun","Hololive_CallMurasakiShion","expansioncontent:SuperHexaguard","REME_AllRoundStrike","Hololive_DurableLive+1","Hololive_CandyCastle","Hololive_CallOzoraSubaru+1","ReplayUltimateDefense+1","Hololive_Yoholoon","Hololive_HuntDinosaur+1","REME_Flogging+1","Hololive_CallTokoyamiTowa+1","Hololive_CallRosalyn","Sadistic Nature","REME_MawOfCthun","Hololive_CallShirakamiFubuki","Reforge+1","conspire:SpireCoStock","conspire:SpireCoStock","Hololive_CallHoshimachiSuisei+1","Hololive_StarCraft","Reforge+1","Hololive_Breathe","Hololive_Rebound","EpicFetus+1","DoctorFetus+1","Hololive_DDD","expansioncontent:QuickStudy"],"relics":["Hololive_TheStar","BookOfRevelations","HushsDoor","REME_ComplimentaryCards","ZombieTooth","halation:EternalFortune","DoctorsRemote","Orichalcum","Dota2Spire:AghanimScepter","StuffTheSpire:ForceGauntlet","wanderingMiniBosses:AbyssPearl","MerchantsRug","RedLine:ReiMu","energizedSpire:RedRose","SalivaCoin","Hololive_FriedShrimpLion","hubris:MysteriousPyramids","qcfpunch:Lotus_Statue","Juzu Bracelet","energizedSpire:MagnifyingGlass","Replay:Bronze Core","Onion Ring","halation:TwoAmDonut","Dota2Spire:DivineRapier","trackpad:AdjectivePendant","Oddly Smooth Stone","halation:PenCase","Dota2Spire:Butterfly","reliquary:ExpiredCoupon"],"acts_visited":["Gensokyo:Gensokyo","TheCity","Hallownest:KingdomsEdge"],"potions_floor_usage":[52],"damage_taken":[{"damage":0,"enemies":"Gensokyo:3_Fairies","floor":5,"turns":3},{"damage":0,"enemies":"Gensokyo:Mamizou","floor":6,"turns":4},{"damage":0,"enemies":"Gensokyo:Python","floor":7,"turns":2},{"damage":0,"enemies":"Gensokyo:2_Kodama","floor":9,"turns":3},{"damage":0,"enemies":"Gensokyo:Cirno","floor":10,"turns":4},{"damage":0,"enemies":"Gensokyo:2_Kodama","floor":12,"turns":2},{"damage":0,"enemies":"Gensokyo:CorruptedTreant","floor":15,"turns":5},{"damage":0,"enemies":"Gensokyo:Yukari","floor":18,"turns":3},{"damage":0,"enemies":"3 Byrds","floor":20,"turns":1},{"damage":0,"enemies":"2 Thieves","floor":22,"turns":1},{"damage":0,"enemies":"Centurion and Healer","floor":23,"turns":3},{"damage":0,"enemies":"REME_1_Revenger","floor":25,"turns":3},{"damage":10,"enemies":"Gremlin Leader","floor":27,"turns":2},{"damage":0,"enemies":"conspire:HollyBat","floor":28,"turns":4},{"damage":0,"enemies":"conspire:SneckoGhost","floor":29,"turns":3},{"damage":0,"enemies":"conspire:HollyBat","floor":32,"turns":5},{"damage":0,"enemies":"REME_1_Revenger","floor":33,"turns":3},{"damage":0,"enemies":"bossMod:newCollector","floor":35,"turns":4},{"damage":19,"enemies":"Hallownest:3_Siblings","floor":37,"turns":3},{"damage":0,"enemies":"Hallownest:Shield_Heavy","floor":38,"turns":2},{"damage":10,"enemies":"Hallownest:StalkingDevout","floor":43,"turns":4},{"damage":0,"enemies":"Hallownest:Slobbering_and_Violent","floor":45,"turns":6},{"damage":0,"enemies":"Hallownest:eliteHiveKnight","floor":48,"turns":4},{"damage":0,"enemies":"Hallownest:Slobbering_and_Violent","floor":49,"turns":3},{"damage":0,"enemies":"Hallownest:StalkingDevout","floor":50,"turns":2},{"damage":19,"enemies":"Hallownest:Radiance","floor":52,"turns":1}],"seed_played":"3546228731633280116","potions_obtained":[{"floor":6,"key":"Weak Potion"},{"floor":10,"key":"Weak Potion"},{"floor":23,"key":"SpeedPotion"},{"floor":27,"key":"Dexterity Potion"},{"floor":32,"key":"PowerPotion"},{"floor":35,"key":"Swift Potion"},{"floor":38,"key":"LifebloodPotion"},{"floor":43,"key":"Block Potion"},{"floor":49,"key":"PowerPotion"},{"floor":50,"key":"Swift Potion"}],"is_trial":true,"path_per_floor":["?","?","?","COS","M","E","M","R","MIM","E","R","M","PTL","PTL","M","$","R_BF","B",null,"M","?","M","M","AVR","E","R","E","MIM","E","?","R","M","E","R","B",null,"M","M","AVR","?","?","R","E","R","MIM","R","$","E","M","E","R","B"],"character_chosen":"Hololive_HololiveCharacter","items_purchased":["MerchantsRug","Hololive_Yoholoon","Hololive_HuntDinosaur+1","DoctorFetus","trackpad:AdjectivePendant","Oddly Smooth Stone","halation:PenCase"],"campfire_rested":0,"item_purchase_floors":[16,16,16,47,47,47,47],"current_hp_per_floor":[27,27,30,30,30,30,30,30,30,30,30,30,30,30,30,30,30,30,32,32,32,32,35,35,35,35,25,25,25,25,25,28,28,28,31,39,20,20,20,20,20,20,10,10,10,10,10,10,10,10,10,0,0],"gold":648,"neow_bonus":"","is_daily":false,"chose_seed":false,"campfire_upgraded":9,"win_rate":0.0,"timestamp":1614412537,"path_taken":["?","?","?","COS","?","E","M","R","MIM","E","R","?","PTL","PTL","M","$","R_BF","BOSS","M","?","M","?","AVR","E","R","E","MIM","E","?","R","M","E","R","BOSS","M","M","AVR","?","?","R","E","R","MIM","R","$","E","M","E","R","BOSS"],"items_purchased_type":["Relic","Card","Card","Card","Relic","Relic","Relic"],"build_version":"2020-12-22","purchased_purges":1,"victory":false,"max_hp_per_floor":[30,30,33,33,33,33,33,33,33,33,33,33,33,33,33,33,33,33,33,33,33,33,36,36,36,36,36,36,36,36,36,39,39,39,42,42,42,42,42,42,42,42,42,42,42,42,42,42,42,42,42,42,42],"relic_stats":{"counters":[26,80],"Juzu Bracelet":1,"Orichalcum":[144],"obtain_stats":[{"wanderingMiniBosses:AbyssPearl":15,"Juzu Bracelet":33,"hubris:MysteriousPyramids":28,"RedLine:ReiMu":19,"ZombieTooth":0,"qcfpunch:Lotus_Statue":29,"Replay:Bronze Core":39,"Dota2Spire:DivineRapier":45,"trackpad:AdjectivePendant":47,"KeepersGift":0,"energizedSpire:RedRose":24,"DoctorsRemote":4,"MerchantsRug":16,"StuffTheSpire:ForceGauntlet":10,"BookOfRevelations":25,"Oddly Smooth Stone":47,"Orichalcum":6,"reliquary:ExpiredCoupon":50,"Dota2Spire:AghanimScepter":6,"Dota2Spire:Butterfly":48,"Hololive_TheStar":0,"halation:EternalFortune":3,"halation:PenCase":47,"Onion Ring":39,"Hololive_FriedShrimpLion":27,"SalivaCoin":24,"energizedSpire:MagnifyingGlass":36,"halation:TwoAmDonut":43,"HushsDoor":0,"REME_ComplimentaryCards":0},{"wanderingMiniBosses:AbyssPearl":7,"Juzu Bracelet":17,"hubris:MysteriousPyramids":14,"RedLine:ReiMu":8,"ZombieTooth":0,"qcfpunch:Lotus_Statue":15,"Replay:Bronze Core":20,"Dota2Spire:DivineRapier":22,"trackpad:AdjectivePendant":22,"KeepersGift":0,"energizedSpire:RedRose":11,"DoctorsRemote":0,"MerchantsRug":7,"StuffTheSpire:ForceGauntlet":5,"BookOfRevelations":12,"Oddly Smooth Stone":22,"Orichalcum":2,"reliquary:ExpiredCoupon":25,"Dota2Spire:AghanimScepter":2,"Dota2Spire:Butterfly":23,"Hololive_TheStar":0,"halation:EternalFortune":0,"halation:PenCase":22,"Onion Ring":20,"Hololive_FriedShrimpLion":13,"SalivaCoin":11,"energizedSpire:MagnifyingGlass":18,"halation:TwoAmDonut":21,"HushsDoor":0,"REME_ComplimentaryCards":0},{"wanderingMiniBosses:AbyssPearl":23,"Juzu Bracelet":51,"hubris:MysteriousPyramids":40,"RedLine:ReiMu":26,"ZombieTooth":0,"qcfpunch:Lotus_Statue":43,"Replay:Bronze Core":60,"Dota2Spire:DivineRapier":70,"trackpad:AdjectivePendant":70,"KeepersGift":0,"energizedSpire:RedRose":31,"DoctorsRemote":0,"MerchantsRug":23,"StuffTheSpire:ForceGauntlet":16,"BookOfRevelations":34,"Oddly Smooth Stone":70,"Orichalcum":4,"reliquary:ExpiredCoupon":79,"Dota2Spire:AghanimScepter":7,"Dota2Spire:Butterfly":74,"Hololive_TheStar":0,"halation:EternalFortune":0,"halation:PenCase":70,"Onion Ring":60,"Hololive_FriedShrimpLion":36,"SalivaCoin":31,"energizedSpire:MagnifyingGlass":55,"halation:TwoAmDonut":64,"HushsDoor":0,"REME_ComplimentaryCards":0}]},"card_choices":[{"not_picked":["Hololive_HuntDinosaur","Hololive_CallShiroganeNoel","Hololive_Sequa","hubris:Ssssneak"],"picked":"SKIP","floor":5},{"not_picked":["REME_BodyOfCthun","ReplayUltimateDefense","Hololive_BeCareful"],"picked":"Hololive_DurableLive","floor":6},{"not_picked":["Hololive_Trident","Hololive_FlyingPonyTail","Panacea"],"picked":"Hololive_CandyCastle","floor":7},{"not_picked":["StuffTheSpire:PlasmaPunch","expansioncontent:ManipulateTime","Hololive_OvertimeWork"],"picked":"Hololive_CallOzoraSubaru","floor":9},{"not_picked":["Hololive_BeCareful","Hololive_ASMR","Hololive_OpenUp"],"picked":"ReplayUltimateDefense","floor":10},{"not_picked":["Hololive_OvertimeWork","Hololive_StrengthChampion","Purity","Hololive_Trident"],"picked":"SKIP","floor":12},{"not_picked":["Hololive_Psychosis","Hololive_Drill","Hololive_FlyingPonyTail","Hololive_CocoNews"],"picked":"SKIP","floor":15},{"not_picked":["Poisoned Strike","SuicideKing","Feint"],"picked":"REME_Flogging","floor":18},{"not_picked":["Hololive_Nanodesu","Hololive_CocoNews","Hololive_Rebound"],"picked":"Hololive_CallTokoyamiTowa+1","floor":20},{"not_picked":["PlatinumSkin","Hololive_Trident","expansioncontent:DonusPower","Hololive_OvertimeWork"],"picked":"SKIP","floor":22},{"not_picked":["Hololive_FlyingPonyTail+1","expansioncontent:GoopSpray","Degenerate"],"picked":"Hololive_CallRosalyn","floor":23},{"not_picked":["HandOfGreed","Hololive_Thief","REME_WheelOfFate"],"picked":"Sadistic Nature","floor":25},{"not_picked":["hubris:EnhanceAbility","Metamorphosis","Chrysalis"],"picked":"REME_MawOfCthun","floor":27},{"not_picked":["Hololive_Drill","Hololive_Trident","Assess"],"picked":"Hololive_CallShirakamiFubuki","floor":28},{"not_picked":["Hololive_StarCraft","Hololive_Recruit","BloodyBrimstone"],"picked":"Reforge","floor":29},{"not_picked":["Hololive_StrengthChampion+1","Hololive_CocoNews+1","Hololive_Rebound"],"picked":"Hololive_CallHoshimachiSuisei","floor":32},{"not_picked":["Hololive_OpenUp","Magnetism","Hololive_WolfAndLamb"],"picked":"Hololive_StarCraft","floor":33},{"not_picked":["expansioncontent:Corrupt","SuicideKing","Hololive_OpenUp"],"picked":"Reforge","floor":35},{"not_picked":["Hololive_StrengthChampion+1","Hololive_Sequa","Hololive_Drill"],"picked":"Hololive_Breathe","floor":37},{"not_picked":["Degenerate+1","Hololive_Psychosis","Replay:Sssssssssstrike"],"picked":"Hololive_Rebound","floor":38},{"not_picked":["Hololive_Nanodesu","Hololive_HighAtkLowDef","Hololive_ASMR"],"picked":"EpicFetus","floor":43},{"not_picked":["Hololive_Recruit","Hololive_FlareMind","REME_HeartOfCthun"],"picked":"Hololive_DDD","floor":48},{"not_picked":["Hololive_LuckPotion","Hololive_StrengthChampion","Hololive_Breathe","Assess"],"picked":"SKIP","floor":49},{"not_picked":["REME_BodyOfCthun","Battery","Hololive_FlareMind"],"picked":"expansioncontent:QuickStudy","floor":50}],"player_experience":4056469,"relics_obtained":[{"floor":6,"key":"Dota2Spire:AghanimScepter"},{"floor":10,"key":"StuffTheSpire:ForceGauntlet"},{"floor":15,"key":"wanderingMiniBosses:AbyssPearl"},{"floor":23,"key":"halation:EternalFortune"},{"floor":25,"key":"BookOfRevelations"},{"floor":27,"key":"Hololive_FriedShrimpLion"},{"floor":28,"key":"hubris:MysteriousPyramids"},{"floor":29,"key":"qcfpunch:Lotus_Statue"},{"floor":32,"key":"halation:EternalFortune"},{"floor":33,"key":"Juzu Bracelet"},{"floor":35,"key":"halation:EternalFortune"},{"floor":43,"key":"halation:TwoAmDonut"},{"floor":45,"key":"Dota2Spire:DivineRapier"},{"floor":48,"key":"Dota2Spire:Butterfly"},{"floor":50,"key":"reliquary:ExpiredCoupon"}],"event_choices":[{"damage_healed":0,"gold_gain":0,"player_choice":"Invest 2","damage_taken":0,"max_hp_gain":0,"max_hp_loss":0,"event_name":"conspire:Investor","floor":30,"gold_loss":0},{"damage_healed":0,"gold_gain":0,"player_choice":"2","damage_taken":0,"max_hp_gain":0,"max_hp_loss":0,"event_name":"betterMatch:BetterMatch","floor":41,"gold_loss":0,"cards_obtained":[]}],"is_beta":false,"boss_relics":[{"not_picked":["ReplayTheSpireMod:SealedPack","Replay:Ancient Bell"],"picked":"RedLine:ReiMu"},{"not_picked":[]},{"not_picked":["ChampionBelt","halation:SmartPhone"],"picked":"energizedSpire:MagnifyingGlass"},{"not_picked":[]}],"items_purged_floors":[24],"is_endless":false,"potions_floor_spawned":[6,10,12,23,27,32,33,35,38,43,49,50],"killed_by":"Hallownest:Radiance","ascension_level":20,"is_humility":true}}