{"host":"jngeqill3bw7azzz","time":1614449480,"event":{"mods":["BaseMod","Highlight Path","Minty Spire (QoL Compilation)","Permanent Neow","Relic Stats"],"gold_per_floor":[99,99,99,99,59,59,59,59],"floor_reached":7,"language":"ENG","playtime":373,"items_purged":[],"score":86,"play_id":"eacc37d1-56ce-43c4-8024-bbb8fb17ab09","local_time":"20210227131120","is_ascension_mode":true,"campfire_choices":[{"data":"EmptyFist","floor":6,"key":"SMITH"}],"circlet_count":0,"master_deck":["AscendersBane","Strike_P","Strike_P","Strike_P","Strike_P","Defend_P","Defend_P","Defend_P","Defend_P","Eruption","Vigilance","FlurryOfBlows","CrushJoints","EmptyFist+1"],"relics":["Ectoplasm","FaceOfCleric"],"acts_visited":["Exordium"],"potions_floor_usage":[],"damage_taken":[{"damage":2,"enemies":"Cultist","floor":1,"turns":3},{"damage":9,"enemies":"2 Louse","floor":3,"turns":3},{"damage":2,"enemies":"Jaw Worm","floor":4,"turns":3},{"damage":12,"enemies":"Exordium Thugs","floor":5,"turns":4},{"damage":17,"enemies":"Lagavulin","floor":7,"turns":6}],"seed_played":"7451554870660609405","potions_obtained":[{"floor":1,"key":"SteroidPotion"}],"is_trial":false,"path_per_floor":["M","?","M","M","M","R","E"],"character_chosen":"WATCHER","items_purchased":[],"campfire_rested":0,"item_purchase_floors":[],"current_hp_per_floor":[59,59,51,50,39,39,22,22],"gold":59,"neow_bonus":"BOSS_RELIC","is_daily":false,"chose_seed":false,"campfire_upgraded":1,"win_rate":0.0,"timestamp":1614449480,"path_taken":["M","?","M","M","?","R","E"],"items_purchased_type":[],"build_version":"2020-12-22","purchased_purges":0,"victory":false,"max_hp_per_floor":[68,68,69,70,71,71,71,71],"relic_stats":{"FaceOfCleric":3,"counters":[5,19],"Ectoplasm":67,"obtain_stats":[{"FaceOfCleric":2,"Ectoplasm":0,"PureWater":0},{"FaceOfCleric":1,"Ectoplasm":0,"PureWater":0},{"FaceOfCleric":3,"Ectoplasm":0,"PureWater":0}]},"card_choices":[{"not_picked":["FollowUp","EmptyBody"],"picked":"FlurryOfBlows","floor":1},{"not_picked":["SandsOfTime","Halt","Indignation"],"picked":"SKIP","floor":3},{"not_picked":["ClearTheMind","Collect"],"picked":"CrushJoints","floor":4},{"not_picked":["Weave","JustLucky"],"picked":"EmptyFist","floor":5}],"player_experience":2707239,"relics_obtained":[],"event_choices":[{"damage_healed":0,"gold_gain":0,"player_choice":"Trade","damage_taken":0,"relics_obtained":["FaceOfCleric"],"max_hp_gain":0,"max_hp_loss":0,"event_name":"FaceTrader","floor":2,"gold_loss":0}],"is_beta":false,"boss_relics":[],"items_purged_floors":[],"is_endless":false,"potions_floor_spawned":[1],"killed_by":"Lagavulin","ascension_level":20}}