{"host":"jsd6g3c2vo13e69c","time":1614425652,"event":{"mods":["2.2 Compatiblity","Act Like it!","BaseMod","Better Altar","Better Match","Better Note","Better Sensory Stone","Better Third Choice","BetterRewards","Colored Map","Colored Powertips","Downfall","Friendly Minions","GifTheSpireLib","Googly Eyes","Gremlin Mod","Hermit","Hubris","Infinite Spire","Melee Mod","Minty Spire (QoL Compilation)","Permanent Neow","Quick Restart","Random Character Button","Replay The Spire","Shop Mod","Spire Arcade","StSLib","The Cursed","The Disciple","The Forsaken","thorton"],"gold_per_floor":[99,117,135,165,178,178,205,197,197,115,139,139,39,74,94,197,197,97,125,153,190,230,230,309,309,805,805,827,827,881,899,915,1062,1062,1062,1077,1114,1144,1174,1204,1241,1241,1241,1241,1241],"floor_reached":43,"language":"ENG","playtime":2097,"items_purged":["hexamod:Defend","hexamod:Defend"],"score":547,"play_id":"353785ce-bca2-4846-8395-5fc12415d1a0","local_time":"20210227063412","is_ascension_mode":false,"campfire_choices":[{"data":"hexamod:Float","floor":1,"key":"SMITH"},{"data":"hexamod:PowerFromBeyond","floor":13,"key":"SMITH"},{"data":"Dramatic Entrance","floor":13,"key":"SMITH"},{"data":"hexamod:StepThrough","floor":18,"key":"SMITH"},{"data":"hexamod:StepThrough","floor":18,"key":"SMITH"},{"data":"hexamod:RetreatToShadows","floor":23,"key":"SMITH"},{"data":"hexamod:Sear","floor":23,"key":"SMITH"},{"floor":29,"key":"REST"},{"floor":35,"key":"RECALL"}],"circlet_count":0,"master_deck":["hexamod:Strike","hexamod:Strike","hexamod:Strike","hexamod:Strike","hexamod:Defend","hexamod:Defend","hexamod:Sear+1","hexamod:Float+1","hexamod:StepThrough+1","hexamod:PowerFromBeyond+1","Dramatic Entrance+1","hexamod:BurningTouch","hexamod:StepThrough+1","hexamod:Toasty","hexamod:StepThrough+1","hexamod:RetreatToShadows+1","hubris:Fate+1","ReplayTheSpireMod:??????????????????????","hexamod:BurningTouch+1","hexamod:GhostOfSpirePast","hexamod:SoulSteal","hexamod:SearingWound","hubris:Rewind"],"relics":["hexamod:SpiritBrand","Pen Nib","Replay:Arrowhead","hubris:Towel","downfall:HeartBlessingBlue","Akabeko","thethorton:GreedFountain","downfall:HeartBlessingGreen","hubris:HerbalPaste","Old Coin","hexamod:TheBrokenSeal","Centennial Puzzle","ReplayTheSpireMod:Lightbulb"],"acts_visited":["Exordium","TheCity","TheBeyond"],"potions_floor_usage":[10,14,20,21,26,26,26,26,28,28,28,30,40],"damage_taken":[{"damage":0,"enemies":"Small Slimes","floor":2,"turns":3},{"damage":0,"enemies":"Cultist","floor":3,"turns":3},{"damage":1,"enemies":"Jaw Worm","floor":5,"turns":2},{"damage":5,"enemies":"downfall:FleeingMerchant","floor":10,"turns":4},{"damage":0,"enemies":"Large Slime","floor":11,"turns":5},{"damage":17,"enemies":"Lagavulin","floor":14,"turns":8},{"damage":0,"enemies":"2 Fungi Beasts","floor":15,"turns":1},{"damage":43,"enemies":"IC_STATUS_ARCHETYPE","floor":16,"turns":9},{"damage":10,"enemies":"Chosen","floor":19,"turns":4},{"damage":16,"enemies":"Spheric Guardian","floor":20,"turns":4},{"damage":37,"enemies":"Snake Plant","floor":21,"turns":5},{"damage":19,"enemies":"Chosen and Byrds","floor":22,"turns":6},{"damage":36,"enemies":"Nightmare","floor":26,"turns":6},{"damage":15,"enemies":"Centurion and Healer","floor":28,"turns":2},{"damage":35,"enemies":"Book of Stabbing","floor":30,"turns":5},{"damage":1,"enemies":"3 Cultists","floor":31,"turns":4},{"damage":0,"enemies":"Snake Plant","floor":32,"turns":2},{"damage":21,"enemies":"SI_MIRROR_ARCHETYPE","floor":33,"turns":5},{"damage":3,"enemies":"Orb Walker","floor":36,"turns":2},{"damage":4,"enemies":"3 Darklings","floor":38,"turns":2},{"damage":10,"enemies":"4 Shapes","floor":39,"turns":3},{"damage":21,"enemies":"Spire Growth","floor":40,"turns":3},{"damage":94,"enemies":"Nightmare","floor":43,"turns":8}],"seed_played":"2003826238934761216","potions_obtained":[{"floor":2,"key":"Block Potion"},{"floor":3,"key":"Adrenaline Potion"},{"floor":10,"key":"EntropicBrew"},{"floor":11,"key":"LiquidBronze"},{"floor":11,"key":"Fruit Juice"},{"floor":14,"key":"SkillPotion"},{"floor":14,"key":"Regen Potion"},{"floor":20,"key":"Venom Potion"},{"floor":21,"key":"hexamod:SoulburnPotion"},{"floor":26,"key":"Fruit Juice"},{"floor":26,"key":"AttackPotion"},{"floor":27,"key":"PowerPotion"},{"floor":28,"key":"Toxic Potion"},{"floor":30,"key":"LiquidMemories"},{"floor":39,"key":"BlessingOfTheForge"}],"is_trial":false,"path_per_floor":["R","M","M","?","M","?","T","?","?","$","M","?","R","E","M","B",null,"R","M","M","M","M","R","T","AVR","NM","?","M","R","E","M","M","B",null,"R","M","?","M","M","M","T","?","NM"],"character_chosen":"THE_SPIRIT","items_purchased":[],"campfire_rested":1,"item_purchase_floors":[],"current_hp_per_floor":[70,70,70,53,52,52,52,45,45,47,54,54,64,59,59,23,85,85,82,73,43,31,31,31,31,20,20,13,40,100,100,100,82,100,100,100,100,96,100,95,95,71,0,0,0],"gold":1241,"neow_bonus":"RANDOM_COMMON_RELIC","is_daily":false,"chose_seed":false,"campfire_upgraded":7,"win_rate":0.0,"timestamp":1614425652,"path_taken":["R","M","M","?","?","?","T","?","?","?","M","?","R","E","M","BOSS","R","M","M","M","M","R","T","AVR","NM","?","M","R","E","?","M","BOSS","R","M","?","M","M","M","T","?","NM"],"items_purchased_type":[],"build_version":"2020-12-22","purchased_purges":2,"victory":false,"max_hp_per_floor":[70,70,70,70,70,70,70,70,70,70,70,70,80,85,85,85,85,85,85,85,85,85,85,85,85,85,85,90,90,100,100,100,100,100,100,100,100,100,100,100,100,100,100,100,100],"card_choices":[{"not_picked":["hexamod:EmpoweredFlame","hexamod:BacktrackSmack"],"picked":"hexamod:StepThrough","floor":2},{"not_picked":["hexamod:BacktrackSmack","hexamod:SpectersWail"],"picked":"hexamod:PowerFromBeyond","floor":3},{"not_picked":["hexamod:GhostShield","hexamod:NightmareGuise","hexamod:HeatMetal"],"picked":"SKIP","floor":5},{"not_picked":["Madness","Transmutation"],"picked":"Dramatic Entrance","floor":6},{"not_picked":["hexamod:GhostLash","hexamod:AdvancingGuard","hexamod:BacktrackSmack"],"picked":"SKIP","floor":10},{"not_picked":["hexamod:EmpoweredFlame","hexamod:PhantomFireball"],"picked":"hexamod:BurningTouch","floor":11},{"not_picked":["hexamod:Firestarter","hexamod:GhostShield"],"picked":"hexamod:StepThrough","floor":14},{"not_picked":["hexamod:ShieldOfDarkness","hexamod:Haunt","hexamod:HeatMetal"],"picked":"SKIP","floor":15},{"not_picked":["hexamod:FlameSwitch","hexamod:GhostOfSpirePresent"],"picked":"hexamod:Toasty","floor":16},{"not_picked":["hexamod:GhostShield","hexamod:ExtraCrispy","hexamod:BacktrackSmack"],"picked":"SKIP","floor":19},{"not_picked":["hexamod:HeatMetal","hexamod:GhostOfSpireFuture"],"picked":"hexamod:StepThrough+1","floor":20},{"not_picked":["hexamod:SwordOfDarkness","hexamod:SpectralSpark+1"],"picked":"hexamod:FifthSeal","floor":21},{"not_picked":["hexamod:FirstSeal","hexamod:SecondSeal"],"picked":"hexamod:SixthSeal","floor":22},{"not_picked":["hexamod:BacktrackSmack","hexamod:InspiringFlames"],"picked":"hexamod:RetreatToShadows","floor":22},{"not_picked":["infinitespire:Fortify","infinitespire:Execution"],"picked":"ReplayTheSpireMod:??????????????????????","floor":26},{"not_picked":["hexamod:NightmareGuise","hexamod:Incineration+1"],"picked":"hexamod:BurningTouch+1","floor":26},{"not_picked":["hexamod:FourthSeal","hexamod:SecondSeal"],"picked":"hexamod:ThirdSeal","floor":28},{"not_picked":["hexamod:SkipABeat+1","hexamod:ExtraCrispy"],"picked":"hexamod:GhostOfSpirePast","floor":28},{"not_picked":["hexamod:NightmareStrike","hexamod:SixthSeal"],"picked":"hexamod:SoulSteal","floor":30},{"not_picked":["hexamod:HeatMetal+1","hexamod:FastForward","hexamod:NightmareGuise"],"picked":"SKIP","floor":31},{"not_picked":["hexamod:HeatMetal","hexamod:GhostLash","hexamod:Firestarter"],"picked":"SKIP","floor":32},{"not_picked":["hexamod:FlameSwitch","hexamod:WildfireWeapon"],"picked":"hexamod:SearingWound","floor":33},{"not_picked":["hexamod:NightmareGuise","hexamod:HauntingEcho","hexamod:NecessarySacrifice+1"],"picked":"SKIP","floor":36},{"not_picked":["hexamod:BacktrackSmack","hexamod:Firestarter","hexamod:NecessarySacrifice+1"],"picked":"SKIP","floor":38},{"not_picked":["hexamod:UnleashSpirits","hexamod:GhostflameBarrier","hexamod:ShieldOfDarkness"],"picked":"SKIP","floor":39},{"not_picked":["hexamod:BacktrackSmack","hexamod:NightmareGuise+1","hexamod:Firestarter"],"picked":"SKIP","floor":40},{"not_picked":["infinitespire:Collect","infinitespire:Oblivion"],"picked":"hubris:Rewind","floor":42}],"player_experience":524892,"relics_obtained":[{"floor":4,"key":"Replay:Arrowhead"},{"floor":14,"key":"Akabeko"},{"floor":24,"key":"Tiny Chest"},{"floor":26,"key":"Old Coin"},{"floor":30,"key":"Centennial Puzzle"},{"floor":41,"key":"ReplayTheSpireMod:Lightbulb"}],"event_choices":[{"damage_healed":0,"gold_gain":1,"player_choice":"1","damage_taken":0,"max_hp_gain":0,"max_hp_loss":0,"event_name":"betterStone:BetterStone","floor":6,"gold_loss":0}],"is_beta":false,"boss_relics":[{"not_picked":["Runic Dome","Calling Bell"],"picked":"thethorton:GreedFountain"},{"not_picked":["hubris:RunicObelisk","Replay:Grab Bag","Velvet Choker"]}],"items_purged_floors":[10,25],"is_endless":false,"potions_floor_spawned":[2,3,11,14,16,21,26,28,39],"killed_by":"Nightmare","ascension_level":0}}