{"host":"3y9j540ftq0by6cq","time":1614406879,"event":{"mods":["BaseMod","CapriCore","Library of Ruina","Library of Ruina Extra","Minty Spire (QoL Compilation)","StSLib"],"gold_per_floor":[118,132,142,142,142,170,170,190,190,203,214,229,229,255,255,357,357,367,386,406,419,439,65,79,107,107,120,149,248,248,248,248],"floor_reached":31,"language":"ZHS","playtime":2038,"items_purged":[],"score":293,"play_id":"4ec88da7-704b-4fe5-95dc-cbe53eed66eb","local_time":"20210227142119","is_ascension_mode":false,"campfire_choices":[{"data":"Faith","floor":7,"key":"SMITH"},{"floor":13,"key":"REST"},{"data":"Reload","floor":15,"key":"SMITH"},{"floor":30,"key":"REST"}],"circlet_count":0,"master_deck":["Dodge","LightDefense","LightAttack","LightAttack","LightDefense","LightDefense","LightDefense","ChargeAndCover","FocusedStrikes","Outburst","SummaryJudgment","BayonetCombat","SuppressingShot","KeepItFresh","Faith+1","GrazeTheGrass","Reload+1","FleetFootsteps","Mutilate","TrashDisposal","Deflect_lor","FrontalAssault","PreparedMind+1","GuardingStance","Reload+1","CombatPreparation","RatsGuideToSurvival","ViolentFlame","Eliminate","WillProduceFineSilk","BiAn","InnerArdor+1"],"relics":["PageOfLibrarian","PageOfRedShoes","Question Card","TungstenRod","PageOfLumberjack","Sozu","PageOfGreed","PageOfTheQueenOfHatred","PageOfTheKnightOfDespair","PageOfWrath"],"acts_visited":["Exordium","TheCity"],"potions_floor_usage":[12,16,16,16],"damage_taken":[{"damage":1,"enemies":"Jaw Worm","floor":1,"turns":2},{"damage":0,"enemies":"Small Slimes","floor":2,"turns":3},{"damage":0,"enemies":"2 Louse","floor":3,"turns":1},{"damage":28,"enemies":"Lagavulin","floor":6,"turns":4},{"damage":5,"enemies":"Gremlin Gang","floor":8,"turns":4},{"damage":6,"enemies":"3 Louse","floor":10,"turns":4},{"damage":2,"enemies":"Exordium Wildlife","floor":11,"turns":3},{"damage":0,"enemies":"Red Slaver","floor":12,"turns":1},{"damage":15,"enemies":"3 Sentries","floor":14,"turns":6},{"damage":6,"enemies":"Slime Boss","floor":16,"turns":7},{"damage":8,"enemies":"3 Byrds","floor":18,"turns":4},{"damage":24,"enemies":"2 Thieves","floor":19,"turns":3},{"damage":19,"enemies":"Snake Plant","floor":20,"turns":3},{"damage":17,"enemies":"Shelled Parasite and Fungi","floor":21,"turns":5},{"damage":0,"enemies":"Sentry and Sphere","floor":22,"turns":2},{"damage":22,"enemies":"Snake Plant","floor":24,"turns":4},{"damage":20,"enemies":"Gremlin Leader","floor":25,"turns":6},{"damage":8,"enemies":"Shelled Parasite and Fungi","floor":27,"turns":3},{"damage":16,"enemies":"Slavers","floor":28,"turns":5},{"damage":53,"enemies":"Centurion and Healer","floor":31,"turns":2}],"seed_played":"9078653217267525180","potions_obtained":[{"floor":6,"key":"Strength Potion"},{"floor":8,"key":"Energy Potion"},{"floor":10,"key":"FearPotion"},{"floor":11,"key":"DuplicationPotion"},{"floor":12,"key":"AttackPotion"}],"is_trial":false,"path_per_floor":["M","M","M","?","?","E","R","M","T","M","M","M","R","E","R","B",null,"M","M","M","M","M","$","M","E","T","M","E","?","R","M"],"character_chosen":"Librarian","items_purchased":["PageOfGreed","RatsGuideToSurvival","ViolentFlame"],"campfire_rested":2,"item_purchase_floors":[23,23,23],"current_hp_per_floor":[59,59,59,56,56,28,28,23,23,17,15,15,36,27,27,35,70,70,52,43,36,42,42,24,16,16,24,20,20,41,0,0],"gold":248,"neow_bonus":"THREE_CARDS","is_daily":false,"chose_seed":false,"campfire_upgraded":2,"win_rate":0.0,"timestamp":1614406879,"path_taken":["M","M","M","?","?","E","R","M","T","M","M","?","R","E","R","BOSS","M","M","M","M","M","$","M","E","T","M","E","?","R","M"],"items_purchased_type":["Relic","Card","Card"],"build_version":"2020-12-22","purchased_purges":0,"victory":false,"max_hp_per_floor":[70,70,70,70,70,70,70,70,70,70,70,70,70,70,70,70,70,70,70,70,70,70,70,70,70,70,70,70,70,70,70,70],"card_choices":[{"not_picked":["EnergyStrike","SuppressingShot"],"picked":"Outburst","floor":0},{"not_picked":["WillOfThePrescript","RatsGuideToSurvival","WaitUp","BindingArms","InhaleSmoke","FieryDragonSlash","Quickness","EnergyCycle"],"picked":"SummaryJudgment","floor":1},{"not_picked":["BiAn","Pound","HighKick","StrongStrike","ChopItOff","SteelKnuckles","Rewind","ElectricShock"],"picked":"BayonetCombat","floor":2},{"not_picked":["SerpentSwordTechnique","UpbeatPerformance","StructuralAnalysis","Retaliate","ClassAndRespect","DestructiveImpact","SmokingPipe","Thrust"],"picked":"SuppressingShot","floor":3},{"not_picked":["Rewind","SinglePointStab","SavageMode","Concentration","SwordOfVolition","StrongStrike","FleetEdge","BiteOff"],"picked":"Faith","floor":6},{"not_picked":["DefenseOrder","BindingArms","SnakeSlit","BackstreetsDash","Diversion","ViolentFlame","CutIn","SwordOfVolition","Thrust"],"picked":"GrazeTheGrass","floor":8},{"not_picked":["DefenseOrder","DistortedBlade","RapidGashes","GreatSerpentsImpact","AsThePrescriptOrders","Diversion","HardRehearsal","Eject","SnakesPrey"],"picked":"Reload","floor":10},{"not_picked":["GuidanceOfTheGears","SharpSwipe","StructuralAnalysis","SunsetBlade","FormingStorm","ExtremeEdge","YourShield","CookingPrep","Pound"],"picked":"FleetFootsteps","floor":11},{"not_picked":["BalefulBrand","AssaultOrder","CutIn","AutonomousRush","SharpenedBlade","UncannyStrike","UpbeatPerformance","DarkCloud","StrongStrike"],"picked":"Mutilate","floor":12},{"not_picked":["FleetFootsteps","HardRehearsal","FierceCharge","QuickSuppression","Juggling","SkyClearingCut","ViolentFlame","SunsetBlade","ForTheFamily"],"picked":"TrashDisposal","floor":14},{"not_picked":["Observe","RipSpace","LeRegole"],"picked":"Deflect_lor","floor":16},{"not_picked":["StrikeDown","TendonChords","Juggling","Gamble","QuickSuppression","Cruelty","BiAn","InhaleSmoke","AssaultOrder"],"picked":"FrontalAssault","floor":18},{"not_picked":["SuppressingShot","ViolentFlame+1","FlamingDragonFist","AutonomousRush","StructuralAnalysis","SerpentineBarrier","StrikeDown","RatsGuideToSurvival+1","TheRedNotes"],"picked":"PreparedMind+1","floor":19},{"not_picked":["StrongStrike","Wallop_lor","SmokingPipe","BlazingStrike","ForcefulGesture+1","KeepItFresh","Quickness+1","AutonomousRush","DeepDrag+1"],"picked":"GuardingStance","floor":20},{"not_picked":["Multislash","TheWillOfTheCity","PreparedMind","ForTheFamily","Clone+1","HighSpeedStabbing","Standoff","Rampage_lor","QuickAttack"],"picked":"Reload+1","floor":21},{"not_picked":["StrikeDown","EnergyStrike+1","TendonChords","Parry2+1","WrathOfTorment","PinpointShot","StrongStrike","QuickAttack","SharpSwipe+1"],"picked":"CombatPreparation","floor":22},{"not_picked":["Overpower","Retaliate","ViolentFlame","Leap_lor+1","IllEndYou","SweepTheBackstreets","LossOfSenses","Execute_lor+1","CutIn"],"picked":"Eliminate","floor":24},{"not_picked":["Pound","InhaleSmoke","Gigigig+1","Reload","SpearedSweep+1","GaleKick","Parry2+1","SinglePointStab","ClassAndRespect"],"picked":"WillProduceFineSilk","floor":25},{"not_picked":["NonstopAssault+1","StrikeDown+1","FeatherShield","EnergyConversion","Duel_lor","CircusKnives","EnergyStrike+1","Cruelty","FlowOfTheSword"],"picked":"BiAn","floor":27},{"not_picked":["UnavoidableGaze","SpearedSweep","BizarreAttack","DefenseOrder","ShrineToMusic","ViolentFlame","ClassAndRespect","BlindFaith","EnergyShield+1"],"picked":"InnerArdor+1","floor":28}],"player_experience":92673,"relics_obtained":[{"floor":6,"key":"Question Card"},{"floor":9,"key":"TungstenRod"},{"floor":14,"key":"PageOfLumberjack"},{"floor":25,"key":"PageOfTheQueenOfHatred"},{"floor":26,"key":"PageOfTheKnightOfDespair"},{"floor":28,"key":"PageOfWrath"}],"event_choices":[{"damage_healed":0,"gold_gain":0,"player_choice":"Success","damage_taken":3,"relics_obtained":["PageOfRedShoes"],"max_hp_gain":0,"max_hp_loss":0,"event_name":"Scrap Ooze","floor":4,"gold_loss":0},{"damage_healed":0,"gold_gain":0,"cards_transformed":["LightAttack"],"player_choice":"Change","damage_taken":0,"max_hp_gain":0,"max_hp_loss":0,"event_name":"Living Wall","floor":5,"gold_loss":0,"cards_obtained":["KeepItFresh"]},{"damage_healed":0,"gold_gain":99,"player_choice":"Stole From Cult","damage_taken":0,"max_hp_gain":0,"max_hp_loss":0,"event_name":"Nest","floor":29,"gold_loss":0}],"is_beta":false,"boss_relics":[{"not_picked":["Fusion Hammer","Ectoplasm"],"picked":"Sozu"}],"items_purged_floors":[],"is_endless":false,"potions_floor_spawned":[6,8,10,11,12,18,19,21,25,28],"killed_by":"Centurion and Healer","ascension_level":0}}