{"host":"toh0bbw446wnuexf","time":1614399215,"event":{"mods":["BaseMod","Downfall","Hermit","Minty Spire (QoL Compilation)","Random Character Button","Robot Space Explorer","StSLib"],"gold_per_floor":[99,119,130,145,55,71,71,71,86,86,103,117,117,135,145,244,244,244,262,281,281,301,312,312,329,329,214,214,233,93,93,105,201,201,201,201,218,237,255,255,255,255,275,275,275,375,390,409,409,409],"floor_reached":51,"language":"ENG","playtime":3310,"items_purged":["bronze:Strike","bronze:Strike","bronze:Strike","bronze:Strike"],"score":709,"play_id":"15cb1862-8daa-441a-940c-0948959b1efc","local_time":"20210227171335","is_ascension_mode":true,"campfire_choices":[{"data":"Finesse","floor":1,"key":"SMITH"},{"data":"bronze:BugBarrage","floor":8,"key":"SMITH"},{"data":"bronze:BugBarrage","floor":10,"key":"SMITH"},{"floor":13,"key":"REST"},{"data":"bronze:Goto","floor":18,"key":"SMITH"},{"floor":26,"key":"REST"},{"data":"bronze:ShipIt","floor":28,"key":"SMITH"},{"data":"bronze:Allocate","floor":35,"key":"SMITH"},{"data":"bronze:Replicate","floor":40,"key":"SMITH"},{"data":"bronze:MaxOutput","floor":44,"key":"SMITH"},{"data":"bronze:Branch","floor":45,"key":"SMITH"}],"circlet_count":0,"master_deck":["bronze:Defend","bronze:Defend","bronze:Defend","bronze:Defend","bronze:Replicate+1","bronze:Goto+1","Finesse+1","bronze:BugBarrage+1","bronze:Branch+1","bronze:BugBarrage+1","bronze:Allocate+1","bronze:ShipIt+1","bronze:MaxOutput+1"],"relics":["bronze:BronzeCore","Ornamental Fan","FaceOfCleric","Thread and Needle","Bag of Preparation","Shuriken","Blue Candle"],"acts_visited":["Exordium","TheCity","TheBeyond"],"potions_floor_usage":[33,33,49,50],"damage_taken":[{"damage":0,"enemies":"Jaw Worm","floor":2,"turns":4},{"damage":1,"enemies":"Cultist","floor":3,"turns":3},{"damage":4,"enemies":"Small Slimes","floor":4,"turns":3},{"damage":0,"enemies":"downfall:FleeingMerchant","floor":5,"turns":4},{"damage":4,"enemies":"Blue Slaver","floor":6,"turns":3},{"damage":17,"enemies":"3 Louse","floor":9,"turns":2},{"damage":6,"enemies":"Exordium Thugs","floor":11,"turns":3},{"damage":0,"enemies":"Exordium Wildlife","floor":12,"turns":2},{"damage":11,"enemies":"Lots of Slimes","floor":14,"turns":4},{"damage":0,"enemies":"downfall:LooterAlt","floor":15,"turns":3},{"damage":21,"enemies":"WA_ARCHETYPE_RETAIN","floor":16,"turns":5},{"damage":14,"enemies":"downfall:LooterAlt2","floor":19,"turns":3},{"damage":2,"enemies":"3 Byrds","floor":20,"turns":5},{"damage":2,"enemies":"Cultist and Chosen","floor":22,"turns":4},{"damage":10,"enemies":"Snecko","floor":23,"turns":4},{"damage":0,"enemies":"Sentry and Sphere","floor":25,"turns":3},{"damage":0,"enemies":"downfall:FleeingMerchant","floor":27,"turns":4},{"damage":14,"enemies":"Snake Plant","floor":29,"turns":4},{"damage":0,"enemies":"downfall:FleeingMerchant","floor":30,"turns":4},{"damage":13,"enemies":"Centurion and Healer","floor":32,"turns":5},{"damage":8,"enemies":"IC_MUSHROOM_ARCHETYPE","floor":33,"turns":5},{"damage":0,"enemies":"downfall:FleeingMerchant","floor":37,"turns":1},{"damage":0,"enemies":"Orb Walker","floor":38,"turns":2},{"damage":12,"enemies":"3 Shapes","floor":39,"turns":3},{"damage":0,"enemies":"Jaw Worm Horde","floor":43,"turns":3},{"damage":24,"enemies":"4 Shapes","floor":47,"turns":2},{"damage":0,"enemies":"Spire Growth","floor":48,"turns":1},{"damage":0,"enemies":"Maw","floor":49,"turns":1},{"damage":11,"enemies":"DF_ARCHETYPE_ORBS","floor":50,"turns":4}],"seed_played":"7116860859991531818","potions_obtained":[{"floor":4,"key":"LiquidMemories"},{"floor":6,"key":"SteroidPotion"},{"floor":9,"key":"Swift Potion"},{"floor":11,"key":"Dexterity Potion"},{"floor":22,"key":"Strength Potion"},{"floor":47,"key":"Weak Potion"},{"floor":48,"key":"SmokeBomb"}],"is_trial":false,"path_per_floor":["R","M","M","M","$","M","T","R","M","R","M","M","R","M","M","B",null,"R","M","M","?","M","M","T","M","R","$","R","M","$","?","M","B",null,"R","?","$","M","M","R","T","?","M","R","R","?","M","M","M","B",null],"character_chosen":"THE_AUTOMATON","items_purchased":["bronze:MaxOutput","Bag of Preparation"],"campfire_rested":2,"item_purchase_floors":[37,37],"current_hp_per_floor":[70,70,69,65,65,61,61,61,44,44,38,38,59,48,48,27,70,70,56,54,54,53,44,44,45,66,67,67,54,55,55,43,36,78,78,78,79,80,69,69,69,64,65,65,65,65,42,43,44,34],"gold":409,"neow_bonus":"RANDOM_COLORLESS","is_daily":false,"chose_seed":false,"campfire_upgraded":9,"win_rate":0.0,"timestamp":1614399215,"path_taken":["R","M","M","M","$","M","T","R","M","R","M","M","R","M","M","BOSS","R","M","M","?","M","M","T","?","R","?","R","M","$","?","M","BOSS","R","?","$","M","M","R","T","?","M","R","R","?","?","M","M","BOSS"],"items_purchased_type":["Card","Relic"],"build_version":"2020-12-22","purchased_purges":4,"victory":true,"max_hp_per_floor":[70,70,70,70,70,70,70,70,70,70,70,70,70,70,70,70,70,70,70,70,70,71,72,72,73,73,74,74,75,76,76,77,78,78,78,78,79,80,81,81,81,81,82,82,82,82,83,84,85,86],"card_choices":[{"not_picked":["Deep Breath","Mind Blast"],"picked":"Finesse","floor":0},{"not_picked":["bronze:Deprecate","bronze:Refactor"],"picked":"bronze:BugBarrage","floor":2},{"not_picked":["bronze:DigitalCarnage","bronze:Refactor"],"picked":"bronze:Branch","floor":3},{"not_picked":["bronze:Frontload","bronze:Overheat"],"picked":"bronze:BugBarrage","floor":4},{"not_picked":["bronze:FineTuning","bronze:BuggyMess","bronze:Frontload"],"picked":"SKIP","floor":5},{"not_picked":["bronze:ForceShield","bronze:Shield"],"picked":"bronze:Allocate","floor":6},{"not_picked":["bronze:ForLoop","bronze:BitShift","bronze:DelayedSlice"],"picked":"SKIP","floor":9},{"not_picked":["bronze:Frontload","bronze:Optimize","bronze:InfiniteLoop"],"picked":"SKIP","floor":11},{"not_picked":["bronze:FineTuning","bronze:CutThrough","bronze:DelayedGuard"],"picked":"SKIP","floor":12},{"not_picked":["bronze:Deprecate","bronze:BugBarrage","bronze:Library"],"picked":"SKIP","floor":14},{"not_picked":["bronze:BronzeOrb","bronze:CloningBeam","bronze:InfiniteBeams"],"picked":"SKIP","floor":15},{"not_picked":["bronze:SpaghettiCode","bronze:AlphaBuild"],"picked":"bronze:ShipIt","floor":16},{"not_picked":["bronze:Safeguard+1","bronze:Return","bronze:ClassDefault"],"picked":"SKIP","floor":19},{"not_picked":["bronze:WhirlingStrike","bronze:CutThrough","bronze:Allocate+1"],"picked":"SKIP","floor":20},{"not_picked":["bronze:Allocate","bronze:WildBeam","bronze:Separator"],"picked":"SKIP","floor":22},{"not_picked":["bronze:ForLoop","bronze:Repair","bronze:Repulsor"],"picked":"SKIP","floor":23},{"not_picked":["bronze:ClassDefault","bronze:DigitalCarnage+1","bronze:CutThrough+1"],"picked":"SKIP","floor":25},{"not_picked":["bronze:Turbo","bronze:InfiniteBeams+1","bronze:NullPointer"],"picked":"SKIP","floor":27},{"not_picked":["bronze:ChildClass+1","bronze:CleanCode","bronze:Refactor"],"picked":"SKIP","floor":29},{"not_picked":["bronze:Frontload","bronze:Overheat+1","bronze:BuggyMess"],"picked":"SKIP","floor":30},{"not_picked":["bronze:Fortify","bronze:DelayedSlice","bronze:Shield"],"picked":"SKIP","floor":32},{"not_picked":["bronze:Terminator+1","bronze:Philosophize+1","bronze:HardenedForm"],"picked":"SKIP","floor":37},{"not_picked":["bronze:DigitalCarnage","bronze:DelayedSlice+1","bronze:CutThrough"],"picked":"SKIP","floor":38},{"not_picked":["bronze:Flail+1","bronze:BugBarrage","bronze:Backtrace"],"picked":"SKIP","floor":39},{"not_picked":["bronze:Philosophize+1","bronze:Shell+1","bronze:BuggyMess+1"],"picked":"SKIP","floor":43},{"not_picked":["bronze:Return","bronze:FineTuning+1","bronze:Overload"],"picked":"SKIP","floor":47},{"not_picked":["bronze:FineTuning+1","bronze:Separator+1","bronze:DelayedSlice"],"picked":"SKIP","floor":48}],"player_experience":742609,"relics_obtained":[{"floor":7,"key":"Ornamental Fan"},{"floor":24,"key":"Thread and Needle"},{"floor":41,"key":"Shuriken"}],"event_choices":[{"damage_healed":0,"gold_gain":0,"player_choice":"Trade","damage_taken":0,"relics_obtained":["FaceOfCleric"],"max_hp_gain":0,"max_hp_loss":0,"event_name":"FaceTrader","floor":21,"gold_loss":0},{"damage_healed":0,"gold_gain":0,"player_choice":"Ignored","damage_taken":0,"max_hp_gain":0,"max_hp_loss":0,"event_name":"Mysterious Sphere","floor":36,"gold_loss":0}],"is_beta":false,"boss_relics":[{"not_picked":["Cursed Key","Coffee Dripper","expansioncontent:StudyCardRelic"]},{"not_picked":["Astrolabe","Runic Pyramid","Fusion Hammer"]}],"items_purged_floors":[5,27,30,37],"is_endless":false,"potions_floor_spawned":[4,6,9,11,14,22,23,25,47,48],"ascension_level":2}}