{"host":"alk2ftu785mujiir","time":1614442300,"event":{"mods":["BaseMod","Bossed Relics","Colored Map","Downfall","Minty Spire (QoL Compilation)","StSLib"],"gold_per_floor":[99,113,128,148,160,0,25,60,78,91,91,118,118,145,162,263,263,163,183,183,183,199,199,199,199],"floor_reached":23,"language":"ENG","playtime":1077,"items_purged":["Regret"],"score":246,"play_id":"95746c05-21c3-48e7-9ceb-086d9c81200e","local_time":"20210227111140","is_ascension_mode":true,"campfire_choices":[{"data":"Magnetism","floor":1.0,"key":"SMITH"},{"floor":11,"key":"REST"},{"data":"hexamod:SkipABeat","floor":13,"key":"SMITH"},{"data":"hexamod:GhostLash","floor":18,"key":"SMITH"}],"circlet_count":0,"master_deck":["hexamod:Strike","hexamod:Strike","hexamod:Strike","hexamod:Strike","hexamod:Defend","hexamod:Defend","hexamod:Defend+1","hexamod:Defend","hexamod:Sear","hexamod:Float+1","Magnetism+1","hexamod:BacktrackSmack","hexamod:SwordOfDarkness","hexamod:PowerFromBeyond","hexamod:BurningTouch","hexamod:Hexaguard+1","hexamod:SkipABeat+1","hexamod:FourthSeal","hexamod:FastForward","hexamod:FirstSeal","hexamod:GhostLash+1","hexamod:SixthSeal","hexamod:NightmareStrike+1","hexamod:SuperheatedStrike+1"],"relics":["hexamod:SpiritBrand","Ancient Tea Set","Potion Belt","Darkstone Periapt","Sozu","downfall:HeartBlessingGreen"],"acts_visited":["Exordium","TheCity"],"potions_floor_usage":[5,14,14,15,16,19],"damage_taken":[{"damage":9.0,"enemies":"Jaw Worm","floor":2.0,"turns":4.0},{"damage":8.0,"enemies":"Small Slimes","floor":3.0,"turns":4.0},{"damage":2.0,"enemies":"Cultist","floor":4.0,"turns":3.0},{"damage":4,"enemies":"Exordium Thugs","floor":5,"turns":3},{"damage":4,"enemies":"downfall:FleeingMerchant","floor":6,"turns":4},{"damage":0,"enemies":"Large Slime","floor":8,"turns":4},{"damage":0,"enemies":"Blue Slaver","floor":9,"turns":4},{"damage":2,"enemies":"Exordium Wildlife","floor":10,"turns":4},{"damage":7,"enemies":"Gremlin Nob","floor":12,"turns":3},{"damage":9,"enemies":"Lagavulin","floor":14,"turns":5},{"damage":0,"enemies":"Large Slime","floor":15,"turns":5},{"damage":23,"enemies":"IC_STATUS_ARCHETYPE","floor":16,"turns":7},{"damage":27,"enemies":"downfall:LooterAlt2","floor":19,"turns":4},{"damage":3,"enemies":"Shell Parasite","floor":22,"turns":4},{"damage":49,"enemies":"Book of Stabbing","floor":23,"turns":5}],"seed_played":"7390278773661646095","potions_obtained":[{"floor":3.0,"key":"AttackPotion"},{"floor":4.0,"key":"PowerPotion"},{"floor":5,"key":"sneckomod:MuddlingPotion"},{"floor":9,"key":"GamblersBrew"},{"floor":10,"key":"Explosive Potion"},{"floor":12,"key":"PowerPotion"},{"floor":12,"key":"bronze:BurnAndBuffPotion"},{"floor":14,"key":"BlessingOfTheForge"},{"floor":15,"key":"Block Potion"},{"floor":16,"key":"DistilledChaos"}],"is_trial":false,"path_per_floor":["R","M","M","M","M","$","T","M","M","M","R","E","R","E","M","B",null,"R","M","?","?","M","E"],"character_chosen":"THE_SPIRIT","items_purchased":["hexamod:SkipABeat"],"campfire_rested":1,"item_purchase_floors":[6],"current_hp_per_floor":[70,61,53,51,47,43,43,43,43,41,62,55,55,53,60,44,70,70,43,43,43,47,0,0,0],"gold":199,"neow_bonus":"RANDOM_COLORLESS_2","is_daily":false,"chose_seed":false,"campfire_upgraded":3,"win_rate":0.0,"timestamp":1614442300,"path_taken":["R","M","M","M","M","$","T","M","M","M","R","E","R","E","M","BOSS","R","M","?","?","M","E"],"items_purchased_type":["Card"],"build_version":"2020-12-22","purchased_purges":1,"victory":false,"max_hp_per_floor":[70,70,70,70,70,70,70,70,70,70,70,70,70,70,70,70,70,70,70,70,70,70,70,70,70],"card_choices":[{"not_picked":["Metamorphosis","Panache"],"picked":"Magnetism","floor":0.0},{"not_picked":["hexamod:Haunt","hexamod:AdvancingGuard"],"picked":"hexamod:BacktrackSmack","floor":2.0},{"not_picked":["hexamod:GhostShield","hexamod:NightmareStrike"],"picked":"hexamod:SwordOfDarkness","floor":3.0},{"not_picked":["hexamod:SpectralSpark","hexamod:InspiringFlames"],"picked":"hexamod:PowerFromBeyond","floor":4.0},{"not_picked":["hexamod:RetreatToShadows","hexamod:Hexaguard"],"picked":"hexamod:BurningTouch","floor":5},{"not_picked":["hexamod:BurningTouch","hexamod:Rewind"],"picked":"hexamod:Hexaguard","floor":6},{"not_picked":["hexamod:UnlimitedPower","hexamod:BurningTouch","hexamod:SwordOfDarkness"],"picked":"SKIP","floor":8},{"not_picked":["hexamod:AdvancingGuard","hexamod:Hexaguard"],"picked":"hexamod:FourthSeal","floor":9},{"not_picked":["hexamod:Again","hexamod:GhostLash"],"picked":"hexamod:FastForward","floor":10},{"not_picked":["hexamod:HeatCrush","hexamod:Hexaguard"],"picked":"hexamod:FirstSeal","floor":12},{"not_picked":["hexamod:FourthSeal","hexamod:BacktrackSmack","hexamod:SpectralSpark"],"picked":"SKIP","floor":14},{"not_picked":["hexamod:SpectersWail","hexamod:SwordOfDarkness"],"picked":"hexamod:GhostLash","floor":15},{"not_picked":["hexamod:UnlimitedPower","hexamod:ApocalypseNow"],"picked":"hexamod:SixthSeal","floor":16},{"not_picked":["hexamod:PowerFromBeyond","hexamod:FourthSeal"],"picked":"hexamod:NightmareStrike+1","floor":19},{"not_picked":["hexamod:AdvancingGuard+1","hexamod:NightmareStrike+1"],"picked":"hexamod:SuperheatedStrike+1","floor":22}],"player_experience":1858856,"relics_obtained":[{"floor":7,"key":"Ancient Tea Set"},{"floor":12,"key":"Potion Belt"},{"floor":14,"key":"Darkstone Periapt"}],"event_choices":[{"damage_healed":0,"gold_gain":0,"player_choice":"Forge","damage_taken":0,"max_hp_gain":0,"max_hp_loss":0,"event_name":"Accursed Blacksmith","floor":21,"gold_loss":0,"cards_upgraded":["hexamod:Float"]}],"is_beta":false,"boss_relics":[{"not_picked":["Pandora\u0027s Box","Empty Cage"],"picked":"Sozu"}],"items_purged_floors":[6],"is_endless":false,"potions_floor_spawned":[3,4,5,9,10,12,19],"killed_by":"Book of Stabbing","ascension_level":4}}