{"host":"338bkdl2yirdp2ct","time":1614433889,"event":{"mods":["AchievementEnabler","BaseMod","Colored Powertips","Highlight Path","Minty Spire (QoL Compilation)","Quick Restart","Relic Sorter","Unceasing Turn Reminder","slay the spire mod where everything is the same but ironclad has a cowboy hat"],"gold_per_floor":[112,126,141,141,156,156,190,207,207,207,239,239],"floor_reached":11,"language":"ENG","playtime":412,"items_purged":[],"score":285,"play_id":"287b10ba-71e8-4057-b840-ab31c09787d1","local_time":"20210227055129","daily_mods":["SealedDeck","Hoarder","Shiny","Heirloom"],"is_ascension_mode":false,"campfire_choices":[{"data":"Seek","floor":6,"key":"SMITH"},{"data":"Coolheaded","floor":10,"key":"SMITH"}],"circlet_count":0,"master_deck":["Multi-Cast","Hyperbeam","Thunder Strike","Biased Cognition","Machine Learning","Electrodynamics","Buffer","Rainbow","Seek+1","Meteor Strike","Echo Form","All For One","Reboot","Amplify","Creative AI","Fission","Core Surge","Coolheaded","Coolheaded","Coolheaded","Sweeping Beam","Sweeping Beam","Sweeping Beam","Coolheaded+1","Coolheaded","Coolheaded","FTL","FTL","FTL","Steam","Steam","Steam","Coolheaded","Coolheaded","Coolheaded","Sweeping Beam","Sweeping Beam","Sweeping Beam","Turbo","Turbo","Turbo","Turbo","Turbo","Turbo","Hologram","Hologram","Hologram","Aggregate","Aggregate","Aggregate","Meteor Strike","Meteor Strike","Meteor Strike"],"relics":["Snecko Eye","StoneCalendar","Symbiotic Virus","Mango","Ice Cream"],"acts_visited":["Exordium"],"potions_floor_usage":[8,11],"damage_taken":[{"damage":5,"enemies":"Cultist","floor":1,"turns":5},{"damage":0,"enemies":"Jaw Worm","floor":2,"turns":1},{"damage":0,"enemies":"2 Louse","floor":3,"turns":1},{"damage":0,"enemies":"Large Slime","floor":5,"turns":3},{"damage":0,"enemies":"3 Sentries","floor":7,"turns":4},{"damage":0,"enemies":"3 Louse","floor":8,"turns":1},{"damage":0,"enemies":"Lagavulin","floor":11,"turns":1}],"seed_played":"3307578071399687759","potions_obtained":[{"floor":2,"key":"BlessingOfTheForge"},{"floor":5,"key":"SteroidPotion"},{"floor":8,"key":"DuplicationPotion"}],"is_trial":true,"path_per_floor":["M","M","M","$","M","R","E","M","T","R","E"],"character_chosen":"DEFECT","items_purchased":[],"campfire_rested":0,"item_purchase_floors":[],"current_hp_per_floor":[70,70,70,70,70,70,70,70,84,84,84,84],"gold":239,"neow_bonus":"","is_daily":false,"chose_seed":false,"campfire_upgraded":2,"win_rate":0.0,"timestamp":1614433889,"path_taken":["M","M","M","$","M","R","E","M","T","R","E"],"items_purchased_type":[],"build_version":"2020-12-22","purchased_purges":0,"victory":false,"max_hp_per_floor":[75,75,75,75,75,75,75,75,89,89,89,89],"card_choices":[{"not_picked":["Static Discharge","Barrage"],"picked":"Aggregate","floor":1},{"not_picked":["Storm","Cold Snap","FTL"],"picked":"SKIP","floor":2},{"not_picked":["Force Field","Go for the Eyes","Glacier"],"picked":"SKIP","floor":3},{"not_picked":["Go for the Eyes","Beam Cell","Redo"],"picked":"SKIP","floor":5},{"not_picked":["Darkness","Skim"],"picked":"Meteor Strike","floor":7},{"not_picked":["Blizzard","Steam","Melter"],"picked":"SKIP","floor":8}],"player_experience":1174677,"relics_obtained":[{"floor":7,"key":"Symbiotic Virus"},{"floor":9,"key":"Mango"},{"floor":11,"key":"Ice Cream"}],"event_choices":[],"is_beta":false,"boss_relics":[],"items_purged_floors":[],"is_endless":false,"potions_floor_spawned":[2,5,8],"killed_by":"Lagavulin","ascension_level":0}}