{"host":"l15sdf2mmi0nobpi","time":1614410789,"event":{"mods":["ATMod(°¢èªMod)","BaseMod","Highlight Path","Minty Spire (QoL Compilation)","Quick Restart","StSLib","¡¾¹¦ÄÜMod¡¿Neow½±Àø"],"gold_per_floor":[18,18,18,18,18,18,36,36,63,80,107,107,121,151,151,228,528,559,583,63,113,129,154,154,184,184,202,231,255,281,281,281],"floor_reached":31,"language":"ZHS","playtime":1183,"items_purged":["Strike_B"],"score":727,"play_id":"d0ec8cc3-631a-4300-ab4f-1d2ce2c22f7b","local_time":"20210227152629","is_ascension_mode":true,"campfire_choices":[{"data":"AT_OneInchPunch","floor":6.0,"key":"SMITH"},{"data":"AT_StudyProgram","floor":8.0,"key":"SMITH"},{"data":"Dualcast","floor":12.0,"key":"SMITH"},{"data":"Loop","floor":15.0,"key":"SMITH"},{"data":"Coolheaded","floor":24.0,"key":"SMITH"}],"circlet_count":0,"master_deck":["AscendersBane","Strike_B+1","Strike_B","Strike_B+1","Defend_B","Defend_B","Defend_B","Defend_B","Zap","Dualcast+1","AT_OneInchPunch+1","Cold Snap","AT_StudyProgram+1","Loop+1","Echo Form","CurseOfTheBell","Ball Lightning","Coolheaded+1","AT_ThunderBolt"],"relics":["Cracked Core","AT_ATBox","Mango","Bottled Tornado","Smiling Mask","Whetstone","AT_ImmortalShieldbow","Calling Bell","MawBank","Darkstone Periapt","Old Coin","Bag of Preparation","AT_LudenTempest","Anchor","Red Mask","Eternal Feather","Bronze Scales","Pen Nib","MealTicket"],"acts_visited":["Exordium","TheCity"],"potions_floor_usage":[],"damage_taken":[{"damage":0.0,"enemies":"2 Louse","floor":1.0,"turns":2.0},{"damage":0.0,"enemies":"Cultist","floor":7.0,"turns":1.0},{"damage":7.0,"enemies":"Small Slimes","floor":10.0,"turns":3.0},{"damage":27.0,"enemies":"3 Sentries","floor":11.0,"turns":7.0},{"damage":4.0,"enemies":"2 Fungi Beasts","floor":13.0,"turns":2.0},{"damage":0.0,"enemies":"Gremlin Nob","floor":14.0,"turns":2.0},{"damage":17.0,"enemies":"The Guardian","floor":16.0,"turns":9.0},{"damage":27.0,"enemies":"2 Thieves","floor":18.0,"turns":4.0},{"damage":1.0,"enemies":"Spheric Guardian","floor":19.0,"turns":3.0},{"damage":0.0,"enemies":"Centurion and Healer","floor":22.0,"turns":3.0},{"damage":39.0,"enemies":"Gremlin Leader","floor":23.0,"turns":5.0},{"damage":0.0,"enemies":"Masked Bandits","floor":25.0,"turns":3.0},{"damage":0.0,"enemies":"Snake Plant","floor":27.0,"turns":2.0},{"damage":21.0,"enemies":"Slavers","floor":28.0,"turns":5.0},{"damage":29.0,"enemies":"Gremlin Leader","floor":30.0,"turns":6.0},{"damage":11,"enemies":"Snecko","floor":31,"turns":2}],"seed_played":"-3449881038992087663","potions_obtained":[{"floor":7.0,"key":"Explosive Potion"},{"floor":11.0,"key":"Regen Potion"},{"floor":14.0,"key":"Fire Potion"},{"floor":22.0,"key":"EssenceOfSteel"},{"floor":27.0,"key":"GamblersBrew"}],"is_trial":false,"path_per_floor":["M","?","$","T","?","R","M","R","T","M","E","R","M","E","R","B",null,"M","M","$","?","M","E","R","?","T","M","E","T","E","M"],"character_chosen":"DEFECT","items_purchased":["Bag of Preparation","AT_LudenTempest"],"campfire_rested":0,"item_purchase_floors":[20,20],"current_hp_per_floor":[78,78,78,78,83,83,83,83,83,76,49,49,45,45,45,28,75,48,47,47,47,47,33,33,33,33,33,29,29,6,0,0],"gold":281,"neow_bonus":"ONE_RARE_RELIC","is_daily":false,"chose_seed":false,"campfire_upgraded":5,"win_rate":0.0,"timestamp":1614410789,"path_taken":["M","?","$","?","?","R","M","R","T","M","E","R","M","E","R","BOSS","M","M","$","?","M","E","R","?","T","M","E","?","E","M"],"items_purchased_type":["Relic","Relic"],"build_version":"2020-12-22","purchased_purges":1,"victory":false,"max_hp_per_floor":[85,85,85,85,90,90,90,90,90,90,90,90,90,90,90,90,90,90,90,90,90,90,90,90,90,90,90,90,90,90,90,90],"card_choices":[{"not_picked":["Compile Driver","Steam"],"picked":"Cold Snap","floor":1.0},{"not_picked":["Cold Snap","AT_HeatAcrobatics","Barrage"],"picked":"SKIP","floor":7.0},{"not_picked":["Blizzard","Stack","Darkness"],"picked":"SKIP","floor":10.0},{"not_picked":["Hologram","Cold Snap","Reinforced Body"],"picked":"SKIP","floor":11.0},{"not_picked":["Stack","Sweeping Beam","Lockon"],"picked":"SKIP","floor":13.0},{"not_picked":["Cold Snap","Amplify"],"picked":"Loop","floor":14.0},{"not_picked":["Creative AI","Multi-Cast"],"picked":"Echo Form","floor":16.0},{"not_picked":["Tempest+1","Compile Driver","AT_HeatAcrobatics"],"picked":"SKIP","floor":18.0},{"not_picked":["Stack","Blizzard"],"picked":"Ball Lightning","floor":19.0},{"not_picked":["AT_ThreeBodyProblem","Doom and Gloom"],"picked":"Coolheaded","floor":22.0},{"not_picked":["AT_StudyProgram","Compile Driver","Gash"],"picked":"SKIP","floor":23.0},{"not_picked":["AT_ThunderBolt","AT_StudyProgram","Rebound"],"picked":"SKIP","floor":27.0},{"not_picked":["AT_StudyProgram","Rebound"],"picked":"AT_ThunderBolt","floor":27.0},{"not_picked":["Tempest","Machine Learning","AT_ThreeBodyProblem"],"picked":"SKIP","floor":28.0},{"not_picked":["Go for the Eyes","Cold Snap","Lockon"],"picked":"SKIP","floor":30.0}],"player_experience":406584,"relics_obtained":[{"floor":4.0,"key":"Bottled Tornado"},{"floor":9.0,"key":"Smiling Mask"},{"floor":11.0,"key":"Whetstone"},{"floor":14.0,"key":"AT_ImmortalShieldbow"},{"floor":17.0,"key":"MawBank"},{"floor":17.0,"key":"Darkstone Periapt"},{"floor":17.0,"key":"Old Coin"},{"floor":23.0,"key":"Anchor"},{"floor":25.0,"key":"Red Mask"},{"floor":26.0,"key":"Eternal Feather"},{"floor":28.0,"key":"Bronze Scales"},{"floor":29.0,"key":"Pen Nib"},{"floor":30.0,"key":"MealTicket"}],"event_choices":[{"damage_healed":0.0,"max_hp_gain":0.0,"max_hp_loss":0.0,"gold_gain":0.0,"event_name":"Match and Keep!","player_choice":"1 cards matched","floor":2.0,"gold_loss":0.0,"damage_taken":0.0,"cards_obtained":["AT_StudyProgram"]},{"damage_healed":0.0,"max_hp_gain":5.0,"max_hp_loss":0.0,"gold_gain":0.0,"event_name":"Big Fish","player_choice":"Donut","floor":5.0,"gold_loss":0.0,"damage_taken":0.0},{"damage_healed":0.0,"max_hp_gain":0.0,"max_hp_loss":0.0,"gold_gain":50.0,"event_name":"Nest","player_choice":"Stole From Cult","floor":21.0,"gold_loss":0.0,"damage_taken":0.0},{"damage_healed":0.0,"max_hp_gain":0.0,"max_hp_loss":0.0,"gold_gain":0.0,"event_name":"Masked Bandits","player_choice":"Fought Bandits","floor":25.0,"gold_loss":0.0,"damage_taken":0.0}],"is_beta":false,"boss_relics":[{"not_picked":["SacredBark","SlaversCollar"],"picked":"Calling Bell"}],"items_purged_floors":[20],"is_endless":false,"potions_floor_spawned":[7,11,14,22,25,27],"killed_by":"Snecko","ascension_level":20}}