{"host":"ww12db68ec84yd8w","time":1614396012,"event":{"mods":["BaseMod","Colored Map","Minty Spire (QoL Compilation)","StSLib"],"gold_per_floor":[119,135,147,147,167,167,191,218,265,265,281,293,293,305,305,402,402,419,438,209,222,137,137,137],"floor_reached":23,"language":"ENG","playtime":1007,"items_purged":["Defend_B"],"score":297,"play_id":"6228d935-f041-49b9-87e8-fab986db2142","local_time":"20210226192012","is_ascension_mode":true,"campfire_choices":[{"data":"Sunder","floor":6,"key":"SMITH"},{"floor":10,"key":"REST"},{"floor":15,"key":"REST"}],"circlet_count":0,"master_deck":["Defend_B","Defend_B","Defend_B","Zap","Dualcast","Leap","Conserve Battery","Sunder+1","Ball Lightning","Conserve Battery","Streamline+1","Conserve Battery","Cold Snap+1","Rebound+1","Core Surge+1","Blizzard+1","Beam Cell+1","Rebound+1"],"relics":["Cracked Core","Turnip","Odd Mushroom","Molten Egg 2","Dream Catcher","Empty Cage","HandDrill","Boot"],"acts_visited":["Exordium","TheCity"],"potions_floor_usage":[8,8,19,23,23],"damage_taken":[{"damage":9,"enemies":"Jaw Worm","floor":1,"turns":3},{"damage":2,"enemies":"2 Louse","floor":2,"turns":2},{"damage":5,"enemies":"Small Slimes","floor":3,"turns":3},{"damage":1,"enemies":"Exordium Wildlife","floor":5,"turns":4},{"damage":12,"enemies":"The Mushroom Lair","floor":7,"turns":4},{"damage":0,"enemies":"3 Sentries","floor":8,"turns":7},{"damage":4,"enemies":"Blue Slaver","floor":11,"turns":3},{"damage":11,"enemies":"Looter","floor":12,"turns":3},{"damage":14,"enemies":"Red Slaver","floor":14,"turns":3},{"damage":20,"enemies":"Hexaghost","floor":16,"turns":12},{"damage":12,"enemies":"Shell Parasite","floor":18,"turns":6},{"damage":10,"enemies":"2 Thieves","floor":19,"turns":3},{"damage":28,"enemies":"3 Cultists","floor":21,"turns":7},{"damage":0,"enemies":"Gremlin Leader","floor":23,"turns":2}],"seed_played":"1831150082170226213","potions_obtained":[{"floor":3,"key":"SkillPotion"},{"floor":7,"key":"SkillPotion"},{"floor":8,"key":"Ancient Potion"},{"floor":16,"key":"AttackPotion"},{"floor":18,"key":"FocusPotion"}],"is_trial":false,"path_per_floor":["M","M","M","?","M","R","?","E","T","R","M","M","?","M","R","B",null,"M","M","$","M","?","E"],"character_chosen":"DEFECT","items_purchased":["HandDrill"],"campfire_rested":2,"item_purchase_floors":[20],"current_hp_per_floor":[41,39,34,34,33,33,21,21,21,43,39,28,21,7,29,9,59,47,37,37,9,9,9,9],"gold":137,"neow_bonus":"ONE_RARE_RELIC","is_daily":false,"chose_seed":false,"campfire_upgraded":1,"win_rate":0.0,"timestamp":1614396012,"path_taken":["M","M","M","?","M","R","?","E","T","R","M","?","?","M","R","BOSS","M","M","$","M","?","E"],"items_purchased_type":["Relic"],"build_version":"2020-12-22","purchased_purges":1,"victory":false,"max_hp_per_floor":[75,75,75,75,75,75,75,75,75,75,75,75,75,75,75,75,75,75,75,75,75,75,75,75],"card_choices":[{"not_picked":["Coolheaded","Rip and Tear"],"picked":"Leap","floor":1},{"not_picked":["Undo","Gash","Redo"],"picked":"SKIP","floor":2},{"not_picked":["Self Repair","Chill"],"picked":"Conserve Battery","floor":3},{"not_picked":["Conserve Battery","Storm"],"picked":"Sunder","floor":5},{"not_picked":["Hologram","Streamline"],"picked":"Ball Lightning","floor":7},{"not_picked":["Leap","Rainbow"],"picked":"Conserve Battery","floor":8},{"not_picked":["Gash+1","Hello World"],"picked":"Streamline+1","floor":10},{"not_picked":["Gash+1","Hello World","Recycle"],"picked":"SKIP","floor":11},{"not_picked":["BootSequence","Heatsinks"],"picked":"Conserve Battery","floor":12},{"not_picked":["Hologram","Steam"],"picked":"Cold Snap+1","floor":14},{"not_picked":["Skim","Steam Power"],"picked":"Rebound+1","floor":15},{"not_picked":["Creative AI","All For One+1"],"picked":"Core Surge+1","floor":16},{"not_picked":["Sweeping Beam+1","Chill"],"picked":"Blizzard+1","floor":18},{"not_picked":["Rebound+1","Hologram+1"],"picked":"Beam Cell+1","floor":19},{"not_picked":["Sunder+1","Capacitor"],"picked":"Rebound+1","floor":21}],"player_experience":234386,"relics_obtained":[{"floor":7,"key":"Odd Mushroom"},{"floor":8,"key":"Molten Egg 2"},{"floor":9,"key":"Dream Catcher"}],"event_choices":[{"cards_removed":["Strike_B"],"damage_healed":0,"gold_gain":0,"player_choice":"Forget","damage_taken":0,"max_hp_gain":0,"max_hp_loss":0,"event_name":"Living Wall","floor":4,"gold_loss":0},{"damage_healed":0,"gold_gain":0,"player_choice":"Fought Mushrooms","damage_taken":0,"max_hp_gain":0,"max_hp_loss":0,"event_name":"Mushrooms","floor":7,"gold_loss":0},{"cards_removed":["Strike_B"],"damage_healed":0,"gold_gain":0,"player_choice":"Card Removal","damage_taken":7,"max_hp_gain":0,"max_hp_loss":0,"event_name":"Golden Wing","floor":13,"gold_loss":0},{"damage_healed":0,"gold_gain":0,"player_choice":"Obtained Relic","damage_taken":0,"relics_obtained":["Boot"],"max_hp_gain":0,"max_hp_loss":0,"event_name":"Addict","floor":22,"gold_loss":85}],"is_beta":false,"boss_relics":[{"not_picked":["Velvet Choker","Sozu"],"picked":"Empty Cage"}],"items_purged_floors":[20],"is_endless":false,"potions_floor_spawned":[3,7,8,16,18],"killed_by":"Gremlin Leader","ascension_level":7}}