{"host":"vfg9szunmpjwj08o","time":1614453403,"event":{"mods":["Act Like it!","BaseMod","BetterRewards","Bossed Relics","Challenge The Spire","Colored Map","Colored Powertips","Dark Map","Highlight Path","Minty Spire (QoL Compilation)","Quick Restart","Relic Stats","StSLib","Waifu the Spire","everything is the same but u backflip on backflip"],"gold_per_floor":[117,136,44,44,219,257,145,145,145,184,184,207,228,251,251,372,372,387,312,312,312],"floor_reached":20,"language":"ENG","playtime":633,"items_purged":["Doubt"],"score":321,"play_id":"24d0b916-961d-40f7-bb58-110c868e1328","local_time":"20210227201643","is_ascension_mode":true,"campfire_choices":[{"data":"Eruption","floor":8,"key":"SMITH"},{"data":"Discovery","floor":11,"key":"SMITH"},{"data":"PathToVictory","floor":15,"key":"SMITH"}],"circlet_count":0,"master_deck":["AscendersBane","Strike_P","Strike_P","Strike_P","Defend_P","Defend_P","Defend_P","Defend_P","Eruption+1","Vigilance","EmptyBody","CutThroughFate","Discovery+1","PathToVictory+1","InnerPeace","Vault"],"relics":["PureWater","NeowsBlessing","Golden Idol","MawBank","HornCleat","StrikeDummy","Fusion Hammer"],"acts_visited":["Exordium","TheCity"],"potions_floor_usage":[16,16],"damage_taken":[{"damage":0,"enemies":"Jaw Worm","floor":1,"turns":1},{"damage":0,"enemies":"2 Louse","floor":2,"turns":2},{"damage":0,"enemies":"3 Sentries","floor":6,"turns":1},{"damage":10,"enemies":"Lagavulin","floor":10,"turns":5},{"damage":1,"enemies":"Small Slimes","floor":12,"turns":4},{"damage":0,"enemies":"Exordium Wildlife","floor":13,"turns":3},{"damage":0,"enemies":"Large Slime","floor":14,"turns":2},{"damage":31,"enemies":"The Guardian","floor":16,"turns":9},{"damage":26,"enemies":"2 Thieves","floor":18,"turns":5},{"damage":54,"enemies":"Masked Bandits","floor":20,"turns":3}],"seed_played":"3361733054397243070","potions_obtained":[{"floor":2,"key":"FearPotion"},{"floor":10,"key":"Explosive Potion"},{"floor":13,"key":"DistilledChaos"}],"is_trial":false,"path_per_floor":["M","M","$","?","?","E","$","R","T","E","R","M","M","M","R","B",null,"M","?","?"],"character_chosen":"WATCHER","items_purchased":["Discovery","PathToVictory"],"campfire_rested":0,"item_purchase_floors":[3,7],"current_hp_per_floor":[65,65,65,47,47,47,47,47,47,37,37,36,36,36,36,5,55,29,29,0,0],"gold":312,"neow_bonus":"THREE_ENEMY_KILL","is_daily":false,"chose_seed":false,"campfire_upgraded":3,"win_rate":0.0,"timestamp":1614453403,"path_taken":["M","M","$","?","?","E","$","R","T","E","R","M","M","M","R","BOSS","M","?","?"],"items_purchased_type":["Card","Card"],"build_version":"2020-12-22","purchased_purges":1,"victory":false,"max_hp_per_floor":[72,72,72,72,72,72,72,72,72,72,72,72,72,72,72,72,72,72,72,72,72],"relic_stats":{"counters":[10,35],"Golden Idol":65,"MawBank":12,"obtain_stats":[{"HornCleat":9,"NeowsBlessing":0,"Golden Idol":4,"Fusion Hammer":17,"PureWater":0,"MawBank":6,"StrikeDummy":10},{"HornCleat":3,"NeowsBlessing":0,"Golden Idol":2,"Fusion Hammer":8,"PureWater":0,"MawBank":3,"StrikeDummy":4},{"HornCleat":4,"NeowsBlessing":0,"Golden Idol":3,"Fusion Hammer":27,"PureWater":0,"MawBank":4,"StrikeDummy":9}]},"card_choices":[{"not_picked":["Crescendo","CrushJoints"],"picked":"EmptyBody","floor":1},{"not_picked":["Consecrate","MentalFortress"],"picked":"CutThroughFate","floor":2},{"not_picked":["ReachHeaven","Blasphemy","Weave"],"picked":"SKIP","floor":6},{"not_picked":["Halt","EmptyBody","DeceiveReality"],"picked":"SKIP","floor":10},{"not_picked":["BowlingBash","Protect","FlurryOfBlows"],"picked":"SKIP","floor":12},{"not_picked":["Swivel","ClearTheMind","Worship"],"picked":"SKIP","floor":13},{"not_picked":["Pray","JustLucky"],"picked":"InnerPeace","floor":14},{"not_picked":["Devotion","Scrawl"],"picked":"Vault","floor":16},{"not_picked":["Evaluate","FlyingSleeves","CutThroughFate"],"picked":"SKIP","floor":18}],"player_experience":1123760,"relics_obtained":[{"floor":6,"key":"MawBank"},{"floor":9,"key":"HornCleat"},{"floor":10,"key":"StrikeDummy"}],"event_choices":[{"damage_healed":0,"gold_gain":0,"player_choice":"Take Damage","damage_taken":18,"relics_obtained":["Golden Idol"],"max_hp_gain":0,"max_hp_loss":0,"event_name":"Golden Idol","floor":4,"gold_loss":0},{"damage_healed":0,"gold_gain":175,"player_choice":"AGREE","damage_taken":0,"max_hp_gain":0,"max_hp_loss":0,"event_name":"Liars Game","floor":5,"gold_loss":0,"cards_obtained":["Doubt"]},{"cards_removed":["Strike_P"],"damage_healed":0,"gold_gain":0,"player_choice":"Gave Gold","damage_taken":0,"max_hp_gain":0,"max_hp_loss":0,"event_name":"Beggar","floor":19,"gold_loss":75},{"damage_healed":0,"gold_gain":0,"player_choice":"Fought Bandits","damage_taken":0,"max_hp_gain":0,"max_hp_loss":0,"event_name":"Masked Bandits","floor":20,"gold_loss":0}],"is_beta":false,"boss_relics":[{"not_picked":["Runic Dome","SlaversCollar"],"picked":"Fusion Hammer"}],"items_purged_floors":[7],"is_endless":false,"potions_floor_spawned":[2,10,13],"killed_by":"Masked Bandits","ascension_level":11}}