{"host":"30t73aj4w3oq1hk8","time":1614408294,"event":{"mods":["BaseMod","Colored Map","Colored Powertips","Minty Spire (QoL Compilation)","Random Character Button","StSLib"],"gold_per_floor":[112,112,32,46,57,86,86,86,86,86,12,12,12,12,12],"floor_reached":14,"language":"ENG","playtime":202,"items_purged":[],"score":112,"play_id":"b5a9efb6-43fd-4435-852d-73a583cd92ea","local_time":"20210227014454","is_ascension_mode":true,"campfire_choices":[{"data":"White Noise","floor":7,"key":"SMITH"},{"floor":10,"key":"REST"},{"floor":13,"key":"REST"}],"circlet_count":0,"master_deck":["Strike_B","Strike_B","Strike_B","Strike_B","Defend_B","Defend_B","Defend_B+1","Defend_B+1","Zap","Dualcast","Pain","White Noise","Leap","Auto Shields","White Noise+1","Self Repair","Injury"],"relics":["Cracked Core","NeowsBlessing","WarpedTongs","Turnip","Sundial","Golden Idol"],"acts_visited":["Exordium"],"potions_floor_usage":[14],"damage_taken":[{"damage":0,"enemies":"Cultist","floor":1,"turns":1},{"damage":0,"enemies":"Small Slimes","floor":4,"turns":1},{"damage":0,"enemies":"2 Louse","floor":5,"turns":1},{"damage":49,"enemies":"Lagavulin","floor":6,"turns":9},{"damage":50,"enemies":"Gremlin Nob","floor":14,"turns":4}],"seed_played":"-993046595097695030","potions_obtained":[{"floor":5,"key":"Block Potion"},{"floor":6,"key":"SkillPotion"}],"is_trial":false,"path_per_floor":["M","?","$","M","M","E","R","?","T","R","$","?","R","E"],"character_chosen":"DEFECT","items_purchased":["White Noise","Self Repair"],"campfire_rested":2,"item_purchase_floors":[3,11],"current_hp_per_floor":[68,68,68,68,68,19,19,4,4,26,26,26,48,0,0],"gold":12,"neow_bonus":"THREE_ENEMY_KILL","is_daily":false,"chose_seed":false,"campfire_upgraded":1,"win_rate":0.0,"timestamp":1614408294,"path_taken":["M","?","$","M","?","E","R","?","T","R","$","?","R","E"],"items_purchased_type":["Card","Card"],"build_version":"2020-12-22","purchased_purges":0,"victory":false,"max_hp_per_floor":[75,75,75,75,75,75,75,75,75,75,75,75,75,75,75],"card_choices":[{"not_picked":["Turbo","Scrape","Steam Power"],"picked":"SKIP","floor":1},{"not_picked":["FTL","Tempest"],"picked":"Leap","floor":4},{"not_picked":["Double Energy","Capacitor"],"picked":"Auto Shields","floor":5},{"not_picked":["Streamline","Gash"],"picked":"White Noise","floor":6}],"player_experience":754741,"relics_obtained":[{"floor":6,"key":"Turnip"},{"floor":9,"key":"Sundial"}],"event_choices":[{"damage_healed":0,"gold_gain":0,"player_choice":"Rummage","damage_taken":0,"relics_obtained":["WarpedTongs"],"max_hp_gain":0,"max_hp_loss":0,"event_name":"Accursed Blacksmith","floor":2,"gold_loss":0,"cards_obtained":["Pain"]},{"damage_healed":0,"gold_gain":0,"player_choice":"Entered Light","damage_taken":15,"max_hp_gain":0,"max_hp_loss":0,"event_name":"Shining Light","floor":8,"gold_loss":0,"cards_upgraded":["Defend_B","Defend_B"]},{"damage_healed":0,"gold_gain":0,"player_choice":"Take Wound","damage_taken":0,"relics_obtained":["Golden Idol"],"max_hp_gain":0,"max_hp_loss":0,"event_name":"Golden Idol","floor":12,"gold_loss":0,"cards_obtained":["Injury"]}],"is_beta":false,"boss_relics":[],"items_purged_floors":[],"is_endless":false,"potions_floor_spawned":[5,6],"killed_by":"Gremlin Nob","ascension_level":6}}