{"host":"sc0o2qwpf9j16a4i","time":1614426889,"event":{"mods":["AchievementEnabler","BaseMod","BetterRewards","Block Reminder","Colored Map","Colored Powertips","Custom Start","Highlight Path","Minty Spire (QoL Compilation)","Relic Stats"],"gold_per_floor":[118,133,133,145,145,174,202,202,270,270,295,295,8,19,19,118,118,138,138,138,153,8,41,41,61,61,61,78,78,112,112,112,216,216,234,247,247,258,271,297,316,316,316],"floor_reached":42,"language":"ENG","playtime":1392,"items_purged":[],"score":611,"play_id":"38c7c0ca-e29d-4d03-9542-6c51d9a2235e","local_time":"20210227135449","daily_mods":["Heirloom","Purple Cards","Binary"],"is_ascension_mode":false,"campfire_choices":[{"floor":8.0,"key":"REST"},{"floor":12.0,"key":"REST"},{"data":"Dramatic Entrance","floor":15.0,"key":"SMITH"},{"floor":24,"key":"REST"},{"data":"Devotion","floor":27,"key":"SMITH"},{"floor":32,"key":"REST"}],"circlet_count":0,"master_deck":["Strike_G","Strike_G","Strike_G","Strike_G","Strike_G","Defend_G","Defend_G","Defend_G","Defend_G","Defend_G","Survivor","Neutralize","Endless Agony","All Out Attack+1","Protect","FollowUp","DeceiveReality","Dramatic Entrance+1","Devotion+1","BowlingBash","Predator","Protect","Infinite Blades+1","Sanctity+1","Wraith Form v2","Consecrate+1","Adrenaline","ReachHeaven","Accuracy+1"],"relics":["Ring of the Snake","Unceasing Top","WingedGreaves","Bag of Marbles","Potion Belt","Matryoshka","NlothsMask","Pen Nib","Orichalcum","SlaversCollar","Lee\u0027s Waffle","Ninja Scroll","Question Card","Letter Opener","WristBlade","Strawberry"],"acts_visited":["Exordium","TheCity","TheBeyond"],"potions_floor_usage":[30,30,33,38,40,41,42,42],"damage_taken":[{"damage":0.0,"enemies":"2 Louse","floor":1.0,"turns":2.0},{"damage":1.0,"enemies":"Jaw Worm","floor":2.0,"turns":6.0},{"damage":0.0,"enemies":"Cultist","floor":4.0,"turns":3.0},{"damage":36.0,"enemies":"Gremlin Nob","floor":6.0,"turns":5.0},{"damage":5.0,"enemies":"3 Sentries","floor":7.0,"turns":5.0},{"damage":16.0,"enemies":"Gremlin Nob","floor":11.0,"turns":4.0},{"damage":2.0,"enemies":"Large Slime","floor":14.0,"turns":5.0},{"damage":4.0,"enemies":"Slime Boss","floor":16.0,"turns":6.0},{"damage":0.0,"enemies":"2 Thieves","floor":18.0,"turns":1.0},{"damage":1.0,"enemies":"Shell Parasite","floor":21.0,"turns":7.0},{"damage":31,"enemies":"Gremlin Leader","floor":23,"turns":11},{"damage":0,"enemies":"Centurion and Healer","floor":25,"turns":1},{"damage":25,"enemies":"Sentry and Sphere","floor":28,"turns":6},{"damage":3,"enemies":"Book of Stabbing","floor":30,"turns":5},{"damage":16,"enemies":"Collector","floor":33,"turns":8},{"damage":0,"enemies":"Orb Walker","floor":35,"turns":1},{"damage":0,"enemies":"3 Shapes","floor":36,"turns":1},{"damage":16,"enemies":"Transient","floor":38,"turns":5},{"damage":0,"enemies":"Sphere and 2 Shapes","floor":39,"turns":4},{"damage":0,"enemies":"Nemesis","floor":40,"turns":5},{"damage":67,"enemies":"Writhing Mass","floor":41,"turns":6},{"damage":6,"enemies":"Giant Head","floor":42,"turns":5}],"seed_played":"4219315099098808945","potions_obtained":[{"floor":4.0,"key":"SteroidPotion"},{"floor":6.0,"key":"FearPotion"},{"floor":11.0,"key":"DistilledChaos"},{"floor":25,"key":"SkillPotion"},{"floor":28,"key":"DistilledChaos"},{"floor":30,"key":"Ancient Potion"},{"floor":33,"key":"Energy Potion"},{"floor":36,"key":"Swift Potion"},{"floor":38,"key":"Weak Potion"},{"floor":40,"key":"AttackPotion"},{"floor":41,"key":"PowerPotion"}],"is_trial":true,"path_per_floor":["M","M","?","M","?","E","E","R","T","?","E","R","$","M","R","B",null,"M","$","?","M","$","E","R","M","T","R","M","?","E","?","R","B",null,"M","M","?","M","M","E","M","E"],"character_chosen":"THE_SILENT","items_purchased":["Orichalcum","Dramatic Entrance","Fire Potion","Lee\u0027s Waffle"],"campfire_rested":4,"item_purchase_floors":[13,13,13,22],"current_hp_per_floor":[70,69,69,69,69,33,28,49,49,49,33,54,54,52,52,48,70,70,70,70,69,77,46,69,69,69,69,44,30,27,27,51,35,82,82,82,82,66,66,73,6,0,0],"gold":316,"neow_bonus":"","is_daily":false,"chose_seed":false,"campfire_upgraded":2,"win_rate":0.0,"timestamp":1614426889,"path_taken":["M","M","?","M","?","E","E","R","T","?","E","R","$","?","R","BOSS","M","$","?","M","$","E","R","M","T","R","M","?","E","?","R","BOSS","M","M","?","M","M","E","M","E"],"items_purchased_type":["Relic","Card","Potion","Relic"],"build_version":"2020-12-22","purchased_purges":0,"victory":false,"max_hp_per_floor":[70,70,70,70,70,70,70,70,70,70,70,70,70,70,70,70,70,70,70,70,70,77,77,77,77,77,77,77,82,82,82,82,82,82,82,82,82,82,82,89,89,89,89],"relic_stats":{"Lee\u0027s Waffle":8,"counters":[22,102],"Pen Nib":[23],"Letter Opener":[36],"Orichalcum":[120],"Question Card":9,"obtain_stats":[{"Potion Belt":7,"Lee\u0027s Waffle":22,"Pen Nib":11,"Letter Opener":30,"Orichalcum":13,"Question Card":26,"SlaversCollar":17,"Matryoshka":9,"WristBlade":34,"Ninja Scroll":23,"Strawberry":40,"WingedGreaves":5,"Bag of Marbles":6,"Unceasing Top":0,"Ring of the Snake":0,"NlothsMask":10},{"Potion Belt":5,"Lee\u0027s Waffle":10,"Pen Nib":6,"Letter Opener":14,"Orichalcum":6,"Question Card":12,"SlaversCollar":8,"Matryoshka":5,"WristBlade":15,"Ninja Scroll":11,"Strawberry":20,"WingedGreaves":3,"Bag of Marbles":4,"Unceasing Top":0,"Ring of the Snake":0,"NlothsMask":5},{"Potion Belt":21,"Lee\u0027s Waffle":44,"Pen Nib":25,"Letter Opener":67,"Orichalcum":25,"Question Card":56,"SlaversCollar":36,"Matryoshka":21,"WristBlade":75,"Ninja Scroll":55,"Strawberry":91,"WingedGreaves":11,"Bag of Marbles":16,"Unceasing Top":0,"Ring of the Snake":0,"NlothsMask":21}],"Unceasing Top":[7],"Ring of the Snake":[46]},"card_choices":[{"not_picked":["Underhanded Strike"],"picked":"Endless Agony","floor":1.0},{"not_picked":["Meditate"],"picked":"All Out Attack","floor":2.0},{"not_picked":["EmptyBody"],"picked":"Protect","floor":4.0},{"not_picked":["Prostrate"],"picked":"FollowUp","floor":6.0},{"not_picked":["Slice"],"picked":"DeceiveReality","floor":7.0},{"not_picked":["Adaptation","Concentrate"],"picked":"SKIP","floor":11.0},{"not_picked":["Bouncing Flask","EmptyMind"],"picked":"SKIP","floor":14.0},{"not_picked":["MasterReality"],"picked":"Devotion","floor":16.0},{"not_picked":["Sucker Punch"],"picked":"BowlingBash","floor":18.0},{"not_picked":["Slice"],"picked":"Predator","floor":21.0},{"not_picked":["BowlingBash","Outmaneuver+1"],"picked":"SKIP","floor":23},{"not_picked":["TalkToTheHand"],"picked":"Protect","floor":25},{"not_picked":["Worship+1","Slice+1"],"picked":"Infinite Blades+1","floor":28},{"not_picked":["PathToVictory+1","Vengeance+1"],"picked":"Sanctity+1","floor":30},{"not_picked":["Grand Finale","Glass Knife"],"picked":"Wraith Form v2","floor":33},{"not_picked":["Halt+1","Acrobatics","BowlingBash+1"],"picked":"SKIP","floor":35},{"not_picked":["Heel Hook+1","Dodge and Roll","SashWhip"],"picked":"SKIP","floor":36},{"not_picked":["Underhanded Strike+1","Dodge and Roll"],"picked":"Consecrate+1","floor":38},{"not_picked":["WaveOfTheHand","Indignation"],"picked":"Adrenaline","floor":39},{"not_picked":["Evaluate","Doppelganger"],"picked":"ReachHeaven","floor":40},{"not_picked":["Acrobatics","Poisoned Stab"],"picked":"Accuracy+1","floor":41}],"player_experience":1588416,"relics_obtained":[{"floor":6.0,"key":"Bag of Marbles"},{"floor":7.0,"key":"Potion Belt"},{"floor":9.0,"key":"Matryoshka"},{"floor":11.0,"key":"Pen Nib"},{"floor":23,"key":"Ninja Scroll"},{"floor":26,"key":"Question Card"},{"floor":30,"key":"Letter Opener"},{"floor":40,"key":"Strawberry"}],"event_choices":[{"damage_healed":0.0,"max_hp_gain":0.0,"max_hp_loss":0.0,"gold_gain":0.0,"event_name":"Living Wall","player_choice":"Grow","floor":3.0,"gold_loss":0.0,"damage_taken":0.0,"cards_upgraded":["All Out Attack"]},{"damage_healed":0.0,"max_hp_gain":0.0,"max_hp_loss":0.0,"gold_gain":0.0,"event_name":"Big Fish","player_choice":"Box","floor":5.0,"gold_loss":0.0,"damage_taken":0.0,"relics_obtained":["WingedGreaves"],"cards_obtained":["Regret"]},{"damage_healed":0.0,"max_hp_gain":0.0,"max_hp_loss":0.0,"gold_gain":0.0,"event_name":"FaceTrader","player_choice":"Trade","floor":10.0,"gold_loss":0.0,"damage_taken":0.0,"relics_obtained":["NlothsMask"]},{"damage_healed":0.0,"max_hp_gain":0.0,"max_hp_loss":0.0,"gold_gain":0.0,"event_name":"Beggar","player_choice":"Ignored","floor":20.0,"gold_loss":0.0,"damage_taken":0.0},{"damage_healed":0,"gold_gain":0,"player_choice":"Shed Blood","damage_taken":19,"max_hp_gain":5,"max_hp_loss":0,"event_name":"Forgotten Altar","floor":29,"gold_loss":0},{"cards_removed":["Regret"],"damage_healed":0,"gold_gain":0,"player_choice":"Removed Curses","damage_taken":0,"max_hp_gain":0,"max_hp_loss":0,"event_name":"Fountain of Cleansing","floor":31,"gold_loss":0},{"damage_healed":0,"gold_gain":0,"player_choice":"Ignored","damage_taken":0,"max_hp_gain":0,"max_hp_loss":0,"event_name":"NoteForYourself","floor":37,"gold_loss":0}],"is_beta":false,"boss_relics":[{"not_picked":["Ring of the Serpent","Ectoplasm"],"picked":"SlaversCollar"},{"not_picked":["Philosopher\u0027s Stone","Empty Cage"],"picked":"WristBlade"}],"items_purged_floors":[],"is_endless":false,"potions_floor_spawned":[4,6,11,25,28,30,33,36,38,40,41],"killed_by":"Giant Head","ascension_level":0}}