{"host":"et0ypqa1uh5c1j5j","time":1614437538,"event":{"mods":["BaseMod","Colored Map","Colored Powertips","Minty Spire (QoL Compilation)","Relic Stats","StSLib"],"gold_per_floor":[129,183,1,1,1,1,101,101,101,161,9,74,133,169,169,272,272,309,348,390,425,465,465,525,525,595,92,150,150,211,288,288,387,387,426,426,376,419,1,54,145,205,276,338,399,451,120,177,177,202,252,252,261,34,59,59],"floor_reached":57,"language":"ENG","playtime":5636,"items_purged":["Strike_P","Strike_P","Strike_P","Defend_P"],"score":3125,"play_id":"2839002b-1d3d-43d8-b5a6-5089c5fc89ce","local_time":"20210227145218","is_ascension_mode":true,"campfire_choices":[{"data":"Eruption","floor":6,"key":"SMITH"},{"floor":8,"key":"REST"},{"floor":15,"key":"REST"},{"data":"BattleHymn","floor":23,"key":"SMITH"},{"data":"Wireheading","floor":25,"key":"SMITH"},{"data":"TalkToTheHand","floor":29,"key":"SMITH"},{"data":"CutThroughFate","floor":32,"key":"SMITH"},{"floor":49,"key":"RECALL"},{"floor":53,"key":"REST"}],"circlet_count":0,"master_deck":["AscendersBane","Strike_P+1","Defend_P+1","Defend_P+1","Defend_P+1","Eruption+1","Vigilance+1","HandOfGreed+1","FollowUp","CutThroughFate+1","EmptyMind","Crescendo+1","BowlingBash","Wireheading+1","Sanctity+1","Omniscience+1","FearNoEvil","BattleHymn+1","EmptyBody+1","Protect+1","ClearTheMind+1","Omniscience+1","TalkToTheHand+1","CrushJoints+1","Omniscience+1","MentalFortress+1","Tantrum","Meditate+1","FlurryOfBlows","ClearTheMind+1","ClearTheMind+1","Nirvana+1","MentalFortress"],"relics":["PureWater","Dead Branch","Toxic Egg 2","White Beast Statue","Philosopher\u0027s Stone","Mercury Hourglass","DollysMirror","Happy Flower","Yang","Turnip","Black Star","PreservedInsect","Bag of Marbles","Pear","Meat on the Bone","CeramicFish","Dream Catcher","Bird Faced Urn","Ice Cream","Toy Ornithopter","Mummified Hand","Melange","Bronze Scales","Oddly Smooth Stone","Orrery","Boot","War Paint"],"acts_visited":["Exordium","TheCity","TheBeyond","TheEnding"],"potions_floor_usage":[7,12,13,16,20,21,22,24,28,38,41,50,56,56],"damage_taken":[{"damage":7,"enemies":"Jaw Worm","floor":1,"turns":5},{"damage":0,"enemies":"Small Slimes","floor":2,"turns":4},{"damage":32,"enemies":"3 Sentries","floor":7,"turns":7},{"damage":0,"enemies":"2 Louse","floor":12,"turns":3},{"damage":12,"enemies":"Lagavulin","floor":13,"turns":5},{"damage":0,"enemies":"Large Slime","floor":14,"turns":2},{"damage":6,"enemies":"Slime Boss","floor":16,"turns":7},{"damage":0,"enemies":"Chosen","floor":18,"turns":2},{"damage":0,"enemies":"Spheric Guardian","floor":19,"turns":3},{"damage":3,"enemies":"Snake Plant","floor":20,"turns":2},{"damage":0,"enemies":"Shelled Parasite and Fungi","floor":21,"turns":1},{"damage":9,"enemies":"Snecko","floor":22,"turns":4},{"damage":0,"enemies":"3 Cultists","floor":24,"turns":5},{"damage":4,"enemies":"Gremlin Leader","floor":28,"turns":4},{"damage":2,"enemies":"Shelled Parasite and Fungi","floor":30,"turns":2},{"damage":0,"enemies":"Slavers","floor":31,"turns":5},{"damage":9,"enemies":"Automaton","floor":33,"turns":8},{"damage":0,"enemies":"Orb Walker","floor":35,"turns":3},{"damage":0,"enemies":"3 Darklings","floor":38,"turns":2},{"damage":5,"enemies":"Giant Head","floor":40,"turns":4},{"damage":12,"enemies":"4 Shapes","floor":41,"turns":6},{"damage":1,"enemies":"Reptomancer","floor":42,"turns":7},{"damage":3,"enemies":"Nemesis","floor":44,"turns":5},{"damage":0,"enemies":"Jaw Worm Horde","floor":45,"turns":1},{"damage":0,"enemies":"Giant Head","floor":46,"turns":6},{"damage":0,"enemies":"Reptomancer","floor":48,"turns":5},{"damage":26,"enemies":"Awakened One","floor":50,"turns":9},{"damage":4,"enemies":"Donu and Deca","floor":51,"turns":12},{"damage":0,"enemies":"Shield and Spear","floor":55,"turns":3},{"damage":25,"enemies":"The Heart","floor":56,"turns":8}],"seed_played":"-3556478462936867570","potions_obtained":[{"floor":2,"key":"SpeedPotion"},{"floor":7,"key":"Swift Potion"},{"floor":12,"key":"Regen Potion"},{"floor":13,"key":"EssenceOfSteel"},{"floor":16,"key":"SteroidPotion"},{"floor":18,"key":"Regen Potion"},{"floor":19,"key":"FearPotion"},{"floor":20,"key":"SteroidPotion"},{"floor":21,"key":"ColorlessPotion"},{"floor":22,"key":"FearPotion"},{"floor":24,"key":"DistilledChaos"},{"floor":28,"key":"LiquidBronze"},{"floor":30,"key":"DuplicationPotion"},{"floor":38,"key":"PowerPotion"},{"floor":41,"key":"FearPotion"},{"floor":48,"key":"Fire Potion"}],"is_trial":false,"path_per_floor":["M","M","$","?","?","R","E","R","T","?","$","M","E","M","R","B",null,"M","M","M","M","M","R","M","R","T","$","E","R","M","E","R","B",null,"M","?","?","M","$","E","M","E","T","E","M","E","$","E","R","B","B",null,"R","$","E","B",null],"character_chosen":"WATCHER","items_purchased":["Ambrosia","Crescendo+1","DollysMirror","Happy Flower","TalkToTheHand","PreservedInsect","Bag of Marbles","Meditate+1","Melange","ClearTheMind+1","Orrery","Ancient Potion"],"campfire_rested":3,"item_purchase_floors":[3,11,27,27,27,39,39,39,47,47,54,54],"current_hp_per_floor":[36,36,36,16,38,38,6,26,26,26,26,26,28,28,48,42,62,62,62,59,59,59,59,59,59,59,59,55,55,53,53,53,44,62,62,62,62,62,62,67,55,54,54,51,51,59,59,65,65,50,58,71,75,75,75,72],"gold":59,"neow_bonus":"RANDOM_COLORLESS_2","is_daily":false,"chose_seed":false,"campfire_upgraded":5,"win_rate":0.0,"timestamp":1614437538,"path_taken":["M","M","$","?","?","R","E","R","T","?","$","M","E","M","R","BOSS","M","M","M","M","M","R","M","R","T","$","E","R","M","E","R","BOSS","M","?","?","M","$","E","M","E","T","E","M","E","$","E","R","BOSS","BOSS","R","$","E","BOSS"],"items_purchased_type":["Potion","Card","Relic","Relic","Card","Relic","Relic","Card","Relic","Card","Relic","Potion"],"build_version":"2020-12-22","purchased_purges":4,"victory":true,"max_hp_per_floor":[68,68,68,68,68,68,68,68,68,68,68,68,68,68,68,68,68,68,68,68,68,68,68,68,68,68,68,68,68,68,68,68,68,68,68,65,65,65,65,75,75,75,75,75,75,75,75,75,75,75,75,75,75,75,75,75],"relic_stats":{"Happy Flower":[30],"counters":[30,139],"Dead Branch":[218],"CeramicFish":45,"Melange":[27],"Yang":[282],"PreservedInsect":510,"War Paint":["Defend_P","Vigilance"],"Boot":[25],"Mercury Hourglass":[368],"Dream Catcher":1,"Mummified Hand":[40],"Bird Faced Urn":[54],"Bronze Scales":[177],"Turnip":[2],"Black Star":6,"obtain_stats":[{"Ice Cream":44,"CeramicFish":42,"Melange":47,"Yang":28,"Boot":55,"Dream Catcher":42,"DollysMirror":27,"Mummified Hand":46,"Philosopher\u0027s Stone":17,"Toxic Egg 2":9,"Pear":40,"Happy Flower":27,"Dead Branch":7,"Oddly Smooth Stone":48,"PreservedInsect":39,"War Paint":55,"White Beast Statue":13,"Mercury Hourglass":26,"Bird Faced Urn":44,"Bronze Scales":48,"Orrery":54,"Turnip":31,"Black Star":34,"Bag of Marbles":39,"PureWater":0,"Toy Ornithopter":46,"Meat on the Bone":40},{"Ice Cream":23,"CeramicFish":22,"Melange":25,"Yang":14,"Boot":29,"Dream Catcher":22,"DollysMirror":13,"Mummified Hand":25,"Philosopher\u0027s Stone":7,"Toxic Egg 2":3,"Pear":20,"Happy Flower":13,"Dead Branch":3,"Oddly Smooth Stone":26,"PreservedInsect":19,"War Paint":29,"White Beast Statue":5,"Mercury Hourglass":13,"Bird Faced Urn":23,"Bronze Scales":26,"Orrery":28,"Turnip":16,"Black Star":17,"Bag of Marbles":19,"PureWater":0,"Toy Ornithopter":25,"Meat on the Bone":20},{"Ice Cream":95,"CeramicFish":90,"Melange":102,"Yang":54,"Boot":131,"Dream Catcher":90,"DollysMirror":50,"Mummified Hand":102,"Philosopher\u0027s Stone":33,"Toxic Egg 2":16,"Pear":77,"Happy Flower":50,"Dead Branch":16,"Oddly Smooth Stone":107,"PreservedInsect":73,"War Paint":131,"White Beast Statue":24,"Mercury Hourglass":50,"Bird Faced Urn":95,"Bronze Scales":107,"Orrery":128,"Turnip":60,"Black Star":68,"Bag of Marbles":73,"PureWater":0,"Toy Ornithopter":102,"Meat on the Bone":77}],"Toy Ornithopter":5,"Meat on the Bone":0},"card_choices":[{"not_picked":["The Bomb","Metamorphosis"],"picked":"HandOfGreed","floor":0},{"not_picked":["BowlingBash","Protect"],"picked":"FollowUp","floor":1},{"not_picked":["SashWhip","FlurryOfBlows"],"picked":"CutThroughFate","floor":2},{"not_picked":["FollowUp","Brilliance"],"picked":"EmptyMind","floor":7},{"not_picked":["JustLucky","Fasting2"],"picked":"BowlingBash","floor":12},{"not_picked":["WaveOfTheHand+1","Ragnarok"],"picked":"Wireheading","floor":13},{"not_picked":["FollowUp","CarveReality"],"picked":"Sanctity+1","floor":14},{"not_picked":["SpiritShield+1","Alpha+1"],"picked":"Omniscience+1","floor":16},{"not_picked":["EmptyMind+1","CrushJoints"],"picked":"FearNoEvil","floor":18},{"not_picked":["ForeignInfluence+1","WreathOfFlame+1"],"picked":"BattleHymn","floor":19},{"not_picked":["FlyingSleeves","PathToVictory+1","WreathOfFlame+1"],"picked":"SKIP","floor":20},{"not_picked":["ForeignInfluence+1","FlurryOfBlows"],"picked":"EmptyBody+1","floor":21},{"not_picked":["Crescendo+1","SignatureMove"],"picked":"Protect+1","floor":22},{"not_picked":["FollowUp","Judgement+1"],"picked":"ClearTheMind+1","floor":24},{"not_picked":["BowlingBash","Consecrate","Evaluate+1"],"picked":"SKIP","floor":28},{"not_picked":["Prostrate+1","PathToVictory+1","Halt+1"],"picked":"SKIP","floor":30},{"not_picked":["FlurryOfBlows","SpiritShield+1"],"picked":"CrushJoints+1","floor":31},{"not_picked":["LessonLearned","Blasphemy+1"],"picked":"Omniscience+1","floor":33},{"not_picked":["FollowUp+1","CutThroughFate"],"picked":"MentalFortress+1","floor":35},{"not_picked":["Pray+1","FlyingSleeves"],"picked":"Tantrum","floor":38},{"not_picked":["Halt+1","Pray+1","Establishment"],"picked":"SKIP","floor":40},{"not_picked":["EmptyFist","ClearTheMind+1","Conclude+1"],"picked":"SKIP","floor":41},{"not_picked":["Halt+1","Sanctity+1","Protect+1"],"picked":"SKIP","floor":42},{"not_picked":["Prostrate+1","Evaluate+1"],"picked":"FlurryOfBlows","floor":44},{"not_picked":["Consecrate","Brilliance","EmptyBody+1"],"picked":"SKIP","floor":45},{"not_picked":["EmptyBody+1","ForeignInfluence+1","EmptyFist"],"picked":"SKIP","floor":46},{"not_picked":["Crescendo+1","PathToVictory+1","CutThroughFate"],"picked":"SKIP","floor":48},{"not_picked":["Swivel+1","Evaluate+1"],"picked":"ClearTheMind+1","floor":53},{"not_picked":["FlurryOfBlows","CarveReality"],"picked":"Nirvana+1","floor":54},{"not_picked":["BattleHymn","SignatureMove"],"picked":"MentalFortress","floor":54},{"not_picked":["Swivel+1","Halt+1","ClearTheMind+1"],"picked":"SKIP","floor":55}],"player_experience":506225,"relics_obtained":[{"floor":7,"key":"Dead Branch"},{"floor":9,"key":"Toxic Egg 2"},{"floor":13,"key":"White Beast Statue"},{"floor":26,"key":"Mercury Hourglass"},{"floor":28,"key":"Yang"},{"floor":31,"key":"Turnip"},{"floor":40,"key":"Pear"},{"floor":40,"key":"Meat on the Bone"},{"floor":42,"key":"CeramicFish"},{"floor":42,"key":"Dream Catcher"},{"floor":44,"key":"Bird Faced Urn"},{"floor":44,"key":"Ice Cream"},{"floor":46,"key":"Toy Ornithopter"},{"floor":46,"key":"Mummified Hand"},{"floor":48,"key":"Bronze Scales"},{"floor":48,"key":"Oddly Smooth Stone"},{"floor":55,"key":"Boot"},{"floor":55,"key":"War Paint"}],"event_choices":[{"damage_healed":0,"gold_gain":0,"player_choice":"Entered Light","damage_taken":20,"max_hp_gain":0,"max_hp_loss":0,"event_name":"Shining Light","floor":4,"gold_loss":0,"cards_upgraded":["Strike_P","HandOfGreed"]},{"damage_healed":22,"gold_gain":0,"player_choice":"Banana","damage_taken":0,"max_hp_gain":0,"max_hp_loss":0,"event_name":"Big Fish","floor":5,"gold_loss":0},{"damage_healed":0,"gold_gain":60,"player_choice":"Gained Gold","damage_taken":0,"max_hp_gain":0,"max_hp_loss":0,"event_name":"Golden Wing","floor":10,"gold_loss":0},{"damage_healed":0,"gold_gain":0,"player_choice":"Max HP","damage_taken":0,"max_hp_gain":0,"max_hp_loss":3,"event_name":"Winding Halls","floor":36,"gold_loss":0},{"damage_healed":0,"gold_gain":0,"player_choice":"Upgraded Two","damage_taken":0,"max_hp_gain":0,"max_hp_loss":0,"event_name":"Designer","floor":37,"gold_loss":50,"cards_upgraded":["Defend_P","Defend_P"]}],"is_beta":false,"boss_relics":[{"not_picked":["Coffee Dripper","Runic Dome"],"picked":"Philosopher\u0027s Stone"},{"not_picked":["Calling Bell","Sozu"],"picked":"Black Star"}],"items_purged_floors":[3,11,27,47],"is_endless":false,"potions_floor_spawned":[2,7,12,13,14,16,18,19,20,21,22,24,28,30,31,33,35,38,40,41,42,44,45,46,48,55],"ascension_level":20}}