{"host":"uidy69bgx28xzt88","time":1614419868,"event":{"mods":["BaseMod","Minty Spire (QoL Compilation)","Relic Stats"],"gold_per_floor":[118,43,43,63,75,105,121,121,121,121,121,165,244,285,285,405,405,424,424,130,153,153,153,194,218,218,234,255,255,255,72,72,203,203,222,236,44,59,82,121,121,142,142,181,200,239,302,335,335,335,335,335,0,36,36],"floor_reached":56,"language":"ENG","playtime":3695,"items_purged":["Strike_B","Injury"],"score":1459,"play_id":"ddae7648-45e1-4548-a52e-5b8c957b263d","local_time":"20210227115748","is_ascension_mode":true,"campfire_choices":[{"data":"Loop","floor":8,"key":"SMITH"},{"data":"Zap","floor":11,"key":"SMITH"},{"data":"Rainbow","floor":15,"key":"SMITH"},{"floor":23,"key":"RECALL"},{"data":"Capacitor","floor":30,"key":"SMITH"},{"floor":32,"key":"REST"},{"floor":41,"key":"REST"},{"data":"Apotheosis","floor":49,"key":"SMITH"},{"data":"Defragment","floor":52,"key":"SMITH"}],"circlet_count":0,"master_deck":["Strike_B","Strike_B","Defend_B","Defend_B","Defend_B","Defend_B","Zap+1","Dualcast","Conserve Battery","Loop+1","Beam Cell","Machine Learning","Cold Snap","Coolheaded+1","Rainbow+1","Heatsinks","Force Field","Electrodynamics","Coolheaded+1","Capacitor+1","Aggregate+1","Skim+1","Capacitor+1","Apotheosis+1","Fusion+1","Reinforced Body","Glacier+1","Barrage+1","Hologram","Aggregate+1","Hologram","Barrage+1","Defragment+1","Hologram"],"relics":["Cracked Core","NeowsBlessing","Golden Idol","Pear","Bag of Marbles","Letter Opener","Black Star","Runic Capacitor","Gambling Chip","Eternal Feather","InkBottle","Mummified Hand","Runic Pyramid","Medical Kit","Blood Vial","Meat on the Bone","StoneCalendar","White Beast Statue","Dream Catcher","Bronze Scales","Lizard Tail","Pocketwatch","Symbiotic Virus","Gremlin Horn","Oddly Smooth Stone","Frozen Eye","Art of War","Blue Candle"],"acts_visited":["Exordium","TheCity","TheBeyond","TheEnding"],"potions_floor_usage":[12,16,21,28,33,38,47,50,54],"damage_taken":[{"damage":0,"enemies":"Cultist","floor":1,"turns":1},{"damage":0,"enemies":"Small Slimes","floor":4,"turns":1},{"damage":0,"enemies":"Jaw Worm","floor":5,"turns":1},{"damage":9,"enemies":"Lagavulin","floor":6,"turns":6},{"damage":0,"enemies":"Large Slime","floor":7,"turns":4},{"damage":44,"enemies":"Gremlin Nob","floor":12,"turns":6},{"damage":8,"enemies":"3 Sentries","floor":13,"turns":9},{"damage":0,"enemies":"Lagavulin","floor":14,"turns":5},{"damage":14,"enemies":"The Guardian","floor":16,"turns":10},{"damage":11,"enemies":"Shell Parasite","floor":18,"turns":7},{"damage":8,"enemies":"3 Byrds","floor":21,"turns":2},{"damage":36,"enemies":"Slavers","floor":24,"turns":3},{"damage":8,"enemies":"Snake Plant","floor":25,"turns":4},{"damage":6,"enemies":"Snecko","floor":27,"turns":4},{"damage":1,"enemies":"Centurion and Healer","floor":28,"turns":3},{"damage":18,"enemies":"Collector","floor":33,"turns":6},{"damage":25,"enemies":"3 Shapes","floor":35,"turns":3},{"damage":37,"enemies":"Orb Walker","floor":36,"turns":5},{"damage":4,"enemies":"Sphere and 2 Shapes","floor":38,"turns":3},{"damage":7,"enemies":"Writhing Mass","floor":39,"turns":6},{"damage":0,"enemies":"Nemesis","floor":40,"turns":9},{"damage":38,"enemies":"Spire Growth","floor":42,"turns":5},{"damage":0,"enemies":"Giant Head","floor":44,"turns":6},{"damage":5,"enemies":"Transient","floor":45,"turns":5},{"damage":12,"enemies":"Nemesis","floor":46,"turns":7},{"damage":0,"enemies":"Mind Bloom Boss Battle","floor":47,"turns":3},{"damage":0,"enemies":"Giant Head","floor":48,"turns":7},{"damage":35,"enemies":"Awakened One","floor":50,"turns":10},{"damage":50,"enemies":"Shield and Spear","floor":54,"turns":5},{"damage":24,"enemies":"The Heart","floor":55,"turns":8}],"seed_played":"5692720439791513111","potions_obtained":[{"floor":7,"key":"FearPotion"},{"floor":12,"key":"SteroidPotion"},{"floor":13,"key":"Strength Potion"},{"floor":16,"key":"GamblersBrew"},{"floor":24,"key":"SpeedPotion"},{"floor":25,"key":"Energy Potion"},{"floor":28,"key":"FearPotion"},{"floor":38,"key":"Strength Potion"},{"floor":45,"key":"EssenceOfSteel"},{"floor":46,"key":"Regen Potion"},{"floor":47,"key":"SteroidPotion"},{"floor":54,"key":"Explosive Potion"}],"is_trial":false,"path_per_floor":["M","$","?","M","M","E","M","R","T","?","R","E","?","E","R","B",null,"M","?","$","M","?","R","E","M","T","M","M","?","R","$","R","B",null,"M","M","$","M","M","E","R","M","T","E","M","E","?","E","R","B",null,"R","$","E","B",null],"character_chosen":"DEFECT","items_purchased":["Runic Capacitor","AttackPotion","Apotheosis","Medical Kit","AttackPotion","Oddly Smooth Stone","Frozen Eye","Hologram"],"campfire_rested":2,"item_purchase_floors":[20,20,31,37,37,53,53,53],"current_hp_per_floor":[75,75,75,75,75,66,66,66,66,66,66,32,24,24,24,10,85,74,74,74,66,66,66,30,22,22,16,15,15,27,27,64,46,85,60,23,23,19,12,12,52,28,28,42,51,53,64,66,84,50,85,85,85,47,37],"gold":36,"neow_bonus":"THREE_ENEMY_KILL","is_daily":false,"chose_seed":false,"campfire_upgraded":6,"win_rate":0.0,"timestamp":1614419868,"path_taken":["M","?","?","?","M","E","M","R","T","?","R","E","?","E","R","BOSS","M","?","$","?","?","R","E","M","T","M","M","?","R","$","R","BOSS","M","M","$","M","M","E","R","M","T","E","M","E","?","E","R","BOSS","R","$","E","BOSS"],"items_purchased_type":["Relic","Potion","Card","Relic","Potion","Relic","Relic","Card"],"build_version":"2020-12-22","purchased_purges":2,"victory":true,"max_hp_per_floor":[75,75,75,75,75,75,75,75,75,75,75,85,85,85,85,85,85,85,85,85,85,85,85,85,85,85,85,85,85,85,85,85,85,85,85,85,85,85,85,85,85,85,85,85,85,85,85,85,85,85,85,85,85,85,85],"relic_stats":{"Gremlin Horn":[4,4],"counters":[30,154],"Golden Idol":242,"Blue Candle":[0],"Eternal Feather":57,"StoneCalendar":[104],"Letter Opener":[556],"Medical Kit":[16],"Blood Vial":15,"Dream Catcher":0,"Lizard Tail":0,"Mummified Hand":[116],"Gambling Chip":[41],"Bronze Scales":[167],"Black Star":6,"Art of War":[4],"obtain_stats":[{"Gremlin Horn":48,"StoneCalendar":43,"Runic Capacitor":20,"Blood Vial":40,"Frozen Eye":53,"Dream Catcher":44,"Lizard Tail":46,"Mummified Hand":26,"Gambling Chip":22,"Cracked Core":0,"InkBottle":24,"Runic Pyramid":34,"Pear":12,"NeowsBlessing":0,"Golden Idol":10,"Blue Candle":54,"Oddly Smooth Stone":53,"Eternal Feather":24,"Letter Opener":14,"Medical Kit":37,"White Beast Statue":44,"Bronze Scales":46,"Bag of Marbles":13,"Black Star":17,"Art of War":54,"Symbiotic Virus":48,"Meat on the Bone":40,"Pocketwatch":47},{"Gremlin Horn":27,"StoneCalendar":22,"Runic Capacitor":10,"Blood Vial":21,"Frozen Eye":28,"Dream Catcher":23,"Lizard Tail":25,"Mummified Hand":13,"Gambling Chip":11,"Cracked Core":0,"InkBottle":12,"Runic Pyramid":16,"Pear":6,"NeowsBlessing":0,"Golden Idol":5,"Blue Candle":29,"Oddly Smooth Stone":28,"Eternal Feather":12,"Letter Opener":8,"Medical Kit":18,"White Beast Statue":23,"Bronze Scales":25,"Bag of Marbles":7,"Black Star":9,"Art of War":29,"Symbiotic Virus":27,"Meat on the Bone":21,"Pocketwatch":26},{"Gremlin Horn":131,"StoneCalendar":103,"Runic Capacitor":50,"Blood Vial":98,"Frozen Eye":141,"Dream Catcher":109,"Lizard Tail":121,"Mummified Hand":59,"Gambling Chip":52,"Cracked Core":0,"InkBottle":55,"Runic Pyramid":72,"Pear":19,"NeowsBlessing":0,"Golden Idol":13,"Blue Candle":146,"Oddly Smooth Stone":141,"Eternal Feather":55,"Letter Opener":33,"Medical Kit":80,"White Beast Statue":109,"Bronze Scales":121,"Bag of Marbles":28,"Black Star":43,"Art of War":146,"Symbiotic Virus":131,"Meat on the Bone":98,"Pocketwatch":124}],"InkBottle":[63],"Meat on the Bone":72,"Pocketwatch":[0]},"card_choices":[{"not_picked":["Redo","Auto Shields"],"picked":"Conserve Battery","floor":1},{"not_picked":["Conserve Battery","Redo"],"picked":"Beam Cell","floor":4},{"not_picked":["Chill","Consume"],"picked":"Machine Learning","floor":5},{"not_picked":["Steam Power","Gash"],"picked":"Cold Snap","floor":6},{"not_picked":["Steam","Streamline"],"picked":"Coolheaded","floor":7},{"not_picked":["Scrape","Fusion"],"picked":"Rainbow","floor":12},{"not_picked":["Streamline","Leap"],"picked":"Heatsinks","floor":13},{"not_picked":["Compile Driver","Stack"],"picked":"Force Field","floor":14},{"not_picked":["Seek","Meteor Strike"],"picked":"Electrodynamics","floor":16},{"not_picked":["Scrape","Rebound"],"picked":"Coolheaded+1","floor":18},{"not_picked":["Barrage","Coolheaded"],"picked":"Capacitor+1","floor":21},{"not_picked":["Doom and Gloom","Lockon"],"picked":"Aggregate+1","floor":24},{"not_picked":["Turbo+1","Conserve Battery"],"picked":"Skim+1","floor":25},{"not_picked":["Reinforced Body","Stack","Cold Snap"],"picked":"SKIP","floor":27},{"not_picked":["Genetic Algorithm","Compile Driver","Darkness+1"],"picked":"SKIP","floor":28},{"not_picked":["Compile Driver","Ball Lightning+1"],"picked":"Fusion+1","floor":35},{"not_picked":["Redo","Stack+1"],"picked":"Reinforced Body","floor":36},{"not_picked":["Reinforced Body+1","Sweeping Beam+1"],"picked":"Glacier+1","floor":38},{"not_picked":["Skim","Compile Driver","Stack"],"picked":"SKIP","floor":39},{"not_picked":["Streamline","Storm+1"],"picked":"Barrage+1","floor":40},{"not_picked":["Reinforced Body+1","Streamline+1","Turbo"],"picked":"SKIP","floor":42},{"not_picked":["BootSequence+1","Cold Snap+1"],"picked":"Hologram","floor":44},{"not_picked":["Hello World","Creative AI"],"picked":"Aggregate+1","floor":45},{"not_picked":["Recycle","Skim+1"],"picked":"Hologram","floor":46},{"not_picked":["Gash+1","Reinforced Body"],"picked":"Barrage+1","floor":47},{"not_picked":["Turbo+1","Steam+1"],"picked":"Defragment","floor":48},{"not_picked":["Sweeping Beam+1","Cold Snap","Hologram+1"],"picked":"SKIP","floor":54}],"player_experience":287635,"relics_obtained":[{"floor":12,"key":"Pear"},{"floor":13,"key":"Bag of Marbles"},{"floor":14,"key":"Letter Opener"},{"floor":24,"key":"Eternal Feather"},{"floor":24,"key":"InkBottle"},{"floor":26,"key":"Mummified Hand"},{"floor":40,"key":"Blood Vial"},{"floor":40,"key":"Meat on the Bone"},{"floor":43,"key":"StoneCalendar"},{"floor":44,"key":"White Beast Statue"},{"floor":44,"key":"Dream Catcher"},{"floor":46,"key":"Bronze Scales"},{"floor":46,"key":"Lizard Tail"},{"floor":47,"key":"Pocketwatch"},{"floor":48,"key":"Symbiotic Virus"},{"floor":48,"key":"Gremlin Horn"},{"floor":54,"key":"Art of War"},{"floor":54,"key":"Blue Candle"}],"event_choices":[{"damage_healed":0,"gold_gain":0,"cards_transformed":["Strike_B"],"player_choice":"Transformed","damage_taken":0,"max_hp_gain":0,"max_hp_loss":0,"event_name":"Transmorgrifier","floor":3,"gold_loss":0,"cards_obtained":["Loop"]},{"damage_healed":0,"gold_gain":0,"player_choice":"Take Wound","damage_taken":0,"relics_obtained":["Golden Idol"],"max_hp_gain":0,"max_hp_loss":0,"event_name":"Golden Idol","floor":10,"gold_loss":0,"cards_obtained":["Injury"]},{"damage_healed":0,"gold_gain":0,"player_choice":"Searched \u00271\u0027 times","damage_taken":0,"max_hp_gain":0,"max_hp_loss":0,"event_name":"Dead Adventurer","floor":13,"gold_loss":0},{"damage_healed":0,"gold_gain":0,"player_choice":"Upgraded","damage_taken":0,"max_hp_gain":0,"max_hp_loss":0,"event_name":"Upgrade Shrine","floor":19,"gold_loss":0,"cards_upgraded":["Coolheaded"]},{"damage_healed":0,"gold_gain":0,"player_choice":"Opened","damage_taken":0,"relics_obtained":["Gambling Chip"],"max_hp_gain":0,"max_hp_loss":0,"event_name":"The Mausoleum","floor":22,"gold_loss":0},{"damage_healed":0,"gold_gain":0,"player_choice":"Read","damage_taken":0,"max_hp_gain":0,"max_hp_loss":0,"event_name":"The Library","floor":29,"gold_loss":0,"cards_obtained":["Capacitor"]},{"damage_healed":0,"gold_gain":0,"player_choice":"Fight","damage_taken":0,"max_hp_gain":0,"max_hp_loss":0,"event_name":"MindBloom","floor":47,"gold_loss":0}],"is_beta":false,"boss_relics":[{"not_picked":["SacredBark","Busted Crown"],"picked":"Black Star"},{"not_picked":["Fusion Hammer","Calling Bell"],"picked":"Runic Pyramid"}],"items_purged_floors":[2,20],"is_endless":false,"potions_floor_spawned":[7,12,13,16,24,25,28,38,40,42,45,46,47,48,54],"ascension_level":1}}