{"host":"yq7vhdvcv08g2502","time":1614444601,"event":{"mods":["Act Like it!","BaseMod","Colored Powertips","Custom Start","Gensokyo","Marisa????????","Minty Spire (QoL Compilation)","Quick Restart","Reimu??????","StSLib","The Servant 0.9.4"],"gold_per_floor":[117,134,134,134,59,59,90,90,113,142,152,152,165,181,181,277,277,290,290,44,57,57,57],"floor_reached":22,"language":"ENG","playtime":2020,"items_purged":["Strike_Lin:ReiMu"],"score":211,"play_id":"40623957-8124-4bdc-b3b4-e4bb516f9286","local_time":"20210227165001","is_ascension_mode":true,"campfire_choices":[{"data":"Revelation:ReiMu","floor":6,"key":"SMITH"},{"data":"TightArray:ReiMu","floor":8,"key":"SMITH"},{"floor":15,"key":"REST"}],"circlet_count":0,"master_deck":["Strike_Lin:ReiMu","Strike_Lin:ReiMu","Strike_Lin:ReiMu","Defend_Lin:ReiMu","Defend_Lin:ReiMu","Defend_Lin:ReiMu","Defend_Lin:ReiMu","NB:ReiMu","Stagnation:ReiMu","Revelation:ReiMu+1","Conquer:ReiMu+1","TightArray:ReiMu+1","LearningPray:ReiMu","AlertArray:ReiMu","Determination:ReiMu","TightArray:ReiMu","SubcavityFantasy:ReiMu","SpiritualOutbreak2:ReiMu","BlazeAway+1","SafetyPray:ReiMu"],"relics":["FlyPower:ReiMu","Ornamental Fan","Nunchaku","Omamori","PreservedInsect","Pantograph","Black Star","Matryoshka"],"acts_visited":["Gensokyo:Gensokyo","Gensokyo:Gensokyoer"],"potions_floor_usage":[18,18],"damage_taken":[{"damage":8,"enemies":"Gensokyo:3_Fairies","floor":1,"turns":5},{"damage":7,"enemies":"Gensokyo:2_Kodama","floor":2,"turns":4},{"damage":6,"enemies":"Gensokyo:Aya","floor":7,"turns":6},{"damage":15,"enemies":"Gensokyo:Cirno","floor":10,"turns":5},{"damage":3,"enemies":"Gensokyo:Python","floor":11,"turns":4},{"damage":10,"enemies":"Gensokyo:CorruptedTreant","floor":13,"turns":7},{"damage":0,"enemies":"Gensokyo:LivingMonolith","floor":14,"turns":2},{"damage":5,"enemies":"Gensokyo:Reimu","floor":16,"turns":8},{"damage":33,"enemies":"Gensokyo:3_Dogs","floor":18,"turns":4},{"damage":4,"enemies":"Gensokyo:Chomper","floor":21,"turns":4},{"damage":36,"enemies":"Gensokyo:Monolith_and_Dog","floor":22,"turns":2}],"seed_played":"-5641871163868159727","potions_obtained":[{"floor":1,"key":"Ancient Potion"},{"floor":13,"key":"SkillPotion"},{"floor":14,"key":"SpeedPotion"},{"floor":21,"key":"SpeedPotion"}],"is_trial":false,"path_per_floor":["M","M","T","?","$","R","E","R","T","E","M","T","M","M","R","B",null,"M","?","$","M","M"],"character_chosen":"REIMU","items_purchased":["Matryoshka"],"campfire_rested":1,"item_purchase_floors":[20],"current_hp_per_floor":[63,56,56,56,56,56,50,50,50,35,32,32,22,22,43,63,71,38,38,38,34,0,0],"gold":57,"neow_bonus":"TEN_PERCENT_HP_BONUS","is_daily":false,"chose_seed":false,"campfire_upgraded":2,"win_rate":0.0,"timestamp":1614444601,"path_taken":["M","M","?","?","?","R","E","R","T","E","?","?","M","?","R","BOSS","M","?","$","M","?"],"items_purchased_type":["Relic"],"build_version":"2020-12-22","purchased_purges":1,"victory":false,"max_hp_per_floor":[71,71,71,71,71,71,71,71,71,71,71,71,71,71,71,71,71,71,71,71,71,71,71],"card_choices":[{"not_picked":["TightArray:ReiMu","WonderfulDomain:ReiMu"],"picked":"Revelation:ReiMu","floor":1},{"not_picked":["MountainWay:ReiMu","SubcavityInstant:ReiMu"],"picked":"Conquer:ReiMu","floor":2},{"not_picked":["OrbThrow:ReiMu","SpreadBorder2:ReiMu"],"picked":"TightArray:ReiMu","floor":7},{"not_picked":["FantasyBorder:ReiMu","PhosphorusFlame:ReiMu"],"picked":"LearningPray:ReiMu","floor":10},{"not_picked":["SpringWay:ReiMu","SubcavityInstant:ReiMu"],"picked":"AlertArray:ReiMu","floor":11},{"not_picked":["SubcavityInstant:ReiMu","OrbThrow:ReiMu"],"picked":"Determination:ReiMu","floor":13},{"not_picked":["AlertArray:ReiMu","OrbThrow:ReiMu"],"picked":"TightArray:ReiMu","floor":14},{"not_picked":["CleanRite:ReiMu","OctopathSalyBorderN:ReiMu"],"picked":"SubcavityFantasy:ReiMu","floor":16},{"not_picked":["CareerPray:ReiMu","AlertArray:ReiMu+1"],"picked":"SpiritualOutbreak2:ReiMu","floor":18},{"not_picked":["TightArray:ReiMu","OrbThrow:ReiMu"],"picked":"SafetyPray:ReiMu","floor":21}],"player_experience":330151,"relics_obtained":[{"floor":3,"key":"Ornamental Fan"},{"floor":7,"key":"Nunchaku"},{"floor":9,"key":"Omamori"},{"floor":10,"key":"PreservedInsect"},{"floor":12,"key":"Pantograph"}],"event_choices":[],"is_beta":false,"boss_relics":[{"not_picked":["Snecko Eye","Philosopher\u0027s Stone"],"picked":"Black Star"}],"items_purged_floors":[5],"is_endless":false,"potions_floor_spawned":[1,13,14,21],"killed_by":"Gensokyo:Monolith_and_Dog","ascension_level":2}}