{"host":"rtw1tnr74gozsrw1","time":1614457462,"event":{"mods":["BaseMod","Colored Map","Colored Powertips","Highlight Path","Infinite Spire","Minty Spire (QoL Compilation)","StSLib"],"gold_per_floor":[110,121,121,196,196,121,140,153,153,165,165,184,184,199,199,304,304,320,320,320,320,320,320,331,331,358,358,358],"floor_reached":27,"language":"ENG","playtime":553,"items_purged":["Strike_B"],"score":274,"play_id":"cc15f0b5-c3ac-4741-82b9-d08fb06e3470","local_time":"20210227212422","is_ascension_mode":true,"campfire_choices":[{"data":"Capacitor","floor":11,"key":"SMITH"},{"floor":13,"key":"REST"},{"data":"Electrodynamics","floor":15,"key":"SMITH"},{"data":"infinitespire:UltimateForm","floor":23,"key":"SMITH"},{"floor":25,"key":"REST"}],"circlet_count":0,"master_deck":["Strike_B","Strike_B","Defend_B","Defend_B","Defend_B","Defend_B","Zap","Dualcast","Capacitor+1","White Noise","White Noise","Electrodynamics+1","Amplify","infinitespire:UltimateForm+1"],"relics":["Cracked Core","NeowsBlessing","Blood Vial","Busted Crown","infinitespire:Beetle Shell"],"acts_visited":["Exordium","TheCity"],"potions_floor_usage":[24],"damage_taken":[{"damage":0,"enemies":"Cultist","floor":1,"turns":1},{"damage":0,"enemies":"2 Louse","floor":2,"turns":1},{"damage":0,"enemies":"Small Slimes","floor":7,"turns":1},{"damage":7,"enemies":"Looter","floor":8,"turns":4},{"damage":10,"enemies":"3 Louse","floor":10,"turns":5},{"damage":17,"enemies":"2 Fungi Beasts","floor":12,"turns":5},{"damage":12,"enemies":"Red Slaver","floor":14,"turns":4},{"damage":20,"enemies":"Slime Boss","floor":16,"turns":7},{"damage":22,"enemies":"2 Thieves","floor":18,"turns":2},{"damage":12,"enemies":"3 Byrds","floor":24,"turns":2},{"damage":54,"enemies":"Slavers","floor":27,"turns":2}],"seed_played":"1294824075117597750","potions_obtained":[{"floor":2,"key":"ColorlessPotion"},{"floor":8,"key":"FocusPotion"},{"floor":14,"key":"ColorlessPotion"},{"floor":16,"key":"Strength Potion"},{"floor":24,"key":"FocusPotion"}],"is_trial":false,"path_per_floor":["M","M","?","?","?","$","M","M","T","M","R","M","R","M","R","B",null,"M","?","?","?","?","R","M","R","T","E"],"character_chosen":"DEFECT","items_purchased":[],"campfire_rested":2,"item_purchase_floors":[],"current_hp_per_floor":[68,68,68,57,57,57,57,50,50,42,42,27,49,39,39,21,62,42,23,48,34,34,34,24,48,48,0,0],"gold":358,"neow_bonus":"THREE_ENEMY_KILL","is_daily":false,"chose_seed":false,"campfire_upgraded":3,"win_rate":0.0,"timestamp":1614457462,"path_taken":["M","M","?","?","?","$","M","M","T","M","R","?","R","M","R","BOSS","M","?","?","?","?","R","M","R","T","E"],"items_purchased_type":[],"build_version":"2020-12-22","purchased_purges":1,"victory":false,"max_hp_per_floor":[75,75,75,75,75,75,75,75,75,75,75,75,75,75,75,75,75,75,75,75,80,80,80,80,80,80,80,80],"card_choices":[{"not_picked":["Sweeping Beam","Go for the Eyes","Double Energy"],"picked":"SKIP","floor":1},{"not_picked":["Barrage","Scrape","Hello World"],"picked":"SKIP","floor":2},{"not_picked":["Ball Lightning","Coolheaded"],"picked":"Capacitor","floor":7},{"not_picked":["Go for the Eyes","Double Energy"],"picked":"White Noise","floor":8},{"not_picked":["Sunder","Sweeping Beam"],"picked":"White Noise","floor":10},{"not_picked":["Ball Lightning","Conserve Battery"],"picked":"Electrodynamics","floor":12},{"not_picked":["Go for the Eyes","Double Energy","Cold Snap"],"picked":"SKIP","floor":14},{"not_picked":["All For One","Seek"],"picked":"Amplify","floor":16},{"not_picked":["Doom and Gloom"],"picked":"SKIP","floor":18},{"not_picked":["infinitespire:Punishment","infinitespire:FutureSight"],"picked":"infinitespire:UltimateForm","floor":19},{"not_picked":["Cold Snap"],"picked":"SKIP","floor":24}],"player_experience":175165,"relics_obtained":[{"floor":9,"key":"Blood Vial"},{"floor":26,"key":"infinitespire:Beetle Shell"}],"event_choices":[{"damage_healed":0,"gold_gain":0,"player_choice":"Ignored","damage_taken":0,"max_hp_gain":0,"max_hp_loss":0,"event_name":"Golden Idol","floor":3,"gold_loss":0},{"damage_healed":0,"gold_gain":75,"player_choice":"Gather Gold","damage_taken":11,"max_hp_gain":0,"max_hp_loss":0,"event_name":"World of Goop","floor":4,"gold_loss":0},{"cards_removed":["Strike_B"],"damage_healed":0,"gold_gain":0,"player_choice":"Purged","damage_taken":0,"max_hp_gain":0,"max_hp_loss":0,"event_name":"Purifier","floor":5,"gold_loss":0},{"damage_healed":25,"gold_gain":0,"player_choice":"Heal","damage_taken":0,"max_hp_gain":0,"max_hp_loss":0,"event_name":"The Library","floor":20,"gold_loss":0},{"damage_healed":0,"gold_gain":0,"player_choice":"Shed Blood","damage_taken":19,"max_hp_gain":5,"max_hp_loss":0,"event_name":"Forgotten Altar","floor":21,"gold_loss":0},{"damage_healed":0,"gold_gain":0,"player_choice":"Ignored","damage_taken":0,"max_hp_gain":0,"max_hp_loss":0,"event_name":"Ghosts","floor":22,"gold_loss":0}],"is_beta":false,"boss_relics":[{"not_picked":["Ectoplasm","Coffee Dripper"],"picked":"Busted Crown"}],"items_purged_floors":[6],"is_endless":false,"potions_floor_spawned":[2,8,14,16,18,24],"killed_by":"Slavers","ascension_level":7}}