{"host":"s41rn2jhghpwfrvz","time":1614436116,"event":{"mods":["BaseMod","Minty Spire (QoL Compilation)","Quick Restart","Relic Stats","SuperFastMode"],"gold_per_floor":[111,129,149,149,74,104,104,114,114,143,161,187,199,214,214,285,285,300,350,14,14,29,54,71,143,167,193,193,203,234,251,251,330,330,340,355,139,139,150,179,196,229,229,255,267,293,293,214,214,214,214,214,214,6,40,40],"floor_reached":57,"language":"ENG","playtime":1634,"items_purged":["Hologram","Wallop","BootSequence"],"score":3858,"play_id":"b37976eb-0ac7-46f3-b59f-fea8e7dd5c06","local_time":"20210227162836","daily_mods":["SealedDeck","Diverse","Elite Swarm"],"is_ascension_mode":true,"campfire_choices":[{"data":"Prostrate","floor":7,"key":"SMITH"},{"data":"White Noise","floor":15,"key":"SMITH"},{"data":"Offering","floor":28,"key":"SMITH"},{"data":"DeusExMachina","floor":32,"key":"SMITH"},{"data":"Recycle","floor":47,"key":"SMITH"},{"floor":49,"key":"RECALL"},{"data":"Inflame","floor":53,"key":"SMITH"}],"circlet_count":0,"master_deck":["AscendersBane","Quick Slash","Blade Dance+1","Inflame+1","Disarm","Prostrate+1","White Noise+1","Seeing Red","DeusExMachina+1","Juggernaut+1","Feel No Pain+1","Pommel Strike+1","Feel No Pain+1","Offering+1","Offering+1","Recycle+1","Juggernaut+1","Adrenaline"],"relics":["Burning Blood","Anchor","Frozen Egg 2","Incense Burner","Toy Ornithopter","SacredBark","DollysMirror","Bag of Preparation","Bottled Tornado","Bottled Lightning","Nunchaku","Smiling Mask","Philosopher\u0027s Stone","Oddly Smooth Stone","PreservedInsect","Pocketwatch","Mummified Hand","Orichalcum","Unceasing Top","TheAbacus","Akabeko"],"acts_visited":["Exordium","TheCity","TheBeyond","TheEnding"],"potions_floor_usage":[10,12,56],"damage_taken":[{"damage":0,"enemies":"Cultist","floor":1,"turns":3},{"damage":0,"enemies":"Jaw Worm","floor":2,"turns":3},{"damage":6,"enemies":"Small Slimes","floor":3,"turns":3},{"damage":0,"enemies":"Lagavulin","floor":6,"turns":4},{"damage":7,"enemies":"Blue Slaver","floor":8,"turns":3},{"damage":0,"enemies":"Gremlin Nob","floor":10,"turns":3},{"damage":6,"enemies":"Exordium Thugs","floor":11,"turns":3},{"damage":0,"enemies":"3 Sentries","floor":12,"turns":5},{"damage":0,"enemies":"2 Fungi Beasts","floor":13,"turns":3},{"damage":0,"enemies":"Red Slaver","floor":14,"turns":3},{"damage":0,"enemies":"Slime Boss","floor":16,"turns":2},{"damage":0,"enemies":"3 Byrds","floor":18,"turns":4},{"damage":0,"enemies":"Spheric Guardian","floor":22,"turns":3},{"damage":0,"enemies":"Book of Stabbing","floor":23,"turns":4},{"damage":6,"enemies":"Shelled Parasite and Fungi","floor":24,"turns":3},{"damage":6,"enemies":"Gremlin Leader","floor":27,"turns":3},{"damage":6,"enemies":"Sentry and Sphere","floor":29,"turns":3},{"damage":0,"enemies":"Slavers","floor":30,"turns":3},{"damage":6,"enemies":"Snake Plant","floor":31,"turns":2},{"damage":1,"enemies":"Champ","floor":33,"turns":4},{"damage":6,"enemies":"3 Darklings","floor":35,"turns":2},{"damage":2,"enemies":"3 Shapes","floor":36,"turns":2},{"damage":12,"enemies":"Transient","floor":39,"turns":4},{"damage":2,"enemies":"Nemesis","floor":40,"turns":1},{"damage":12,"enemies":"Jaw Worm Horde","floor":41,"turns":1},{"damage":12,"enemies":"Giant Head","floor":42,"turns":1},{"damage":12,"enemies":"Reptomancer","floor":44,"turns":2},{"damage":12,"enemies":"Spire Growth","floor":45,"turns":1},{"damage":2,"enemies":"Nemesis","floor":46,"turns":1},{"damage":12,"enemies":"Awakened One","floor":50,"turns":2},{"damage":35,"enemies":"Time Eater","floor":51,"turns":5},{"damage":12,"enemies":"Shield and Spear","floor":55,"turns":1},{"damage":19,"enemies":"The Heart","floor":56,"turns":5}],"seed_played":"-1465690305899660440","potions_obtained":[{"floor":1,"key":"SteroidPotion"},{"floor":3,"key":"HeartOfIron"},{"floor":6,"key":"SteroidPotion"},{"floor":11,"key":"Dexterity Potion"},{"floor":13,"key":"SmokeBomb"},{"floor":14,"key":"SteroidPotion"}],"is_trial":true,"path_per_floor":["M","M","M","?","$","E","R","M","T","E","M","E","M","M","R","B",null,"M","?","$","?","M","E","M","T","T","E","R","M","E","M","R","B",null,"M","M","$","?","M","E","M","E","T","E","M","E","R","$","R","B","B",null,"R","$","E","B",null],"character_chosen":"IRONCLAD","items_purchased":["DollysMirror","Bag of Preparation","Oddly Smooth Stone","DuplicationPotion","TheAbacus"],"campfire_rested":0,"item_purchase_floors":[20,20,37,48,54],"current_hp_per_floor":[74,75,75,75,75,75,75,74,74,75,75,75,75,75,75,75,75,75,75,75,54,60,66,66,66,66,66,66,66,72,72,72,77,79,79,80,80,80,74,78,72,66,66,60,54,58,58,58,58,52,23,66,66,66,60,52],"gold":40,"neow_bonus":"","is_daily":false,"chose_seed":false,"campfire_upgraded":6,"win_rate":0.0,"timestamp":1614436116,"path_taken":["M","?","M","?","$","E","R","?","T","E","M","E","M","M","R","BOSS","M","?","?","?","M","E","M","?","T","E","R","?","E","M","R","BOSS","M","M","$","?","?","E","M","E","T","E","?","E","R","$","R","BOSS","BOSS","R","$","E","BOSS"],"items_purchased_type":["Relic","Relic","Relic","Potion","Relic"],"build_version":"2020-12-22","purchased_purges":3,"victory":true,"max_hp_per_floor":[75,75,75,75,75,75,75,75,75,75,75,75,75,75,75,75,75,75,75,75,80,80,80,80,80,80,80,80,80,80,80,80,80,80,80,80,80,80,80,80,80,80,80,80,80,80,80,80,80,80,80,80,80,80,80,80],"relic_stats":{"counters":[33,92],"PreservedInsect":318,"Bag of Preparation":[47],"Orichalcum":[0],"Smiling Mask":125,"Burning Blood":149,"Nunchaku":[24],"TheAbacus":[54],"Mummified Hand":[35],"obtain_stats":[{"SacredBark":17,"Oddly Smooth Stone":37,"PreservedInsect":40,"Incense Burner":10,"Bag of Preparation":20,"Frozen Egg 2":9,"Bottled Tornado":23,"Orichalcum":44,"Smiling Mask":30,"Burning Blood":0,"Akabeko":55,"Anchor":6,"Nunchaku":27,"TheAbacus":54,"DollysMirror":20,"Mummified Hand":43,"Philosopher\u0027s Stone":34,"Bottled Lightning":25,"Toy Ornithopter":12,"Unceasing Top":46,"Pocketwatch":42},{"SacredBark":11,"Oddly Smooth Stone":22,"PreservedInsect":24,"Incense Burner":6,"Bag of Preparation":12,"Frozen Egg 2":5,"Bottled Tornado":14,"Orichalcum":27,"Smiling Mask":18,"Burning Blood":0,"Akabeko":32,"Anchor":4,"Nunchaku":16,"TheAbacus":31,"DollysMirror":12,"Mummified Hand":26,"Philosopher\u0027s Stone":20,"Bottled Lightning":15,"Toy Ornithopter":8,"Unceasing Top":29,"Pocketwatch":26},{"SacredBark":35,"Oddly Smooth Stone":68,"PreservedInsect":73,"Incense Burner":19,"Bag of Preparation":39,"Frozen Egg 2":16,"Bottled Tornado":46,"Orichalcum":77,"Smiling Mask":58,"Burning Blood":0,"Akabeko":87,"Anchor":13,"Nunchaku":52,"TheAbacus":86,"DollysMirror":39,"Mummified Hand":75,"Philosopher\u0027s Stone":64,"Bottled Lightning":49,"Toy Ornithopter":27,"Unceasing Top":79,"Pocketwatch":75}],"Toy Ornithopter":5,"Unceasing Top":[2],"Pocketwatch":[0]},"card_choices":[{"not_picked":["Catalyst","Stack","Self Repair"],"picked":"SKIP","floor":1},{"not_picked":["Shrug It Off","Barrage","Dual Wield"],"picked":"SKIP","floor":2},{"not_picked":["FollowUp","Compile Driver","Devotion"],"picked":"SKIP","floor":3},{"not_picked":["Brutality","Electrodynamics","Storm of Steel"],"picked":"SKIP","floor":6},{"not_picked":["Wild Strike","Escape Plan","Rebound"],"picked":"SKIP","floor":8},{"not_picked":["Wraith Form v2+1","Unload"],"picked":"DeusExMachina","floor":10},{"not_picked":["Blood for Blood","Meditate","Cleave"],"picked":"SKIP","floor":11},{"not_picked":["Night Terror","Barricade+1"],"picked":"Juggernaut+1","floor":12},{"not_picked":["LikeWater+1","Hologram"],"picked":"Feel No Pain+1","floor":13},{"not_picked":["Flex","Footwork+1","PiercingWail"],"picked":"SKIP","floor":14},{"not_picked":["CutThroughFate","BowlingBash"],"picked":"Pommel Strike+1","floor":18},{"not_picked":["Stack","Dagger Throw+1","BattleHymn+1"],"picked":"SKIP","floor":22},{"not_picked":["Thunder Strike","Unload"],"picked":"Offering","floor":23},{"not_picked":["Halt","Flechettes","Flame Barrier"],"picked":"SKIP","floor":24},{"not_picked":["Envenom+1","Feed","Grand Finale"],"picked":"SKIP","floor":27},{"not_picked":["Sweeping Beam","Sentinel","FlyingSleeves"],"picked":"SKIP","floor":29},{"not_picked":["Burst","Bullet Time","Alpha"],"picked":"SKIP","floor":30},{"not_picked":["Sweeping Beam","FlyingSleeves","Self Repair+1"],"picked":"SKIP","floor":31},{"not_picked":["Echo Form+1","Bullet Time"],"picked":"Offering","floor":33},{"not_picked":["Clash","Static Discharge+1","Prepared"],"picked":"SKIP","floor":35},{"not_picked":["CrushJoints+1","Entrench","ClearTheMind"],"picked":"SKIP","floor":36},{"not_picked":["Sever Soul","Go for the Eyes"],"picked":"Recycle","floor":39},{"not_picked":["Bludgeon","Machine Learning+1","Blasphemy"],"picked":"SKIP","floor":40},{"not_picked":["Havoc","Pommel Strike","Reprogram"],"picked":"SKIP","floor":41},{"not_picked":["Malaise","Echo Form+1","Die Die Die"],"picked":"SKIP","floor":42},{"not_picked":["Corruption+1","Impervious","Feed"],"picked":"SKIP","floor":44},{"not_picked":["Halt","EmptyFist","Crescendo"],"picked":"SKIP","floor":45},{"not_picked":["Limit Break","Creative AI+1"],"picked":"Juggernaut+1","floor":46},{"not_picked":["Berserk+1","Night Terror"],"picked":"Adrenaline","floor":55}],"player_experience":2050862,"relics_obtained":[{"floor":6,"key":"Anchor"},{"floor":9,"key":"Frozen Egg 2"},{"floor":10,"key":"Incense Burner"},{"floor":12,"key":"Toy Ornithopter"},{"floor":23,"key":"Bottled Tornado"},{"floor":25,"key":"Bottled Lightning"},{"floor":27,"key":"Nunchaku"},{"floor":30,"key":"Smiling Mask"},{"floor":40,"key":"PreservedInsect"},{"floor":42,"key":"Pocketwatch"},{"floor":43,"key":"Mummified Hand"},{"floor":44,"key":"Orichalcum"},{"floor":46,"key":"Unceasing Top"},{"floor":55,"key":"Akabeko"}],"event_choices":[{"damage_healed":0,"gold_gain":0,"player_choice":"Upgraded","damage_taken":0,"max_hp_gain":0,"max_hp_loss":0,"event_name":"Upgrade Shrine","floor":4,"gold_loss":0,"cards_upgraded":["Blade Dance"]},{"damage_healed":0,"gold_gain":100,"player_choice":"Bet on Murderer","damage_taken":0,"max_hp_gain":0,"max_hp_loss":0,"event_name":"The Joust","floor":19,"gold_loss":50},{"damage_healed":0,"gold_gain":0,"player_choice":"Shed Blood","damage_taken":26,"max_hp_gain":5,"max_hp_loss":0,"event_name":"Forgotten Altar","floor":21,"gold_loss":0},{"damage_healed":0,"gold_gain":0,"player_choice":"Upgraded","damage_taken":0,"max_hp_gain":0,"max_hp_loss":0,"event_name":"Upgrade Shrine","floor":38,"gold_loss":0,"cards_upgraded":["Offering"]}],"is_beta":false,"boss_relics":[{"not_picked":["SlaversCollar","Cursed Key"],"picked":"SacredBark"},{"not_picked":["Fusion Hammer","Snecko Eye"],"picked":"Philosopher\u0027s Stone"}],"items_purged_floors":[5,37,54],"is_endless":false,"potions_floor_spawned":[1,3,6,11,13,14,18,22,24,35,36,44,45],"ascension_level":20}}