{"host":"wshey5htrz8rni6u","time":1614461278,"event":{"mods":["2.2 Compatiblity","BaseMod","Block Reminder","Colored Map","Colored Powertips","Current Relic Mod","Curses Come First","Dark Map","Key Reminder","Keyboard Shortcuts","Minty Spire (QoL Compilation)","Potion Indicator Mod","Quick Restart","Random Character Button","Relic Sorter","Relic Stats","StSLib","SuperFastMode","Unceasing Turn Reminder","UnlockEverythingMod","Weighted Paths"],"gold_per_floor":[17,17,30,30,43,43,74,74,74,74,135,161,175,100,100,173,173,191,191,91,291,308,335,335,367,367,383,433,433,445,479,479,553,553,565,582,593,42,59,59,59,59,59],"floor_reached":42,"language":"ENG","playtime":2356,"items_purged":["Pain","Venomology","Strike_G"],"score":958,"play_id":"489c513a-e310-4d36-88da-4dc9e50cba21","local_time":"20210227132758","is_ascension_mode":true,"campfire_choices":[{"data":"Neutralize","floor":6,"key":"SMITH"},{"data":"Adrenaline","floor":8,"key":"SMITH"},{"data":"Footwork","floor":10,"key":"SMITH"},{"floor":15,"key":"REST"},{"data":"Crippling Poison","floor":24,"key":"SMITH"},{"data":"Footwork","floor":29,"key":"SMITH"},{"data":"Footwork","floor":32,"key":"SMITH"},{"data":"Calculated Gamble","floor":40,"key":"SMITH"}],"circlet_count":0,"master_deck":["AscendersBane","Strike_G","Strike_G","Strike_G","Defend_G","Defend_G","Defend_G","Defend_G","Defend_G","Survivor","Neutralize+1","Grand Finale","Cloak And Dagger","Unload","Crippling Poison+1","Footwork+1","Adrenaline+1","Acrobatics","Blade Dance","Dagger Throw","Cloak And Dagger","Ghostly","Ghostly","Ghostly","Terror+1","Accuracy","Footwork+1","Backstab","Footwork+1","Doppelganger","Dagger Throw","Deflect+1","Flying Knee","Malaise","Calculated Gamble+1","Endless Agony","Leg Sweep","Footwork","Apotheosis","Flash of Steel","Metamorphosis"],"relics":["Ring of the Serpent","WarpedTongs","Meat on the Bone","Nunchaku","StrikeDummy","Odd Mushroom","Sozu","Blood Vial","Letter Opener","keyreminder:keyreminder","Tingsha","Pen Nib","Orrery"],"acts_visited":["Exordium","TheCity","TheBeyond"],"potions_floor_usage":[7,31],"damage_taken":[{"damage":0,"enemies":"2 Louse","floor":1,"turns":5},{"damage":13,"enemies":"Small Slimes","floor":3,"turns":5},{"damage":1,"enemies":"Cultist","floor":5,"turns":3},{"damage":14,"enemies":"3 Sentries","floor":7,"turns":13},{"damage":4,"enemies":"3 Sentries","floor":11,"turns":3},{"damage":4,"enemies":"The Mushroom Lair","floor":12,"turns":4},{"damage":12,"enemies":"Large Slime","floor":13,"turns":9},{"damage":25,"enemies":"Slime Boss","floor":16,"turns":12},{"damage":1,"enemies":"Chosen","floor":18,"turns":7},{"damage":2,"enemies":"Spheric Guardian","floor":22,"turns":4},{"damage":9,"enemies":"Slavers","floor":23,"turns":6},{"damage":10,"enemies":"Book of Stabbing","floor":25,"turns":5},{"damage":20,"enemies":"Cultist and Chosen","floor":27,"turns":7},{"damage":5,"enemies":"Snake Plant","floor":30,"turns":5},{"damage":5,"enemies":"Gremlin Leader","floor":31,"turns":5},{"damage":9,"enemies":"Automaton","floor":33,"turns":10},{"damage":1,"enemies":"3 Shapes","floor":35,"turns":5},{"damage":0,"enemies":"3 Darklings","floor":36,"turns":3},{"damage":0,"enemies":"Writhing Mass","floor":37,"turns":7},{"damage":2,"enemies":"Jaw Worm Horde","floor":39,"turns":4},{"damage":23,"enemies":"Reptomancer","floor":42,"turns":2}],"seed_played":"8827864969003584245","potions_obtained":[{"floor":5,"key":"Block Potion"},{"floor":12,"key":"DuplicationPotion"},{"floor":13,"key":"Poison Potion"}],"is_trial":false,"path_per_floor":["M","?","M","?","M","R","E","R","T","R","?","?","M","$","R","B",null,"M","?","$","?","M","E","R","E","T","M","?","R","M","E","R","B",null,"M","M","M","$","M","R","?","E"],"character_chosen":"THE_SILENT","items_purchased":["Pen Nib","Orrery","Footwork"],"campfire_rested":1,"item_purchase_floors":[38,38,38],"current_hp_per_floor":[59,59,46,46,45,45,31,31,31,31,39,35,35,35,54,41,60,59,33,33,33,31,22,22,26,26,20,20,20,17,26,26,19,30,31,33,33,33,31,31,21,0,0],"gold":59,"neow_bonus":"THREE_RARE_CARDS","is_daily":false,"chose_seed":false,"campfire_upgraded":7,"win_rate":0.0,"timestamp":1614461278,"path_taken":["M","?","M","?","?","R","E","R","T","R","?","?","M","$","R","BOSS","M","?","$","?","?","E","R","E","T","?","?","R","M","E","R","BOSS","M","M","M","$","M","R","?","E"],"items_purchased_type":["Relic","Relic","Card"],"build_version":"2020-12-13","purchased_purges":3,"victory":false,"max_hp_per_floor":[66,66,66,66,66,66,66,66,66,66,66,66,66,66,66,66,66,66,33,33,33,33,33,33,33,33,33,33,33,33,33,33,33,33,33,33,33,33,33,33,33,33,33],"relic_stats":{"Sozu":5,"Blood Vial":16,"Nunchaku":[24],"counters":[21,124],"Tingsha":[56],"Pen Nib":[1],"Letter Opener":[153],"obtain_stats":[{"Tingsha":31,"Pen Nib":38,"Letter Opener":25,"Odd Mushroom":12,"WarpedTongs":4,"Sozu":17,"Blood Vial":23,"keyreminder:keyreminder":26,"Nunchaku":9,"Orrery":38,"StrikeDummy":11,"Ring of the Serpent":34,"Ring of the Snake":0,"Meat on the Bone":7},{"Tingsha":15,"Pen Nib":19,"Letter Opener":12,"Odd Mushroom":6,"WarpedTongs":2,"Sozu":8,"Blood Vial":11,"keyreminder:keyreminder":12,"Nunchaku":4,"Orrery":19,"StrikeDummy":5,"Ring of the Serpent":16,"Ring of the Snake":0,"Meat on the Bone":4},{"Tingsha":93,"Pen Nib":118,"Letter Opener":76,"Odd Mushroom":33,"WarpedTongs":10,"Sozu":54,"Blood Vial":71,"keyreminder:keyreminder":76,"Nunchaku":26,"Orrery":118,"StrikeDummy":29,"Ring of the Serpent":103,"Ring of the Snake":0,"Meat on the Bone":26}],"WarpedTongs":[111],"Meat on the Bone":72},"card_choices":[{"not_picked":["After Image","Unload"],"picked":"Grand Finale","floor":0},{"not_picked":["Caltrops","Concentrate"],"picked":"Cloak And Dagger","floor":1},{"not_picked":["Blade Dance","Catalyst"],"picked":"Crippling Poison","floor":3},{"not_picked":["Acrobatics","Dagger Spray"],"picked":"Footwork","floor":5},{"not_picked":["Flying Knee","Quick Slash"],"picked":"Adrenaline","floor":7},{"not_picked":["Cloak And Dagger","Tactician"],"picked":"Acrobatics","floor":11},{"not_picked":["Noxious Fumes","Bane"],"picked":"Blade Dance","floor":12},{"not_picked":["Backflip","Eviscerate"],"picked":"Dagger Throw","floor":13},{"not_picked":["Doppelganger","Phantasmal Killer"],"picked":"Venomology","floor":16},{"not_picked":["Accuracy","Infinite Blades"],"picked":"Cloak And Dagger","floor":18},{"not_picked":["Calculated Gamble","Deadly Poison"],"picked":"Terror+1","floor":22},{"not_picked":["Finisher","Choke"],"picked":"Accuracy","floor":23},{"not_picked":["Slice+1","Deflect"],"picked":"Footwork","floor":25},{"not_picked":["Concentrate","Distraction"],"picked":"Backstab","floor":27},{"not_picked":["Deadly Poison","Flying Knee","Concentrate+1"],"picked":"SKIP","floor":30},{"not_picked":["Sucker Punch","Backflip"],"picked":"Footwork","floor":31},{"not_picked":["Grand Finale","Unload"],"picked":"Doppelganger","floor":33},{"not_picked":["Skewer","Outmaneuver"],"picked":"Dagger Throw","floor":35},{"not_picked":["Dagger Throw","Bullet Time"],"picked":"Deflect+1","floor":36},{"not_picked":["Dagger Throw","Eviscerate"],"picked":"Flying Knee","floor":37},{"not_picked":["Distraction+1","Slice+1"],"picked":"Malaise","floor":38},{"not_picked":["Prepared","Eviscerate"],"picked":"Calculated Gamble","floor":38},{"not_picked":["Deadly Poison","Distraction"],"picked":"Endless Agony","floor":38},{"not_picked":["Quick Slash","Adrenaline"],"picked":"Leg Sweep","floor":38},{"not_picked":["Noxious Fumes","Prepared","Underhanded Strike+1"],"picked":"SKIP","floor":39},{"not_picked":["Blind","The Bomb"],"picked":"Apotheosis","floor":41},{"not_picked":["The Bomb","Swift Strike"],"picked":"Flash of Steel","floor":41},{"not_picked":["PanicButton","Finesse"],"picked":"Metamorphosis","floor":41}],"player_experience":248596,"relics_obtained":[{"floor":7,"key":"Meat on the Bone"},{"floor":9,"key":"Nunchaku"},{"floor":11,"key":"StrikeDummy"},{"floor":12,"key":"Odd Mushroom"},{"floor":23,"key":"Blood Vial"},{"floor":25,"key":"Letter Opener"},{"floor":31,"key":"Tingsha"}],"event_choices":[{"damage_healed":0,"gold_gain":0,"cards_transformed":["Strike_G"],"player_choice":"Change","damage_taken":0,"max_hp_gain":0,"max_hp_loss":0,"event_name":"Living Wall","floor":2,"gold_loss":0,"cards_obtained":["Unload"]},{"damage_healed":0,"gold_gain":0,"player_choice":"Rummage","damage_taken":0,"relics_obtained":["WarpedTongs"],"max_hp_gain":0,"max_hp_loss":0,"event_name":"Accursed Blacksmith","floor":4,"gold_loss":0,"cards_obtained":["Pain"]},{"damage_healed":0,"gold_gain":0,"player_choice":"Searched \u00272\u0027 times","damage_taken":0,"max_hp_gain":0,"max_hp_loss":0,"event_name":"Dead Adventurer","floor":11,"gold_loss":0},{"damage_healed":0,"gold_gain":0,"player_choice":"Fought Mushrooms","damage_taken":0,"max_hp_gain":0,"max_hp_loss":0,"event_name":"Mushrooms","floor":12,"gold_loss":0},{"damage_healed":0,"gold_gain":0,"player_choice":"Became a Ghost","damage_taken":0,"max_hp_gain":0,"max_hp_loss":33,"event_name":"Ghosts","floor":19,"gold_loss":0,"cards_obtained":["Ghostly","Ghostly","Ghostly"]},{"damage_healed":0,"gold_gain":200,"player_choice":"Gold","damage_taken":0,"max_hp_gain":0,"max_hp_loss":0,"event_name":"Wheel of Change","floor":21,"gold_loss":0},{"damage_healed":0,"gold_gain":50,"player_choice":"Stole From Cult","damage_taken":0,"max_hp_gain":0,"max_hp_loss":0,"event_name":"Nest","floor":28,"gold_loss":0},{"damage_healed":0,"gold_gain":0,"player_choice":"Memory 3","damage_taken":10,"max_hp_gain":0,"max_hp_loss":0,"event_name":"SensoryStone","floor":41,"gold_loss":0}],"is_beta":false,"boss_relics":[{"not_picked":["Snecko Eye","WristBlade"],"picked":"Sozu"},{"not_picked":["Coffee Dripper","SacredBark"],"picked":"Ring of the Serpent"}],"items_purged_floors":[14,20,38],"is_endless":false,"potions_floor_spawned":[5,12,13,23,30,33,35],"killed_by":"Reptomancer","ascension_level":20}}