{"host":"k6em2cvcjtad463x","time":1614440126,"event":{"mods":["Act Like it!","BaseMod","KinomotoSakuraMod(Ä¾Ö®±¾Ó£)","Minty Spire (QoL Compilation)","StSLib"],"gold_per_floor":[116,216,236,236,236,236,254,268,314,327,361,381,381,392,392,490,490,503,520,533,566,566,566],"floor_reached":22,"language":"ZHS","playtime":3147,"items_purged":[],"score":190,"play_id":"88d786ba-80d6-4890-807f-082a4cc80b99","local_time":"20210227233526","is_ascension_mode":false,"campfire_choices":[{"floor":6.0,"key":"RECALL"},{"data":"ClowCardTheTwin","floor":15.0,"key":"SMITH"}],"circlet_count":0,"master_deck":["SakuraCardTheDream+","SakuraCardTheEarthy+","ClowCardTheSword","ClowCardTheSword","ClowCardTheSword","ClowCardTheSword","ClowCardTheShield","ClowCardTheShield","ClowCardTheShield","ClowCardTheShield","SpellCardSeal","SpellCardRelease","ClowCardTheWatery","ClowCardTheWave","ClowCardTheShadow","ClowCardTheWindy","ClowCardTheRain+1","ClowCardTheTwin+1","ClowCardTheFight","ClowCardTheIllusion","ClowCardTheShadow+1","ClowCardTheLock+1","ClowCardTheSand+1"],"relics":["KSMOD_SealedBook","KSMOD_SealedWand","Centennial Puzzle","Meat on the Bone","SlaversCollar","Red Mask"],"acts_visited":["Exordium","TheCity"],"potions_floor_usage":[],"damage_taken":[{"damage":0.0,"enemies":"Small Slimes","floor":1.0,"turns":2.0},{"damage":4.0,"enemies":"Cultist","floor":3.0,"turns":4.0},{"damage":8.0,"enemies":"2 Louse","floor":7.0,"turns":4.0},{"damage":15.0,"enemies":"Large Slime","floor":8.0,"turns":7.0},{"damage":5.0,"enemies":"2 Fungi Beasts","floor":10.0,"turns":6.0},{"damage":18.0,"enemies":"3 Sentries","floor":11.0,"turns":12.0},{"damage":21.0,"enemies":"Exordium Thugs","floor":12.0,"turns":8.0},{"damage":4.0,"enemies":"Lots of Slimes","floor":14.0,"turns":6.0},{"damage":19.0,"enemies":"Slime Boss","floor":16.0,"turns":13.0},{"damage":10.0,"enemies":"Shell Parasite","floor":18.0,"turns":5.0},{"damage":13.0,"enemies":"Spheric Guardian","floor":19.0,"turns":6.0},{"damage":9,"enemies":"3 Cultists","floor":20,"turns":10},{"damage":26,"enemies":"Masked Bandits","floor":21,"turns":8},{"damage":37,"enemies":"Shelled Parasite and Fungi","floor":22,"turns":5}],"seed_played":"5594458312279524353","potions_obtained":[{"floor":1.0,"key":"KSMOD_MagickBottle"},{"floor":7.0,"key":"FearPotion"},{"floor":8.0,"key":"Explosive Potion"},{"floor":12.0,"key":"EssenceOfSteel"},{"floor":19.0,"key":"BlessingOfTheForge"},{"floor":21,"key":"Fire Potion"}],"is_trial":false,"path_per_floor":["M","?","M","?","?","R","M","M","T","M","E","M","?","M","R","B",null,"M","M","M","?","M"],"character_chosen":"KINOMOTOSAKURA","items_purchased":[],"campfire_rested":0,"item_purchase_floors":[],"current_hp_per_floor":[77,77,73,70,75,75,67,52,52,47,29,20,20,28,28,21,82,72,59,50,36,0,0],"gold":566,"neow_bonus":"TEN_PERCENT_HP_BONUS","is_daily":false,"chose_seed":false,"campfire_upgraded":1,"win_rate":0.0,"timestamp":1614440126,"path_taken":["M","?","?","?","?","R","M","M","T","M","E","M","?","?","R","BOSS","M","?","M","?","M"],"items_purchased_type":[],"build_version":"2020-12-22","purchased_purges":0,"victory":false,"max_hp_per_floor":[77,77,77,77,82,82,82,82,82,82,82,82,82,82,82,82,82,82,82,82,82,82,82],"card_choices":[{"not_picked":["ClowCardTheSilent","ClowCardTheVoice"],"picked":"ClowCardTheWatery","floor":1.0},{"not_picked":["ClowCardTheShot","ClowCardTheLoop"],"picked":"ClowCardTheEarthy","floor":3.0},{"not_picked":["ClowCardTheMove","ClowCardTheLibra"],"picked":"ClowCardTheWave","floor":7.0},{"not_picked":["ClowCardTheJump","ClowCardTheSand"],"picked":"ClowCardTheDream","floor":8.0},{"not_picked":["ClowCardTheArrow","ClowCardTheFreeze"],"picked":"ClowCardTheShadow","floor":10.0},{"not_picked":["ClowCardTheChange","ClowCardTheLibra"],"picked":"ClowCardTheWindy","floor":11.0},{"not_picked":["ClowCardTheWood","ClowCardTheGlow"],"picked":"ClowCardTheRain","floor":12.0},{"not_picked":["ClowCardTheStorm","ClowCardTheErase"],"picked":"ClowCardTheTwin","floor":14.0},{"not_picked":["ClowCardTheThrough","ClowCardTheThunder"],"picked":"ClowCardTheFight","floor":16.0},{"not_picked":["ClowCardTheSilent","ClowCardTheShot"],"picked":"ClowCardTheIllusion","floor":18.0},{"not_picked":["ClowCardTheDream","ClowCardTheChange"],"picked":"ClowCardTheShadow+1","floor":19.0},{"not_picked":["ClowCardTheMist+1","ClowCardTheLibra"],"picked":"ClowCardTheLock+1","floor":20},{"not_picked":["ClowCardTheDream","ClowCardTheFloat"],"picked":"ClowCardTheSand+1","floor":21}],"player_experience":55494,"relics_obtained":[{"floor":11.0,"key":"Meat on the Bone"},{"floor":21,"key":"Red Mask"}],"event_choices":[{"damage_healed":0.0,"max_hp_gain":0.0,"max_hp_loss":0.0,"gold_gain":100.0,"event_name":"Wheel of Change","player_choice":"Gold","floor":2.0,"gold_loss":0.0,"damage_taken":0.0},{"damage_healed":0.0,"max_hp_gain":0.0,"max_hp_loss":0.0,"gold_gain":0.0,"event_name":"Scrap Ooze","player_choice":"Success","floor":4.0,"gold_loss":0.0,"damage_taken":3.0,"relics_obtained":["Centennial Puzzle"]},{"damage_healed":0.0,"max_hp_gain":5.0,"max_hp_loss":0.0,"gold_gain":0.0,"event_name":"Big Fish","player_choice":"Donut","floor":5.0,"gold_loss":0.0,"damage_taken":0.0},{"damage_healed":0.0,"max_hp_gain":0.0,"max_hp_loss":0.0,"gold_gain":0.0,"event_name":"Accursed Blacksmith","player_choice":"Forge","floor":13.0,"gold_loss":0.0,"damage_taken":0.0,"cards_upgraded":["ClowCardTheRain"]},{"damage_healed":0,"gold_gain":0,"player_choice":"Fought Bandits","damage_taken":0,"max_hp_gain":0,"max_hp_loss":0,"event_name":"Masked Bandits","floor":21,"gold_loss":0}],"is_beta":false,"boss_relics":[{"not_picked":["Coffee Dripper","Empty Cage"],"picked":"SlaversCollar"}],"items_purged_floors":[],"is_endless":false,"potions_floor_spawned":[1,7,8,12,19,21],"killed_by":"Shelled Parasite and Fungi","ascension_level":0}}