{"host":"gfxjwtol062e9znw","time":1614431840,"event":{"mods":["BaseMod","Colored Map","Minty Spire (QoL Compilation)","Rare Cards Sparkle","StSLib"],"gold_per_floor":[113,131,131,111,127,160,160,173,197,197,228,4,42,67,67,160,160,183,183,196,41,53,80,80,80,80,80,91,118,50,68,68,68,68],"floor_reached":33,"language":"ENG","playtime":1612,"items_purged":["Defend_R"],"score":503,"play_id":"30e1ea5c-e3f3-4edf-9a91-87bfe9daae02","local_time":"20210228001720","is_ascension_mode":true,"campfire_choices":[{"floor":7,"key":"REST"},{"floor":10,"key":"REST"},{"floor":15,"key":"REST"},{"floor":24,"key":"REST"},{"floor":32,"key":"REST"}],"circlet_count":0,"master_deck":["AscendersBane","Strike_R","Strike_R","Strike_R+1","Strike_R","Strike_R","Defend_R","Defend_R","Bash","Heavy Blade","Burning Pact","Infernal Blade","Twin Strike+1","Cleave","Pummel","Shrug It Off","Reaper","Rampage","Headbutt","Immolate","Hemokinesis","Shockwave","Perfected Strike","True Grit","Writhe","Pain","Intimidate+1","Rage+1","Rampage"],"relics":["Burning Blood","Bloody Idol","Happy Flower","Whetstone","Bag of Preparation","Mango","Cursed Key","ClockworkSouvenir","Incense Burner","Ancient Tea Set","Toxic Egg 2","Bird Faced Urn"],"acts_visited":["Exordium","TheCity"],"potions_floor_usage":[6,11,16,23,29,33],"damage_taken":[{"damage":7,"enemies":"Jaw Worm","floor":1,"turns":3},{"damage":10,"enemies":"Small Slimes","floor":2,"turns":3},{"damage":6,"enemies":"Cultist","floor":5,"turns":3},{"damage":32,"enemies":"3 Sentries","floor":6,"turns":9},{"damage":21,"enemies":"Blue Slaver","floor":8,"turns":3},{"damage":29,"enemies":"Gremlin Nob","floor":11,"turns":4},{"damage":17,"enemies":"Lagavulin","floor":13,"turns":6},{"damage":5,"enemies":"Gremlin Gang","floor":14,"turns":3},{"damage":58,"enemies":"The Guardian","floor":16,"turns":12},{"damage":16,"enemies":"Chosen","floor":18,"turns":4},{"damage":35,"enemies":"Shell Parasite","floor":20,"turns":4},{"damage":37,"enemies":"Snake Plant","floor":22,"turns":5},{"damage":30,"enemies":"Book of Stabbing","floor":23,"turns":4},{"damage":0,"enemies":"3 Cultists","floor":28,"turns":2},{"damage":59,"enemies":"Slavers","floor":29,"turns":4},{"damage":22,"enemies":"Chosen and Byrds","floor":31,"turns":6},{"damage":90,"enemies":"Champ","floor":33,"turns":8}],"seed_played":"-5601782924283465381","potions_obtained":[{"floor":4,"key":"PowerPotion"},{"floor":5,"key":"Swift Potion"},{"floor":11,"key":"FairyPotion"},{"floor":13,"key":"Swift Potion"},{"floor":22,"key":"Swift Potion"},{"floor":23,"key":"GamblersBrew"},{"floor":29,"key":"PowerPotion"}],"is_trial":false,"path_per_floor":["M","M","?","?","M","E","R","M","T","R","E","$","E","M","R","B",null,"M","?","M","$","M","E","R","?","T","$","M","E","$","M","R","B"],"character_chosen":"IRONCLAD","items_purchased":["Reaper","ClockworkSouvenir","Rage+1"],"campfire_rested":5,"item_purchase_floors":[12,21,30],"current_hp_per_floor":[71,67,47,47,47,21,45,30,30,54,31,31,38,42,70,24,77,67,67,49,49,27,39,67,67,67,67,78,42,42,39,67,0,0],"gold":68,"neow_bonus":"TRANSFORM_CARD","is_daily":false,"chose_seed":false,"campfire_upgraded":0,"win_rate":0.0,"timestamp":1614431840,"path_taken":["M","M","?","?","?","E","R","M","T","R","E","$","E","M","R","BOSS","M","?","M","$","M","E","R","?","T","?","?","E","$","M","R","BOSS"],"items_purchased_type":["Card","Relic","Card"],"build_version":"2020-12-22","purchased_purges":1,"victory":false,"max_hp_per_floor":[80,80,80,80,80,80,80,80,80,80,80,80,94,94,94,94,94,94,94,94,94,94,94,94,94,94,94,94,94,94,94,94,94,94],"card_choices":[{"not_picked":["Flex","Combust"],"picked":"Burning Pact","floor":1},{"not_picked":["Sever Soul","Dropkick"],"picked":"Infernal Blade","floor":2},{"not_picked":["Sword Boomerang","Armaments"],"picked":"Twin Strike","floor":5},{"not_picked":["Iron Wave","Heavy Blade"],"picked":"Cleave","floor":6},{"not_picked":["Sword Boomerang","Clash"],"picked":"Pummel","floor":8},{"not_picked":["Bloodletting","Whirlwind"],"picked":"Shrug It Off","floor":11},{"not_picked":["Intimidate","True Grit"],"picked":"Rampage","floor":13},{"not_picked":["Sword Boomerang","Flex"],"picked":"Headbutt","floor":14},{"not_picked":["Brutality","Barricade"],"picked":"Immolate","floor":16},{"not_picked":["Feel No Pain","Heavy Blade"],"picked":"Hemokinesis","floor":18},{"not_picked":["Sever Soul","Infernal Blade"],"picked":"Shockwave","floor":20},{"not_picked":["Armaments","Hemokinesis+1"],"picked":"Perfected Strike","floor":22},{"not_picked":["Shrug It Off","Blood for Blood"],"picked":"True Grit","floor":23},{"not_picked":["Barricade","True Grit+1"],"picked":"Intimidate+1","floor":28},{"not_picked":["Havoc+1","Sever Soul","Entrench+1"],"picked":"SKIP","floor":29},{"not_picked":["Sword Boomerang","Clothesline"],"picked":"Rampage","floor":31}],"player_experience":219263,"relics_obtained":[{"floor":6,"key":"Happy Flower"},{"floor":9,"key":"Whetstone"},{"floor":11,"key":"Bag of Preparation"},{"floor":13,"key":"Mango"},{"floor":23,"key":"Incense Burner"},{"floor":26,"key":"Toxic Egg 2"},{"floor":29,"key":"Bird Faced Urn"}],"event_choices":[{"damage_healed":0,"gold_gain":0,"player_choice":"Take Damage","damage_taken":20,"relics_obtained":["Golden Idol"],"max_hp_gain":0,"max_hp_loss":0,"event_name":"Golden Idol","floor":3,"gold_loss":0},{"damage_healed":0,"gold_gain":0,"player_choice":"Bought 1 Potion","damage_taken":0,"max_hp_gain":0,"max_hp_loss":0,"event_name":"The Woman in Blue","floor":4,"gold_loss":0},{"damage_healed":0,"gold_gain":0,"player_choice":"Gave Idol","damage_taken":0,"relics_obtained":["Bloody Idol"],"max_hp_gain":0,"max_hp_loss":0,"event_name":"Forgotten Altar","floor":19,"relics_lost":["Golden Idol"],"gold_loss":0},{"damage_healed":0,"gold_gain":0,"player_choice":"Opened","damage_taken":0,"relics_obtained":["Ancient Tea Set"],"max_hp_gain":0,"max_hp_loss":0,"event_name":"The Mausoleum","floor":25,"gold_loss":0,"cards_obtained":["Writhe"]}],"is_beta":false,"boss_relics":[{"not_picked":["Ectoplasm","Snecko Eye"],"picked":"Cursed Key"}],"items_purged_floors":[12],"is_endless":false,"potions_floor_spawned":[5,11,13,22,23,29],"killed_by":"Champ","ascension_level":13}}