{"host":"92108ef2q9tm8rod","time":1614400203,"event":{"mods":["BaseMod","Defuse TimeMaze Blight","Minty Spire (QoL Compilation)","StSLib","The Jungle"],"gold_per_floor":[115,128,128,146,161,161,186,210,210,228,228,261,261,281,281,384,384,402,418,437,453,453,453,487,487,487,507,540,552,562,580,580,678,678,688,461,461,476,320,355,405,416,493,493,524,542,553,553,553,553],"floor_reached":51,"language":"ENG","playtime":2740,"items_purged":["Protect"],"score":913,"play_id":"8af5490e-92df-49a5-b3b3-28e31e64ed37","local_time":"20210227043003","daily_mods":["SealedDeck","Purple Cards","Heirloom"],"is_ascension_mode":false,"campfire_choices":[{"data":"Prostrate","floor":6,"key":"SMITH"},{"data":"Loop","floor":11,"key":"SMITH"},{"data":"Loop","floor":13,"key":"SMITH"},{"data":"Go for the Eyes","floor":15,"key":"SMITH"},{"data":"Evaluate","floor":23,"key":"SMITH"},{"data":"Ball Lightning","floor":25,"key":"SMITH"},{"data":"Auto Shields","floor":32,"key":"SMITH"},{"data":"Melter","floor":44,"key":"SMITH"},{"floor":49,"key":"REST"}],"circlet_count":0,"master_deck":["Evaluate+1","Loop+1","Auto Shields+1","Go for the Eyes+1","Melter+1","Loop+1","Prostrate+1","Ball Lightning+1","Loop+1","Conserve Battery+1"],"relics":["Cracked Core","Prayer Wheel","Bag of Preparation","Odd Mushroom","Toxic Egg 2","Ornamental Fan","Busted Crown","Symbiotic Virus","Letter Opener","Torii","Nuclear Battery","DollysMirror","ClockworkSouvenir","StrikeDummy","Turnip","Kunai","StoneCalendar"],"acts_visited":["Exordium","Exordium","TheBeyond"],"potions_floor_usage":[16,30,33,35,35,45,47,50,50,50],"damage_taken":[{"damage":0,"enemies":"2 Louse","floor":1,"turns":2},{"damage":0,"enemies":"Small Slimes","floor":2,"turns":3},{"damage":0,"enemies":"Cultist","floor":4,"turns":3},{"damage":0,"enemies":"3 Louse","floor":5,"turns":4},{"damage":11,"enemies":"3 Sentries","floor":7,"turns":7},{"damage":1,"enemies":"The Mushroom Lair","floor":8,"turns":4},{"damage":0,"enemies":"Blue Slaver","floor":10,"turns":3},{"damage":0,"enemies":"Lagavulin","floor":12,"turns":5},{"damage":0,"enemies":"Large Slime","floor":14,"turns":4},{"damage":14,"enemies":"Hexaghost","floor":16,"turns":6},{"damage":0,"enemies":"theJungle:MUSHROOMGANG","floor":18,"turns":4},{"damage":0,"enemies":"Shell Parasite","floor":19,"turns":4},{"damage":3,"enemies":"theJungle:SlimyTreeVines","floor":20,"turns":6},{"damage":0,"enemies":"theJungle:2_Snecko_Cultists","floor":21,"turns":5},{"damage":0,"enemies":"theJungle:MamaSnecko","floor":24,"turns":6},{"damage":4,"enemies":"theJungle:2_Flameangoes","floor":27,"turns":5},{"damage":0,"enemies":"theJungle:Cassacara","floor":28,"turns":4},{"damage":0,"enemies":"theJungle:JungleHuntersEncounter","floor":29,"turns":5},{"damage":1,"enemies":"theJungle:2_Snecko_Cultists","floor":30,"turns":3},{"damage":0,"enemies":"theJungle:Lyon","floor":31,"turns":4},{"damage":2,"enemies":"theJungle:TotemBoss","floor":33,"turns":6},{"damage":0,"enemies":"3 Darklings","floor":35,"turns":5},{"damage":0,"enemies":"3 Shapes","floor":38,"turns":5},{"damage":0,"enemies":"Giant Head","floor":40,"turns":7},{"damage":0,"enemies":"Mind Bloom Boss Battle","floor":41,"turns":5},{"damage":0,"enemies":"Maw","floor":42,"turns":7},{"damage":80,"enemies":"Nemesis","floor":45,"turns":11},{"damage":0,"enemies":"Spire Growth","floor":46,"turns":4},{"damage":0,"enemies":"3 Darklings","floor":47,"turns":4},{"damage":20,"enemies":"Donu and Deca","floor":50,"turns":10}],"seed_played":"-6493994847494146561","potions_obtained":[{"floor":1,"key":"GamblersBrew"},{"floor":7,"key":"FocusPotion"},{"floor":12,"key":"LiquidBronze"},{"floor":14,"key":"DuplicationPotion"},{"floor":18,"key":"SmokeBomb"},{"floor":24,"key":"EntropicBrew"},{"floor":29,"key":"LiquidMemories"},{"floor":31,"key":"Weak Potion"},{"floor":38,"key":"Regen Potion"},{"floor":41,"key":"LiquidBronze"},{"floor":45,"key":"LiquidBronze"},{"floor":46,"key":"DistilledChaos"},{"floor":47,"key":"SkillPotion"}],"is_trial":true,"path_per_floor":["M","M","$","M","M","R","E","?","T","M","R","E","R","M","R","B",null,"M","M","M","M","?","R","E","R","T","M","E","M","M","M","R","B",null,"M","$","?","M","$","E","?","M","T","R","E","M","M","?","R","B",null],"character_chosen":"DEFECT","items_purchased":["DollysMirror","ClockworkSouvenir"],"campfire_rested":1,"item_purchase_floors":[36,39],"current_hp_per_floor":[75,75,75,75,75,75,64,63,63,63,63,63,63,63,63,49,75,75,75,72,72,75,75,75,75,75,71,71,71,70,70,70,68,75,75,75,71,71,71,71,71,71,71,71,5,5,5,5,26,6],"gold":553,"neow_bonus":"","is_daily":false,"chose_seed":false,"campfire_upgraded":8,"win_rate":0.0,"timestamp":1614400203,"path_taken":["M","M","$","M","M","R","E","?","T","M","R","E","R","M","R","BOSS","M","M","M","M","?","R","E","R","T","?","E","M","M","M","R","BOSS","M","$","?","M","$","E","?","M","T","R","E","M","M","?","R","BOSS"],"items_purchased_type":["Relic","Relic"],"build_version":"2020-12-22","purchased_purges":1,"victory":true,"max_hp_per_floor":[75,75,75,75,75,75,75,75,75,75,75,75,75,75,75,75,75,75,75,75,75,75,75,75,75,75,75,75,75,75,75,75,75,75,75,75,71,71,71,71,71,71,71,71,71,71,71,71,71,71],"card_choices":[{"not_picked":["Prostrate","Turbo","Streamline"],"picked":"SKIP","floor":1},{"not_picked":["Compile Driver","Gash","Leap"],"picked":"SKIP","floor":1},{"not_picked":["Worship","Turbo","Collect"],"picked":"SKIP","floor":2},{"not_picked":["Conserve Battery","DeceiveReality","Cold Snap"],"picked":"SKIP","floor":2},{"not_picked":["EmptyBody","Prostrate","BattleHymn"],"picked":"SKIP","floor":4},{"not_picked":["Heatsinks","Doom and Gloom","FollowUp"],"picked":"SKIP","floor":4},{"not_picked":["Melter","Rebound","Undo"],"picked":"SKIP","floor":5},{"not_picked":["Vengeance","Rebound","Stack"],"picked":"SKIP","floor":5},{"not_picked":["BowlingBash","FollowUp","Prostrate"],"picked":"SKIP","floor":7},{"not_picked":["Fusion+1","Sweeping Beam","EmptyBody+1"],"picked":"SKIP","floor":10},{"not_picked":["JustLucky","Crescendo+1","Streamline"],"picked":"SKIP","floor":10},{"not_picked":["SashWhip","DeceiveReality+1","Ball Lightning"],"picked":"SKIP","floor":12},{"not_picked":["DeceiveReality+1","Gash","Hologram+1"],"picked":"SKIP","floor":14},{"not_picked":["JustLucky","Evaluate+1","Blizzard"],"picked":"SKIP","floor":14},{"not_picked":["Leap+1"],"picked":"SKIP","floor":18},{"not_picked":["WindmillStrike"],"picked":"SKIP","floor":18},{"not_picked":["WindmillStrike+1"],"picked":"SKIP","floor":19},{"not_picked":["CrushJoints"],"picked":"SKIP","floor":19},{"not_picked":["Consume+1"],"picked":"SKIP","floor":20},{"not_picked":["Meditate+1"],"picked":"SKIP","floor":20},{"not_picked":["Prostrate+1"],"picked":"SKIP","floor":21},{"not_picked":["Fasting2"],"picked":"SKIP","floor":21},{"not_picked":["Brilliance"],"picked":"SKIP","floor":24},{"not_picked":["CutThroughFate+1"],"picked":"SKIP","floor":27},{"not_picked":["FlyingSleeves"],"picked":"SKIP","floor":27},{"not_picked":["FollowUp+1"],"picked":"SKIP","floor":28},{"not_picked":["Compile Driver+1"],"picked":"SKIP","floor":29},{"not_picked":["Tantrum+1"],"picked":"SKIP","floor":29},{"not_picked":["FearNoEvil"],"picked":"SKIP","floor":30},{"not_picked":["Crescendo+1"],"picked":"SKIP","floor":30},{"not_picked":["Sweeping Beam+1"],"picked":"SKIP","floor":31},{"not_picked":["Conclude+1"],"picked":"SKIP","floor":31},{"not_picked":["Evaluate+1"],"picked":"SKIP","floor":35},{"not_picked":["Halt+1"],"picked":"SKIP","floor":35},{"not_picked":["Leap+1"],"picked":"SKIP","floor":38},{"not_picked":["WheelKick"],"picked":"SKIP","floor":38},{"not_picked":["PathToVictory+1"],"picked":"SKIP","floor":40},{"not_picked":[],"picked":"Conserve Battery+1","floor":41},{"not_picked":["Rebound+1"],"picked":"SKIP","floor":42},{"not_picked":["EmptyBody+1"],"picked":"SKIP","floor":42},{"not_picked":["Seek+1"],"picked":"SKIP","floor":45},{"not_picked":["Rebound+1"],"picked":"SKIP","floor":46},{"not_picked":["FlyingSleeves"],"picked":"SKIP","floor":46},{"not_picked":["BowlingBash"],"picked":"SKIP","floor":47},{"not_picked":["Protect+1"],"picked":"SKIP","floor":47}],"player_experience":3478213,"relics_obtained":[{"floor":7,"key":"Bag of Preparation"},{"floor":8,"key":"Odd Mushroom"},{"floor":9,"key":"Toxic Egg 2"},{"floor":12,"key":"Ornamental Fan"},{"floor":24,"key":"Symbiotic Virus"},{"floor":26,"key":"Letter Opener"},{"floor":28,"key":"Torii"},{"floor":40,"key":"StrikeDummy"},{"floor":41,"key":"Turnip"},{"floor":43,"key":"Kunai"},{"floor":45,"key":"StoneCalendar"}],"event_choices":[{"damage_healed":0,"gold_gain":0,"player_choice":"Fought Mushrooms","damage_taken":0,"max_hp_gain":0,"max_hp_loss":0,"event_name":"Mushrooms","floor":8,"gold_loss":0},{"cards_removed":["Protect"],"damage_healed":5,"gold_gain":0,"player_choice":"Offered Common","damage_taken":0,"max_hp_gain":0,"max_hp_loss":0,"event_name":"Bonfire Elementals","floor":22,"gold_loss":0},{"cards_removed":["Protect"],"damage_healed":5,"gold_gain":0,"player_choice":"Offered Special","damage_taken":0,"max_hp_gain":0,"max_hp_loss":0,"event_name":"Bonfire Elementals","floor":22,"gold_loss":0},{"damage_healed":0,"gold_gain":0,"player_choice":"Max HP","damage_taken":0,"max_hp_gain":0,"max_hp_loss":4,"event_name":"Winding Halls","floor":37,"gold_loss":0},{"damage_healed":0,"gold_gain":0,"player_choice":"Fight","damage_taken":0,"max_hp_gain":0,"max_hp_loss":0,"event_name":"MindBloom","floor":41,"gold_loss":0},{"damage_healed":0,"gold_gain":0,"player_choice":"Ignored","damage_taken":0,"max_hp_gain":0,"max_hp_loss":0,"event_name":"NoteForYourself","floor":48,"gold_loss":0}],"is_beta":false,"boss_relics":[{"not_picked":["Snecko Eye","Black Star"],"picked":"Busted Crown"},{"not_picked":["Sozu","FrozenCore"],"picked":"Nuclear Battery"}],"items_purged_floors":[36],"is_endless":false,"potions_floor_spawned":[1,7,12,14,18,24,27,29,31,38,41,45,46,47],"ascension_level":0}}