{"host":"bplbr8uekuotory4","time":1614426744,"event":{"mods":["Act Like it!","BaseMod","GungeonMod","Hermit","KinomotoSakuraMod(ƒæ÷Æ±æ”£)","Marisa£®ÏF”Í°°ƒß¿Ì…≥£©","Minty Spire (QoL Compilation)","Prisma Mod","Quick Restart","Reimu£®≤©¿ˆ¡È√Œ£©","SOS£®Àπ∞Õ¥Ô÷Æ◊”£©","Spicy Shops","StSLib","TestMod","The Blackbeard","The Cursed","The Mystic","The Saiyan","The Senshi","The Servant 0.9.4","Yuri Mod","[IsaacMod]“‘»ˆº‚À˛"],"gold_per_floor":[111,111,186,203,203,203,228,35,114,146,165,175,175,189,189,285,285,296,296,296,19,33,33,65,65,146,166,266,24,24,37,37,140,140,156,170,222,222,235,266,16,16,16,0,28,28,58,58,58,58,58,58,19,45,45],"floor_reached":56,"language":"ZHS","playtime":1360,"items_purged":["theSenshi:SailorBlock","theSenshi:SailorBlock","theSenshi:SailorBlock","theSenshi:SailorKick","theSenshi:SailorBlock"],"score":2439,"play_id":"3b9e49c4-4afd-4637-ae0a-c3d7e021a0ac","local_time":"20210227195224","is_ascension_mode":true,"campfire_choices":[{"data":"theSenshi:MoonPrismPowerMakeUp","floor":6,"key":"SMITH"},{"data":"theSenshi:MoonPrincessHalation","floor":15,"key":"SMITH"},{"data":"theSenshi:RoseThrow","floor":23,"key":"SMITH"},{"data":"theSenshi:MoonCosmicPowerMakeUp","floor":25,"key":"SMITH"},{"floor":32,"key":"RECALL"},{"floor":42,"key":"REST"},{"data":"theSenshi:SailorKick","floor":46,"key":"SMITH"},{"data":"theSenshi:SailorKick","floor":49,"key":"SMITH"},{"floor":52,"key":"REST"}],"circlet_count":0,"master_deck":["AscendersBane","theSenshi:SailorKick+1","theSenshi:SailorKick+1","theSenshi:RoseThrow+1","theSenshi:MoonPrismPowerMakeUp+1","theSenshi:MoonPrincessHalation+1","theSenshi:CrisisMakeUp+1","theSenshi:MoonCosmicPowerMakeUp+1","theSenshi:MoonCrystalPowerMakeUp+1","theSenshi:MoonGorgeousMeditation+1","theSenshi:MoonEternalMakeUp+1","theSenshi:GatheringStrength+1"],"relics":["theSenshi:TransformationBroochRelic","testmod-TestBox","HushsDoor","GuppysTail","testmod-Fortitude","NeowsBlessing","Bag of Preparation","Mango","SteamSale","DemoMod:MeltedRock","BelialBook","testmod-CardMagician","GuppysPaw","Mummified Hand","Bag of Marbles","DemoMod:AgedBell","DeadEye","theSenshi:FeatherClipsRelic","Turnip","Molten Egg 2","Oddly Smooth Stone","DemoMod:BlueGuonStone","Black Star","GuppysHead","RottenBaby","DeathBook","DemoMod:Relodestone","DemoMod:GlassGuonStoneRelic","Leech","Ancient Tea Set","BFFS","Red Mask","Bronze Scales","Bottled Flame","Question Card","Akabeko","Lee\u0027s Waffle","BookOfRevelations","theSenshi:HolyMoonChaliceRelic"],"acts_visited":["Exordium","TheCity","TheBeyond","TheEnding"],"potions_floor_usage":[14,14,16,28,33,55,55,55],"damage_taken":[{"damage":0,"enemies":"2 Louse","floor":1,"turns":1},{"damage":0,"enemies":"Cultist","floor":4,"turns":1},{"damage":0,"enemies":"3 Sentries","floor":7,"turns":2},{"damage":22,"enemies":"Gremlin Nob","floor":10,"turns":4},{"damage":0,"enemies":"Small Slimes","floor":11,"turns":3},{"damage":25,"enemies":"Gremlin Gang","floor":12,"turns":3},{"damage":0,"enemies":"Blue Slaver","floor":14,"turns":4},{"damage":10,"enemies":"Hexaghost","floor":16,"turns":8},{"damage":18,"enemies":"Shell Parasite","floor":18,"turns":3},{"damage":12,"enemies":"Spheric Guardian","floor":22,"turns":4},{"damage":0,"enemies":"Gremlin Leader","floor":24,"turns":4},{"damage":11,"enemies":"Centurion and Healer","floor":27,"turns":4},{"damage":17,"enemies":"Colosseum Slavers","floor":28,"turns":3},{"damage":14,"enemies":"Colosseum Nobs","floor":28,"turns":3},{"damage":5,"enemies":"Shelled Parasite and Fungi","floor":31,"turns":4},{"damage":0,"enemies":"Champ","floor":33,"turns":5},{"damage":0,"enemies":"Orb Walker","floor":35,"turns":3},{"damage":0,"enemies":"3 Shapes","floor":36,"turns":1},{"damage":3,"enemies":"2 Orb Walkers","floor":37,"turns":2},{"damage":0,"enemies":"Sphere and 2 Shapes","floor":39,"turns":1},{"damage":0,"enemies":"Reptomancer","floor":40,"turns":1},{"damage":0,"enemies":"Giant Head","floor":45,"turns":3},{"damage":0,"enemies":"Reptomancer","floor":47,"turns":1},{"damage":0,"enemies":"Awakened One","floor":50,"turns":3},{"damage":0,"enemies":"Shield and Spear","floor":54,"turns":2},{"damage":0,"enemies":"The Heart","floor":55,"turns":5}],"seed_played":"-2738342586990813007","potions_obtained":[{"floor":4,"key":"SkillPotion"},{"floor":10,"key":"FearPotion"},{"floor":16,"key":"Weak Potion"},{"floor":22,"key":"SkillPotion"},{"floor":27,"key":"DemoMod:LeadSkinPotion"},{"floor":31,"key":"BlessingOfTheForge"},{"floor":36,"key":"EssenceOfSteel"},{"floor":40,"key":"ColorlessPotion"}],"is_trial":false,"path_per_floor":["M","?","?","M","?","R","E","$","T","E","M","M","?","M","R","B",null,"M","?","?","$","M","R","E","R","T","M","?","$","?","M","R","B",null,"M","M","?","?","M","E","$","R","T","?","E","R","E","?","R","B",null,"R","$","E","B",null],"character_chosen":"THE_SENSHI","items_purchased":["SteamSale","ColorlessPotion","GuppysPaw","Bag of Marbles","theSenshi:MoonCosmicPowerMakeUp","DemoMod:AgedBell","Oddly Smooth Stone","DemoMod:BlueGuonStone","GuppysHead","RottenBaby","DeathBook","theSenshi:MoonGorgeousMeditation+1","theSenshi:MoonEternalMakeUp","BFFS","Lee\u0027s Waffle"],"campfire_rested":2,"item_purchase_floors":[8,8,17,21,21,21,29,29,34,34,34,34,34,41,53],"current_hp_per_floor":[68,53,42,42,35,35,49,49,49,27,27,2,2,15,15,5,57,39,63,63,63,51,51,51,51,51,46,27,27,27,28,28,34,23,23,23,23,23,23,23,23,23,23,23,23,23,23,23,23,23,23,23,30,30,30],"gold":45,"neow_bonus":"THREE_ENEMY_KILL","is_daily":false,"chose_seed":false,"campfire_upgraded":6,"win_rate":0.0,"timestamp":1614426744,"path_taken":["M","?","?","?","?","R","E","$","T","E","M","M","?","M","R","BOSS","M","?","?","$","M","R","E","R","T","M","?","$","?","M","R","BOSS","M","?","?","?","?","E","$","R","T","?","E","R","E","?","R","BOSS","R","$","E","BOSS"],"items_purchased_type":["Relic","Potion","Relic","Relic","Card","Relic","Relic","Relic","Relic","Relic","Relic","Card","Card","Relic","Relic"],"build_version":"2020-12-22","purchased_purges":5,"victory":true,"max_hp_per_floor":[75,75,75,75,75,75,89,89,89,89,89,89,89,89,89,89,74,74,74,74,74,74,74,74,74,74,74,74,74,74,74,74,74,23,23,23,23,23,23,23,23,23,23,23,23,23,23,23,23,23,23,23,30,30,30],"card_choices":[{"not_picked":["theSenshi:SailorUranusAssists","theSenshi:VenusGlamour","theSenshi:TuxedoSmokingBomber"],"picked":"SKIP","floor":1},{"not_picked":["theSenshi:SailorStarMakerAssists","theSenshi:SailorChibiMoonAssists","theSenshi:MoonHealingEscalation"],"picked":"SKIP","floor":4},{"not_picked":["theSenshi:SailorStarMakerAssists","theSenshi:EncouragingSpeech"],"picked":"theSenshi:MoonPrincessHalation","floor":7},{"not_picked":["theSenshi:OdangoHead","theSenshi:InTheNickOfTime","theSenshi:Sidestep"],"picked":"SKIP","floor":10},{"not_picked":["theSenshi:Sidestep","theSenshi:MoonTiaraMagic","theSenshi:SilverMoonCrystalPowerKiss"],"picked":"SKIP","floor":11},{"not_picked":["theSenshi:MercurysCunning","theSenshi:LunasBite","theSenshi:TuxedoSmokingBomber"],"picked":"SKIP","floor":12},{"not_picked":["theSenshi:KlutzyLuck","theSenshi:SteeledNerves"],"picked":"Bomb","floor":14},{"not_picked":["theSenshi:MoonCosmicPowerMakeUp","theSenshi:KlutzyLuck"],"picked":"theSenshi:CrisisMakeUp+1","floor":18},{"not_picked":["theSenshi:Sidestep","theSenshi:NeptunesGrace+1","theSenshi:MercurysCunning"],"picked":"SKIP","floor":22},{"not_picked":["theSenshi:KlutzyLuck","theSenshi:LateForSchool+1"],"picked":"theSenshi:MoonCrystalPowerMakeUp+1","floor":24},{"not_picked":["theSenshi:SailorChibiMoonAssists","theSenshi:SailorStarMakerAssists","theSenshi:MoonPunch"],"picked":"SKIP","floor":27},{"not_picked":["theSenshi:MoonPunch+1","theSenshi:LateForSchool","theSenshi:TallSilhouette"],"picked":"SKIP","floor":31},{"not_picked":["theSenshi:MoonKick+1","theSenshi:HesSoDreamy+1","theSenshi:MoonPunch+1"],"picked":"SKIP","floor":35},{"not_picked":["theSenshi:LateForSchool","theSenshi:InTheNickOfTime+1","theSenshi:MoonsReflection"],"picked":"SKIP","floor":36},{"not_picked":["theSenshi:Sidestep","theSenshi:MoonPunch+1"],"picked":"theSenshi:GatheringStrength+1","floor":39},{"not_picked":["theSenshi:SailorStarHealerAssists","theSenshi:MoonlightKnight","theSenshi:HesSoDreamy+1"],"picked":"SKIP","floor":40},{"not_picked":["theSenshi:Sidestep","theSenshi:SailorStarMakerAssists","theSenshi:TallSilhouette+1"],"picked":"SKIP","floor":45},{"not_picked":["theSenshi:OdangoHead","theSenshi:SailorVenusAssists+1","theSenshi:Sidestep+1"],"picked":"SKIP","floor":47},{"not_picked":["theSenshi:SchoolBag+1","theSenshi:MercurysCunning+1","theSenshi:VenusGlamour+1","theSenshi:TuxedoSmokingBomber+1"],"picked":"SKIP","floor":54}],"player_experience":1207286,"relics_obtained":[{"floor":7,"key":"Mango"},{"floor":9,"key":"DemoMod:MeltedRock"},{"floor":10,"key":"BelialBook"},{"floor":24,"key":"DeadEye"},{"floor":26,"key":"theSenshi:FeatherClipsRelic"},{"floor":28,"key":"Turnip"},{"floor":28,"key":"Molten Egg 2"},{"floor":37,"key":"DemoMod:Relodestone"},{"floor":40,"key":"Leech"},{"floor":40,"key":"Ancient Tea Set"},{"floor":45,"key":"Bronze Scales"},{"floor":45,"key":"Bottled Flame"},{"floor":47,"key":"Question Card"},{"floor":47,"key":"Akabeko"},{"floor":54,"key":"BookOfRevelations"},{"floor":54,"key":"theSenshi:HolyMoonChaliceRelic"}],"event_choices":[{"damage_healed":0,"gold_gain":75,"player_choice":"Gather Gold","damage_taken":11,"max_hp_gain":0,"max_hp_loss":0,"event_name":"World of Goop","floor":3,"gold_loss":0},{"cards_removed":["theSenshi:SailorKick"],"damage_healed":0,"gold_gain":0,"player_choice":"Card Removal","damage_taken":7,"max_hp_gain":0,"max_hp_loss":0,"event_name":"Golden Wing","floor":5,"gold_loss":0},{"damage_healed":24,"gold_gain":0,"player_choice":"Heal","damage_taken":0,"max_hp_gain":0,"max_hp_loss":0,"event_name":"The Library","floor":19,"gold_loss":0},{"damage_healed":0,"gold_gain":0,"player_choice":"Opened","damage_taken":0,"relics_obtained":["Mummified Hand"],"max_hp_gain":0,"max_hp_loss":0,"event_name":"The Mausoleum","floor":20,"gold_loss":0},{"damage_healed":0,"gold_gain":0,"player_choice":"Fight","damage_taken":0,"max_hp_gain":0,"max_hp_loss":0,"event_name":"Colosseum","floor":28,"gold_loss":0},{"damage_healed":0,"gold_gain":0,"player_choice":"Fought Nobs","damage_taken":0,"max_hp_gain":0,"max_hp_loss":0,"event_name":"Colosseum","floor":28,"gold_loss":0},{"damage_healed":0,"gold_gain":0,"player_choice":"Ignored","damage_taken":0,"max_hp_gain":0,"max_hp_loss":0,"event_name":"Vampires","floor":30,"gold_loss":0},{"damage_healed":0,"gold_gain":0,"player_choice":"Fight","damage_taken":0,"max_hp_gain":0,"max_hp_loss":0,"event_name":"Mysterious Sphere","floor":37,"gold_loss":0},{"damage_healed":0,"gold_gain":0,"player_choice":"Forge","damage_taken":0,"max_hp_gain":0,"max_hp_loss":0,"event_name":"Accursed Blacksmith","floor":38,"gold_loss":0,"cards_upgraded":["theSenshi:MoonEternalMakeUp"]},{"damage_healed":0,"gold_gain":0,"player_choice":"Paid","damage_taken":0,"relics_obtained":["Red Mask"],"max_hp_gain":0,"max_hp_loss":0,"event_name":"Tomb of Lord Red Mask","floor":44,"gold_loss":16},{"damage_healed":0,"gold_gain":0,"player_choice":"Memory 1","damage_taken":0,"max_hp_gain":0,"max_hp_loss":0,"event_name":"SensoryStone","floor":48,"gold_loss":0}],"is_beta":false,"boss_relics":[{"not_picked":["SlaversCollar","testmod-Prudence"],"picked":"testmod-CardMagician"},{"not_picked":[]},{"not_picked":["Cursed Key","testmod-GoldenSoul"],"picked":"Black Star"},{"not_picked":[]}],"items_purged_floors":[17,29,34,41,41],"is_endless":false,"potions_floor_spawned":[4,10,16,22,24,27,31,36,40,45,54],"ascension_level":10}}