{"host":"2e3z4r48quhw80cc","time":1614432263,"event":{"mods":["BaseMod","Minty Spire (QoL Compilation)","Quick Restart","StSLib","SuperFastMode"],"gold_per_floor":[109,109,384,397,248,277,303,337,337,370,103,130,150,179,179,257,257,275,200,210,49,82,82,114,114,114,148,148,182,209,235,235,308,308,318,318,14,26,51,51],"floor_reached":39,"language":"KOR","playtime":1667,"items_purged":["Regret","Cold Snap","Redo"],"score":1363,"play_id":"76b74d8d-d177-496a-94ea-43de0297bc4f","local_time":"20210227222423","daily_mods":["Draft","Vintage","Heirloom","Time Dilation","Flight","DeadlyEvents","Elite Swarm"],"is_ascension_mode":true,"campfire_choices":[{"data":"Creative AI","floor":15.0,"key":"SMITH"},{"data":"Fission","floor":23.0,"key":"SMITH"},{"data":"Buffer","floor":25.0,"key":"SMITH"},{"data":"Recycle","floor":28.0,"key":"SMITH"},{"data":"Amplify","floor":32.0,"key":"SMITH"}],"circlet_count":0,"master_deck":["AscendersBane","FTL","Leap+1","Ball Lightning","Defragment","Recycle+1","Chaos","Heatsinks","Defragment","White Noise","Melter","Force Field+1","Loop","Echo Form","Creative AI+1","Electrodynamics","Buffer+1","Machine Learning","Fission+1","Seek","Amplify+1","Core Surge","CurseOfTheBell","Rainbow"],"relics":["Cracked Core","Mango","Letter Opener","Happy Flower","Bottled Lightning","Singing Bowl","Girya","Darkstone Periapt","Bird Faced Urn","Runic Capacitor","Centennial Puzzle","Regal Pillow","CaptainsWheel","Coffee Dripper","Ice Cream","DataDisk","Membership Card","Cables","Anchor","Toy Ornithopter","Meat on the Bone","Symbiotic Virus","TungstenRod","Bag of Marbles","Calling Bell","Ancient Tea Set","White Beast Statue","Incense Burner","Matryoshka","War Paint","Art of War","Pen Nib","PreservedInsect"],"acts_visited":["Exordium","TheCity","TheBeyond"],"potions_floor_usage":[],"damage_taken":[{"damage":0.0,"enemies":"Small Slimes","floor":1.0,"turns":2.0},{"damage":4.0,"enemies":"Cultist","floor":4.0,"turns":3.0},{"damage":28.0,"enemies":"3 Sentries","floor":6.0,"turns":6.0},{"damage":0.0,"enemies":"Gremlin Nob","floor":7.0,"turns":4.0},{"damage":8.0,"enemies":"Lagavulin","floor":8.0,"turns":5.0},{"damage":21.0,"enemies":"3 Sentries","floor":10.0,"turns":3.0},{"damage":0.0,"enemies":"Lagavulin","floor":12.0,"turns":6.0},{"damage":12.0,"enemies":"Jaw Worm","floor":13.0,"turns":4.0},{"damage":25.0,"enemies":"3 Sentries","floor":14.0,"turns":4.0},{"damage":10.0,"enemies":"Hexaghost","floor":16.0,"turns":8.0},{"damage":0.0,"enemies":"Spheric Guardian","floor":18.0,"turns":5.0},{"damage":12.0,"enemies":"Chosen","floor":20.0,"turns":4.0},{"damage":48.0,"enemies":"Slavers","floor":22.0,"turns":4.0},{"damage":14.0,"enemies":"Book of Stabbing","floor":24.0,"turns":3.0},{"damage":11.0,"enemies":"Gremlin Leader","floor":27.0,"turns":4.0},{"damage":19.0,"enemies":"Slavers","floor":29.0,"turns":3.0},{"damage":0.0,"enemies":"Gremlin Leader","floor":30.0,"turns":3.0},{"damage":6.0,"enemies":"Slavers","floor":31.0,"turns":3.0},{"damage":32.0,"enemies":"Collector","floor":33.0,"turns":4.0},{"damage":12.0,"enemies":"3 Darklings","floor":35.0,"turns":2.0},{"damage":0,"enemies":"Orb Walker","floor":38,"turns":4},{"damage":2,"enemies":"Nemesis","floor":39,"turns":6}],"seed_played":"-499081916453224071","potions_obtained":[{"floor":1.0,"key":"ColorlessPotion"},{"floor":8.0,"key":"AttackPotion"},{"floor":10.0,"key":"Weak Potion"},{"floor":16.0,"key":"BlessingOfTheForge"},{"floor":30.0,"key":"Energy Potion"},{"floor":31.0,"key":"SteroidPotion"},{"floor":33.0,"key":"Explosive Potion"},{"floor":35.0,"key":"Strength Potion"}],"is_trial":true,"path_per_floor":["M","?","?","M","$","E","E","E","T","E","$","E","M","E","R","B",null,"M","?","M","$","E","R","E","R","T","E","R","E","E","E","R","B",null,"M","?","$","M","E"],"character_chosen":"DEFECT","items_purchased":["Loop","Runic Capacitor","Membership Card","Rainbow","War Paint","Art of War"],"campfire_rested":0,"item_purchase_floors":[5,11,21,37,37,37],"current_hp_per_floor":[78,71,71,67,67,39,39,31,31,10,10,36,42,39,39,69,84,89,89,89,89,57,57,59,59,59,76,76,71,91,93,93,81,98,95,95,95,101,103,103],"gold":51,"neow_bonus":"","is_daily":false,"chose_seed":false,"campfire_upgraded":5,"win_rate":0.0,"timestamp":1614432263,"path_taken":["M","?","?","?","?","E","E","E","T","E","$","?","?","E","R","BOSS","M","?","?","?","?","R","E","R","T","E","R","E","E","E","R","BOSS","M","?","?","M","?"],"items_purchased_type":["Card","Relic","Relic","Card","Relic","Relic"],"build_version":"2020-12-22","purchased_purges":3,"victory":false,"max_hp_per_floor":[85,85,85,85,85,85,85,85,85,85,85,85,85,87,87,89,89,89,89,89,89,89,89,89,89,89,91,91,91,91,93,93,95,101,101,101,101,101,103,103],"card_choices":[{"not_picked":["Leap","Darkness"],"picked":"FTL","floor":0.0},{"not_picked":["Turbo","Stack"],"picked":"Leap","floor":0.0},{"not_picked":["Gash","Redo"],"picked":"Cold Snap","floor":0.0},{"not_picked":["Go for the Eyes","Hologram"],"picked":"Ball Lightning","floor":0.0},{"not_picked":["Cold Snap","Scrape"],"picked":"Sweeping Beam","floor":0.0},{"not_picked":["Gash","Cold Snap"],"picked":"Defragment","floor":0.0},{"not_picked":["Barrage","Steam"],"picked":"Recycle","floor":0.0},{"not_picked":["Conserve Battery","Rip and Tear"],"picked":"Chaos","floor":0.0},{"not_picked":["Ball Lightning","Redo"],"picked":"Heatsinks","floor":0.0},{"not_picked":["Steam","Steam Power"],"picked":"Sweeping Beam","floor":0.0},{"not_picked":["Force Field","Sunder"],"picked":"Defragment","floor":0.0},{"not_picked":["Streamline","Consume"],"picked":"White Noise","floor":0.0},{"not_picked":["Sweeping Beam","Rebound"],"picked":"Redo","floor":0.0},{"not_picked":["Go for the Eyes","Streamline"],"picked":"Melter","floor":0.0},{"not_picked":["Stack","Chaos"],"picked":"Force Field","floor":0.0},{"not_picked":["Multi-Cast","Rainbow"],"picked":"Echo Form","floor":6.0},{"not_picked":["Seek","Reboot"],"picked":"Creative AI","floor":7.0},{"not_picked":["Multi-Cast","Machine Learning"],"picked":"Electrodynamics","floor":8.0},{"not_picked":["Fission","Amplify"],"picked":"Buffer","floor":10.0},{"not_picked":["Echo Form","Reboot"],"picked":"Machine Learning","floor":12.0},{"not_picked":["Reboot","Hyperbeam","Machine Learning"],"picked":"Singing Bowl","floor":14.0},{"not_picked":["Multi-Cast","All For One","Electrodynamics"],"picked":"Singing Bowl","floor":16.0},{"not_picked":["Core Surge","All For One"],"picked":"Fission","floor":22.0},{"not_picked":["Thunder Strike","Biased Cognition"],"picked":"Seek","floor":24.0},{"not_picked":["Biased Cognition","Machine Learning","Rainbow"],"picked":"Singing Bowl","floor":27.0},{"not_picked":["All For One","Buffer"],"picked":"Amplify","floor":29.0},{"not_picked":["Reboot","Rainbow"],"picked":"Core Surge","floor":30.0},{"not_picked":["Multi-Cast","Electrodynamics","Machine Learning"],"picked":"Singing Bowl","floor":31.0},{"not_picked":["Machine Learning","Core Surge","Multi-Cast"],"picked":"Singing Bowl","floor":33.0},{"not_picked":["Reboot","Creative AI","Meteor Strike"],"picked":"Singing Bowl","floor":39}],"player_experience":212973,"relics_obtained":[{"floor":1.0,"key":"Letter Opener"},{"floor":4.0,"key":"Happy Flower"},{"floor":6.0,"key":"Bottled Lightning"},{"floor":7.0,"key":"Singing Bowl"},{"floor":8.0,"key":"Girya"},{"floor":9.0,"key":"Darkstone Periapt"},{"floor":10.0,"key":"Bird Faced Urn"},{"floor":12.0,"key":"Centennial Puzzle"},{"floor":13.0,"key":"Regal Pillow"},{"floor":14.0,"key":"CaptainsWheel"},{"floor":18.0,"key":"Ice Cream"},{"floor":20.0,"key":"DataDisk"},{"floor":22.0,"key":"Cables"},{"floor":24.0,"key":"Anchor"},{"floor":26.0,"key":"Toy Ornithopter"},{"floor":27.0,"key":"Meat on the Bone"},{"floor":29.0,"key":"Symbiotic Virus"},{"floor":30.0,"key":"TungstenRod"},{"floor":31.0,"key":"Bag of Marbles"},{"floor":34.0,"key":"Ancient Tea Set"},{"floor":34.0,"key":"White Beast Statue"},{"floor":34.0,"key":"Incense Burner"},{"floor":35.0,"key":"Matryoshka"},{"floor":38,"key":"Pen Nib"},{"floor":39,"key":"PreservedInsect"}],"event_choices":[{"cards_removed":["Sweeping Beam"],"damage_healed":0.0,"max_hp_gain":0.0,"max_hp_loss":0.0,"gold_gain":0.0,"event_name":"Golden Wing","player_choice":"Card Removal","floor":2.0,"gold_loss":0.0,"damage_taken":7.0},{"damage_healed":0.0,"max_hp_gain":0.0,"max_hp_loss":0.0,"gold_gain":275.0,"event_name":"Golden Shrine","player_choice":"Desecrate","floor":3.0,"gold_loss":0.0,"damage_taken":0.0,"cards_obtained":["Regret"]},{"cards_removed":["Sweeping Beam"],"damage_healed":0.0,"max_hp_gain":0.0,"max_hp_loss":0.0,"gold_gain":0.0,"event_name":"Beggar","player_choice":"Gave Gold","floor":19.0,"gold_loss":75.0,"damage_taken":0.0},{"damage_healed":0.0,"max_hp_gain":0.0,"max_hp_loss":0.0,"gold_gain":0.0,"event_name":"Tomb of Lord Red Mask","player_choice":"Ignored","floor":36.0,"gold_loss":0.0,"damage_taken":0.0}],"is_beta":false,"boss_relics":[{"not_picked":["Runic Dome","Snecko Eye"],"picked":"Coffee Dripper"},{"not_picked":["Tiny House","Cursed Key"],"picked":"Calling Bell"}],"items_purged_floors":[5,11,37],"is_endless":false,"potions_floor_spawned":[1,8,10,12,16,20,30,31,33,35,38,39],"killed_by":"Nemesis","ascension_level":20}}