{"host":"we8ay8el3o9pwc2d","time":1614447946,"event":{"mods":["Act Like it!","Aspiration","BaseMod","BetterRewards","Colored Map","Conspire","Downfall","Elementarium","GungeonMod","Minty Spire (QoL Compilation)","Reliquary","Robot Space Explorer","Ruina","Spire Arcade","StSLib","The Marked","Waifu the Spire"],"gold_per_floor":[99,112,97,107,92,122,174,193,218,19,37,37,37,54,72,168,168,68,84,171,171,191,291,372,382,182,182,196,207,207,227,237,333,333,333,347,347,359,6,6,6,18,28,28,58,72,72,88,108,108,108,108,108,108],"floor_reached":52,"language":"ENG","playtime":3838,"items_purged":["conspire:Blindness"],"score":690,"play_id":"9ccdc9d8-7353-4e4f-8a4a-5c03eea6a77e","local_time":"20210227104546","is_ascension_mode":false,"campfire_choices":[{"floor":1,"key":"RECALL"},{"data":"Apotheosis","floor":13,"key":"SMITH"},{"data":"bronze:Hardcode","floor":18,"key":"SMITH"},{"floor":26,"key":"REST"},{"floor":30,"key":"REST"},{"data":"bronze:InfiniteLoop","floor":35,"key":"SMITH"},{"floor":44,"key":"REST"}],"circlet_count":0,"master_deck":["bronze:Strike","bronze:Strike","bronze:Defend","bronze:Defend","bronze:Defend","bronze:Replicate","bronze:Goto","bronze:InfiniteLoop+1","bronze:Branch","bronze:Constructor","bronze:Repair","bronze:BugBarrage","bronze:ForceShield","Apotheosis+1","bronze:Overload","bronze:Mutator","bronze:OilSpill","bronze:Allocate","J.A.X.","bronze:Return","bronze:BronzeOrb","bronze:Backtrace","bronze:FunctionCard","bronze:Terminator+1","bronze:DarkDash+1","bronze:Flail","bronze:BurnOut","bronze:WhirlingStrike+1","Pain","bronze:Flail+1","bronze:HardenedForm","bronze:DelayedGuard+1","bronze:Overheat","bronze:Repair+1","bronze:BronzeOrb","bronze:FollowUp+1","bronze:Fortify+1"],"relics":["bronze:BronzeCore","Pen Nib","DemoMod:WhiteGuonStone","aspiration:FutureDiary","downfall:HeartBlessingBlue","Membership Card","DemoMod:PoisonVial","MutagenicStrength","DemoMod:SerJunkan","downfall:HeartBlessingRed","downfall:HeartBlessingGreen","aspiration:SecretTechniqueScroll","WarpedTongs","aspiration:FetidBarrel","Ginger","DemoMod:Junk"],"acts_visited":["Exordium","TheCity","TheBeyond","TheEnding"],"potions_floor_usage":[9,10,14,19,20,33,43,43,50,52],"damage_taken":[{"damage":1,"enemies":"Cultist","floor":2,"turns":3},{"damage":5,"enemies":"downfall:FleeingMerchant","floor":3,"turns":4},{"damage":7,"enemies":"Small Slimes","floor":4,"turns":2},{"damage":0,"enemies":"downfall:FleeingMerchant","floor":5,"turns":4},{"damage":0,"enemies":"Jaw Worm","floor":8,"turns":2},{"damage":28,"enemies":"Gremlin Nob","floor":9,"turns":4},{"damage":0,"enemies":"downfall:FleeingMerchant","floor":10,"turns":4},{"damage":5,"enemies":"Large Slime","floor":11,"turns":5},{"damage":5,"enemies":"Exordium Thugs","floor":14,"turns":2},{"damage":0,"enemies":"3 Louse","floor":15,"turns":4},{"damage":2,"enemies":"IC_STATUS_ARCHETYPE","floor":16,"turns":7},{"damage":7,"enemies":"Shell Parasite","floor":19,"turns":4},{"damage":2,"enemies":"downfall:FleeingMerchant","floor":20,"turns":4},{"damage":21,"enemies":"downfall:LooterAlt2","floor":22,"turns":5},{"damage":42,"enemies":"downfall:Augmenter","floor":23,"turns":6},{"damage":8,"enemies":"Snake Plant","floor":25,"turns":2},{"damage":17,"enemies":"conspire:HollyBat","floor":28,"turns":7},{"damage":3,"enemies":"Cultist and Chosen","floor":29,"turns":3},{"damage":1,"enemies":"Snake Plant","floor":31,"turns":3},{"damage":0,"enemies":"Snecko","floor":32,"turns":2},{"damage":8,"enemies":"SI_MIRROR_ARCHETYPE","floor":33,"turns":7},{"damage":0,"enemies":"Orb Walker","floor":36,"turns":2},{"damage":0,"enemies":"3 Darklings","floor":38,"turns":2},{"damage":0,"enemies":"Sphere and 2 Shapes","floor":42,"turns":1},{"damage":31,"enemies":"Writhing Mass","floor":43,"turns":5},{"damage":23,"enemies":"Giant Head","floor":45,"turns":7},{"damage":16,"enemies":"Spire Growth","floor":46,"turns":3},{"damage":3,"enemies":"Sphere and 2 Shapes","floor":48,"turns":2},{"damage":13,"enemies":"4 Shapes","floor":49,"turns":2},{"damage":44,"enemies":"WA_ARCHETYPE_DIVINITY","floor":50,"turns":7},{"damage":87,"enemies":"downfall:CharBossMerchant","floor":52,"turns":6}],"seed_played":"-2602619130747595614","potions_obtained":[{"floor":8,"key":"Slimebound:ThreeZeroPotion"},{"floor":9,"key":"hexamod:SoulburnPotion"},{"floor":11,"key":"PowerPotion"},{"floor":16,"key":"DistilledChaos"},{"floor":21,"key":"CultistPotion"},{"floor":23,"key":"FearPotion"},{"floor":25,"key":"Ancient Potion"},{"floor":29,"key":"BlessingOfTheForge"},{"floor":49,"key":"EssenceOfSteel"}],"is_trial":false,"path_per_floor":["R","M","$","M","$","?","T","M","E","$","M","?","R","M","M","B",null,"R","M","$","?","M","?","T","M","R","?","M","M","R","M","M","B",null,"R","M","?","M","$","?","T","M","M","R","E","M","T","M","M","B",null,"E"],"character_chosen":"THE_AUTOMATON","items_purchased":["Apotheosis","Membership Card","DemoMod:PoisonVial","aspiration:FetidBarrel","Ginger","bronze:HardenedForm"],"campfire_rested":3,"item_purchase_floors":[10,20,20,39,39,39],"current_hp_per_floor":[70,69,64,57,57,57,57,64,43,50,52,52,52,47,54,62,70,80,73,78,78,67,35,35,27,51,51,44,41,65,71,71,70,80,80,80,80,80,80,80,80,80,49,73,50,44,44,41,28,4,80,0,0,0],"gold":108,"neow_bonus":"THREE_RARE_CARDS","is_daily":false,"chose_seed":false,"campfire_upgraded":3,"win_rate":0.0,"timestamp":1614447946,"path_taken":["R","M","?","M","$","?","T","M","E","?","M","?","R","?","M","BOSS","R","M","$","?","M","?","T","?","R","?","M","?","R","M","M","BOSS","R","M","?","M","?","?","T","M","M","R","E","M","?","M","M","BOSS","E"],"items_purchased_type":["Card","Relic","Relic","Relic","Relic","Card"],"build_version":"2020-12-22","purchased_purges":1,"victory":false,"max_hp_per_floor":[70,70,70,70,70,70,70,70,70,70,70,70,70,70,70,70,70,80,80,80,80,80,80,80,80,80,80,80,80,80,80,80,80,80,80,80,80,80,80,80,80,80,80,80,80,80,80,80,80,80,80,80,80,80],"card_choices":[{"not_picked":["bronze:Hardcode","bronze:ShipIt"],"picked":"bronze:InfiniteLoop","floor":0},{"not_picked":["bronze:BuggyMess","bronze:BitShift"],"picked":"bronze:Branch","floor":2},{"not_picked":["bronze:Shield","bronze:Allocate"],"picked":"bronze:Constructor","floor":3},{"not_picked":["bronze:FindAndReplace","bronze:ForceShield"],"picked":"bronze:Separator","floor":4},{"not_picked":["bronze:InfiniteBeams","bronze:Separator"],"picked":"bronze:Repair","floor":5},{"not_picked":["bronze:Separator","bronze:Frontload"],"picked":"bronze:BugBarrage","floor":8},{"not_picked":["bronze:Frontload","bronze:CutThrough"],"picked":"bronze:ForceShield","floor":9},{"not_picked":["bronze:BugBarrage","bronze:DelayedSlice","bronze:Return"],"picked":"SKIP","floor":10},{"not_picked":["bronze:Invalidate","bronze:Deprecate"],"picked":"bronze:Overload","floor":11},{"not_picked":["bronze:BuggyMess","bronze:Overheat"],"picked":"bronze:NullPointer","floor":14},{"not_picked":["bronze:Turbo","bronze:BitShift"],"picked":"bronze:OilSpill","floor":15},{"not_picked":["bronze:Format","bronze:Mutator"],"picked":"bronze:Hardcode","floor":16},{"not_picked":["bronze:DigitalCarnage","bronze:BugBarrage"],"picked":"bronze:ChosenStrike+1","floor":19},{"not_picked":["bronze:Separator","bronze:Branch"],"picked":"bronze:OilSpill","floor":20},{"not_picked":["bronze:Separator","bronze:Shell","bronze:Verify"],"picked":"SKIP","floor":22},{"not_picked":["bronze:Deprecate","bronze:BitShift+1"],"picked":"bronze:Allocate","floor":23},{"not_picked":[],"picked":"J.A.X.","floor":23},{"not_picked":["bronze:ChildClass","bronze:Separator+1","bronze:ForceShield"],"picked":"SKIP","floor":25},{"not_picked":["bronze:CloningBeam+1","bronze:Constructor"],"picked":"bronze:Terminator+1","floor":28},{"not_picked":["bronze:NullPointer","bronze:BugBarrage","bronze:Repair"],"picked":"SKIP","floor":29},{"not_picked":["bronze:Constructor","bronze:BronzeArmor"],"picked":"bronze:DarkDash+1","floor":31},{"not_picked":["bronze:NullPointer","bronze:Shell"],"picked":"bronze:Flail","floor":32},{"not_picked":["bronze:TinkerersToolbox","bronze:Mutator"],"picked":"bronze:BurnOut","floor":33},{"not_picked":["bronze:Iterate","bronze:WildBeam"],"picked":"bronze:WhirlingStrike+1","floor":36},{"not_picked":["bronze:BitShift","bronze:Fortify+1"],"picked":"bronze:Flail+1","floor":38},{"not_picked":["bronze:Branch+1","bronze:BuggyMess"],"picked":"bronze:DelayedGuard+1","floor":42},{"not_picked":["bronze:Iterate","bronze:DigitalCarnage"],"picked":"bronze:Overheat","floor":43},{"not_picked":["bronze:Philosophize+1","bronze:Refactor+1"],"picked":"bronze:Repair+1","floor":45},{"not_picked":["bronze:DarkDash","bronze:Deprecate"],"picked":"bronze:BronzeOrb","floor":46},{"not_picked":["bronze:CloningBeam","bronze:Shield"],"picked":"bronze:FollowUp+1","floor":48},{"not_picked":["bronze:Iterate+1","bronze:BugBarrage"],"picked":"bronze:Fortify+1","floor":49}],"player_experience":2189408,"relics_obtained":[{"floor":9,"key":"DemoMod:WhiteGuonStone"},{"floor":23,"key":"MutagenicStrength"},{"floor":24,"key":"DemoMod:SerJunkan"},{"floor":41,"key":"DemoMod:Junk"},{"floor":45,"key":"DemoMod:Junk"},{"floor":47,"key":"DemoMod:Junk"}],"event_choices":[{"damage_healed":0,"gold_gain":0,"player_choice":"Leave","damage_taken":0,"max_hp_gain":0,"max_hp_loss":0,"event_name":"conspire:Investor","floor":40,"gold_loss":0}],"is_beta":false,"boss_relics":[{"not_picked":["Runic Pyramid","aspiration:RitualDagger"],"picked":"aspiration:FutureDiary"},{"not_picked":["Tiny House","aspiration:IroncladSkillbook"],"picked":"aspiration:SecretTechniqueScroll"}],"items_purged_floors":[20],"is_endless":false,"potions_floor_spawned":[8,9,11,16,23,25,29,32,38,49],"killed_by":"downfall:CharBossMerchant","ascension_level":0}}