{"host":"wha9dsr6bezqsuha","time":1614430894,"event":{"mods":["BaseMod","Colored Map","Colored Powertips","Hubris","Koishi","Marisa????????","Minty Spire (QoL Compilation)","Replay The Spire","StSLib","The Mystic"],"gold_per_floor":[117,130,148,160,5,5,37,37,37,37,63,63,78,108,108,204,204,220,233,86,97,117,148,148,74,74,74,93,93,109,109,109,208,208,226,245,258,258,37,65,78,105,105,105,105,139,13,24,24,24,24,24,24,54,54],"floor_reached":56,"language":"ENG","playtime":5133,"items_purged":["Koishi:BasicDefend","Koishi:BasicStrike","Wraith"],"score":1177,"play_id":"e6ff547e-90a9-4ca6-8883-d2aa21b7b21b","local_time":"20210227050134","is_ascension_mode":false,"campfire_choices":[{"data":"Koishi:ImGoingToCallYouNow","floor":6,"key":"SMITH"},{"data":"Koishi:GeneticsOfTheUnconscious","floor":8,"key":"SMITH"},{"data":"Koishi:JumpScare","floor":12,"key":"SMITH"},{"data":"Koishi:Vanish","floor":15,"key":"SMITH"},{"data":"Koishi:Heartbroken","floor":24,"key":"SMITH"},{"data":"Koishi:ApparitionsStalkTheNight","floor":29,"key":"SMITH"},{"floor":44,"key":"RECALL"},{"data":"Deep Breath","floor":49,"key":"SMITH"},{"data":"Koishi:FleetingPhantom","floor":52,"key":"SMITH"}],"circlet_count":0,"master_deck":["Koishi:BasicStrike","Koishi:BasicStrike","Koishi:BasicDefend","Koishi:BasicDefend","Koishi:Provoke","Koishi:HauntingSlash","Koishi:ImGoingToCallYouNow+1","Koishi:SpiritedAway","Koishi:Jaunt","Koishi:UnseenTerror","Koishi:SpiritedAway","Koishi:GeneticsOfTheUnconscious+1","Koishi:MindNumbingTerror","Koishi:JumpScare+1","Koishi:SpiritedAway","Koishi:Vanish+1","Koishi:Heartbroken+1","Koishi:ApparitionsStalkTheNight+1","Koishi:Vanish","Koishi:Vanish","Koishi:DNAsFlaw+1","Koishi:TerrifyingSpectre+1","Koishi:StrangeCloudFist+1","Koishi:DNAsFlaw+1","Koishi:YoukaiPolygraph","Koishi:ImGoingToCallYouNow","Koishi:VengefulSpirit+1","Koishi:ReflexRadar","Koishi:SpiritedAway","Koishi:JumpScare+1","Koishi:YoukaiPolygraph","Koishi:UnconsciousUrges+1","Koishi:Whimsy","Koishi:StrangeCloudFist+1","Koishi:FleetingPhantom+1","Koishi:ParalyzingFear+1","Deep Breath+1","Koishi:Jaunt+1","Koishi:StrangeCloudFist+1"],"relics":["Koishi:ImaginaryFriend","Vajra","Iron Hammer","Blue Doll","Black Star","hubris:FunFungus","Gremlin Horn","hubris:PeanutButter","hubris:VirtuousBlindfold","Nunchaku","hubris:Potato","Replay:Rubber Ducky","Pet Ghost","Potion Belt","hubris:Icosahedron","Lantern","Regal Pillow","Koishi:AHoleWhereASisterShouldBe","Gremlin Food"],"acts_visited":["Exordium","TheCity","TheBeyond","TheEnding"],"potions_floor_usage":[7,11,33,33,50,55,55],"damage_taken":[{"damage":8,"enemies":"2 Louse","floor":1,"turns":3},{"damage":7,"enemies":"Cultist","floor":2,"turns":5},{"damage":9,"enemies":"Small Slimes","floor":3,"turns":4},{"damage":2,"enemies":"2 Fungi Beasts","floor":4,"turns":4},{"damage":28,"enemies":"Lagavulin","floor":7,"turns":8},{"damage":17,"enemies":"3 Sentries","floor":11,"turns":5},{"damage":16,"enemies":"Large Slime","floor":13,"turns":5},{"damage":26,"enemies":"Lagavulin","floor":14,"turns":5},{"damage":7,"enemies":"Hexaghost","floor":16,"turns":7},{"damage":24,"enemies":"2 Thieves","floor":18,"turns":3},{"damage":18,"enemies":"3 Byrds","floor":19,"turns":6},{"damage":17,"enemies":"Centurion and Healer","floor":21,"turns":6},{"damage":17,"enemies":"3 Cultists","floor":22,"turns":4},{"damage":18,"enemies":"Book of Stabbing","floor":23,"turns":5},{"damage":12,"enemies":"Snecko","floor":28,"turns":5},{"damage":0,"enemies":"Snake Plant","floor":30,"turns":2},{"damage":18,"enemies":"Automaton","floor":33,"turns":6},{"damage":5,"enemies":"Orb Walker","floor":35,"turns":3},{"damage":15,"enemies":"3 Shapes","floor":36,"turns":4},{"damage":4,"enemies":"Spire Growth","floor":37,"turns":3},{"damage":10,"enemies":"Reptomancer","floor":40,"turns":4},{"damage":0,"enemies":"Sphere and 2 Shapes","floor":41,"turns":4},{"damage":14,"enemies":"Nemesis","floor":42,"turns":5},{"damage":0,"enemies":"Giant Head","floor":46,"turns":5},{"damage":0,"enemies":"Writhing Mass","floor":48,"turns":5},{"damage":0,"enemies":"Replay:Hell Engine","floor":50,"turns":6},{"damage":0,"enemies":"Shield and Spear","floor":54,"turns":4},{"damage":0,"enemies":"The Heart","floor":55,"turns":6}],"seed_played":"2070543717959815864","potions_obtained":[{"floor":1,"key":"Explosive Potion"},{"floor":2,"key":"FairyPotion"},{"floor":3,"key":"Adrenaline Potion"},{"floor":11,"key":"Strength Potion"},{"floor":14,"key":"GamblersBrew"},{"floor":30,"key":"Adrenaline Potion"},{"floor":33,"key":"Languid Potion"},{"floor":37,"key":"Dexterity Potion"},{"floor":48,"key":"ColorlessPotion"},{"floor":54,"key":"Block Potion"}],"is_trial":false,"path_per_floor":["M","M","M","M","$","R","E","R","T","?","E","R","M","E","R","B",null,"M","M","$","M","M","E","R","$","T","?","M","R","M","?","R_BF","B",null,"M","M","M","?","$","E","M","E","T","R","?","E","$","M","R","B",null,"R","$","E","B",null],"character_chosen":"KOISHI","items_purchased":["Koishi:GeneticsOfTheUnconscious","Koishi:Vanish","Koishi:StrangeCloudFist","Koishi:JumpScare+1","Koishi:YoukaiPolygraph","Koishi:FleetingPhantom","Koishi:ParalyzingFear+1","Deep Breath"],"campfire_rested":0,"item_purchase_floors":[5,20,25,39,39,47,47,47],"current_hp_per_floor":[58,60,53,60,60,60,57,57,57,57,45,45,30,45,45,60,60,48,60,60,60,60,60,60,60,60,60,53,53,60,60,60,44,60,60,60,60,60,60,60,60,60,60,60,60,60,60,60,60,60,60,60,60,60,60],"gold":54,"neow_bonus":"ONE_RANDOM_RARE_CARD","is_daily":false,"chose_seed":false,"campfire_upgraded":8,"win_rate":0.0,"timestamp":1614430894,"path_taken":["M","M","M","M","$","R","E","R","T","?","E","R","M","E","R","BOSS","M","M","$","M","M","E","R","$","T","?","?","R","M","?","R_BF","BOSS","M","M","M","?","$","E","M","E","T","R","?","E","$","M","R","BOSS","R","$","E","BOSS"],"items_purchased_type":["Card","Card","Card","Card","Card","Card","Card","Card"],"build_version":"2020-12-22","purchased_purges":3,"victory":true,"max_hp_per_floor":[60,60,60,60,60,60,60,60,60,60,60,60,60,60,60,60,60,60,60,60,60,60,60,60,60,60,60,60,60,60,60,60,60,60,60,60,60,60,60,60,60,60,60,60,60,60,60,60,60,60,60,60,60,60,60],"card_choices":[{"not_picked":["Koishi:ApparitionsStalkTheNight","Koishi:SubterraneanRose"],"picked":"Koishi:SpiritedAway","floor":1},{"not_picked":["Koishi:BloodcurdlingScream","Koishi:ReflexRadar"],"picked":"Koishi:Jaunt","floor":2},{"not_picked":["Koishi:PhantomBarrier","Koishi:PhantomStrike"],"picked":"Koishi:UnseenTerror","floor":3},{"not_picked":["Koishi:DNAsFlaw","Koishi:MassHysteria"],"picked":"Koishi:SpiritedAway","floor":4},{"not_picked":["Koishi:Prune","Koishi:FleetingPhantom"],"picked":"Koishi:MindNumbingTerror","floor":7},{"not_picked":["Koishi:StrangeCloudFist","Koishi:CatchAndRose"],"picked":"Koishi:JumpScare","floor":11},{"not_picked":["Koishi:ConditionedTeleport","Koishi:Jaunt"],"picked":"Koishi:SpiritedAway","floor":13},{"not_picked":["Koishi:FleetingPhantom","Koishi:RacingHeart"],"picked":"Koishi:Vanish","floor":14},{"not_picked":["Koishi:RuptureMind","Koishi:FadingMemory"],"picked":"Koishi:Heartbroken","floor":16},{"not_picked":["Koishi:SubconsciousSweep","Koishi:PhantomStrike"],"picked":"Koishi:ApparitionsStalkTheNight","floor":18},{"not_picked":["Koishi:BramblyRoseGarden","Koishi:IdleWhim","Koishi:ReflexRadar"],"picked":"SKIP","floor":19},{"not_picked":["Koishi:MassHysteria+1","Koishi:SubconsciousSweep"],"picked":"Koishi:DNAsFlaw+1","floor":21},{"not_picked":["Koishi:ReflexRadar","Koishi:LastRemote","Koishi:Heartbroken"],"picked":"SKIP","floor":22},{"not_picked":["Koishi:SubterraneanRose+1","Koishi:FourthEye"],"picked":"Koishi:TerrifyingSpectre","floor":23},{"not_picked":["Koishi:PhantomStrike+1","Koishi:UnansweredLove","Koishi:CatchAndRose"],"picked":"SKIP","floor":28},{"not_picked":["Koishi:UnseenTerror","Koishi:Prune"],"picked":"Koishi:DNAsFlaw+1","floor":30},{"not_picked":["Koishi:FadingMemory","Koishi:ConditionedTeleport"],"picked":"Koishi:ImGoingToCallYouNow","floor":33},{"not_picked":["Koishi:EmbersOfLove","Koishi:UnconsciousUprising"],"picked":"Koishi:VengefulSpirit+1","floor":35},{"not_picked":["Koishi:EmbryosDream+1","Koishi:Jaunt"],"picked":"Koishi:ReflexRadar","floor":36},{"not_picked":["Koishi:SubterraneanRose+1","Koishi:UnconsciousUprising+1"],"picked":"Koishi:SpiritedAway","floor":37},{"not_picked":["Koishi:JumpScare+1","Koishi:Prune+1"],"picked":"Koishi:UnconsciousUrges+1","floor":40},{"not_picked":["Koishi:BloodcurdlingScream","Koishi:StingingMind"],"picked":"Koishi:Whimsy","floor":41},{"not_picked":["Koishi:SubconsciousSweep+1","Koishi:RacingHeart+1"],"picked":"Koishi:StrangeCloudFist+1","floor":42},{"not_picked":["Koishi:UnconsciousUprising+1","Koishi:MindStellarRelief","Koishi:CatchAndRose"],"picked":"SKIP","floor":46},{"not_picked":["Koishi:RacingHeart+1","Koishi:SubterraneanRose"],"picked":"Koishi:Jaunt+1","floor":48},{"not_picked":["Koishi:DNAsFlaw+1","Koishi:StingingMind"],"picked":"Koishi:StrangeCloudFist+1","floor":54}],"player_experience":61169,"relics_obtained":[{"floor":7,"key":"Vajra"},{"floor":11,"key":"Iron Hammer"},{"floor":14,"key":"Blue Doll"},{"floor":23,"key":"hubris:FunFungus"},{"floor":23,"key":"Gremlin Horn"},{"floor":26,"key":"hubris:PeanutButter"},{"floor":40,"key":"Nunchaku"},{"floor":40,"key":"hubris:Potato"},{"floor":42,"key":"Replay:Rubber Ducky"},{"floor":42,"key":"Pet Ghost"},{"floor":43,"key":"Potion Belt"},{"floor":46,"key":"Lantern"},{"floor":46,"key":"Regal Pillow"},{"floor":54,"key":"Koishi:AHoleWhereASisterShouldBe"},{"floor":54,"key":"Gremlin Food"}],"event_choices":[{"cards_removed":["Koishi:BasicStrike"],"damage_healed":0,"gold_gain":0,"player_choice":"Purged","damage_taken":0,"max_hp_gain":0,"max_hp_loss":0,"event_name":"Purifier","floor":10,"gold_loss":0},{"damage_healed":0,"gold_gain":0,"player_choice":"Upgraded","damage_taken":0,"max_hp_gain":0,"max_hp_loss":0,"event_name":"Upgrade Shrine","floor":27,"gold_loss":0,"cards_upgraded":["Koishi:TerrifyingSpectre"]},{"damage_healed":0,"gold_gain":0,"player_choice":"Ignored","damage_taken":0,"max_hp_gain":0,"max_hp_loss":0,"event_name":"OrinTheCat","floor":38,"gold_loss":0}],"is_beta":false,"boss_relics":[{"not_picked":["hubris:Stopwatch","hubris:TerracottaHorce"],"picked":"Black Star"},{"not_picked":["Ring of Chaos","Cursed Key"],"picked":"hubris:VirtuousBlindfold"}],"items_purged_floors":[5,20,39],"is_endless":false,"potions_floor_spawned":[1,2,3,11,14,18,19,23,30,33,37,41,42,48,54],"ascension_level":0}}