{"host":"75labscqqrd170u0","time":1614420812,"event":{"mods":["BaseMod","Minty Spire (QoL Compilation)","Replay The Spire","StSLib"],"gold_per_floor":[110,110,130,149,224,224,275,275,275,336,336,400,431,472,472,472,472],"floor_reached":16,"language":"ENG","playtime":593,"items_purged":[],"score":120,"play_id":"e6f5344b-3082-4df0-87a9-83f1e64a6ff0","local_time":"20210227051332","is_ascension_mode":false,"campfire_choices":[{"floor":6,"key":"REST"},{"floor":11,"key":"REST"},{"floor":15,"key":"REST"}],"circlet_count":0,"master_deck":["Strike_R","Strike_R","Strike_R","Strike_R","Strike_R","Defend_R","Defend_R","Defend_R","Defend_R","Bash","Pommel Strike","Injury","Whirlwind","Seeing Red+1","Clash"],"relics":["Burning Blood","Golden Idol","Replay:Bandana","Snack Pack","Replay:Wax Seal","Quantum Egg"],"acts_visited":["Exordium"],"potions_floor_usage":[7,13],"damage_taken":[{"damage":8,"enemies":"2 Louse","floor":1,"turns":2},{"damage":1,"enemies":"Jaw Worm","floor":3,"turns":4},{"damage":6,"enemies":"Cultist","floor":4,"turns":3},{"damage":49,"enemies":"Lagavulin","floor":7,"turns":6},{"damage":27,"enemies":"Gremlin Nob","floor":10,"turns":4},{"damage":41,"enemies":"Lagavulin","floor":12,"turns":6},{"damage":36,"enemies":"Large Slime","floor":13,"turns":8},{"damage":0,"enemies":"Exordium Wildlife","floor":14,"turns":3},{"damage":0,"enemies":"Hexaghost","floor":16,"turns":1}],"seed_played":"-6832512235897073826","potions_obtained":[{"floor":1,"key":"LiquidMemories"},{"floor":4,"key":"Milkshake"},{"floor":5,"key":"Strength Potion"},{"floor":12,"key":"BloodPotion"},{"floor":13,"key":"Adrenaline Potion"}],"is_trial":false,"path_per_floor":["M","?","M","M","?","R","E","?","T","E","R","E","M","M","R","B"],"character_chosen":"IRONCLAD","items_purchased":[],"campfire_rested":3,"item_purchase_floors":[],"current_hp_per_floor":[86,86,88,88,53,79,36,36,36,21,47,18,7,15,41,41,41],"gold":472,"neow_bonus":"TEN_PERCENT_HP_BONUS","is_daily":false,"chose_seed":false,"campfire_upgraded":0,"win_rate":0.0,"timestamp":1614420812,"path_taken":["M","?","M","M","?","R","E","?","T","E","R","E","M","M","R","BOSS"],"items_purchased_type":[],"build_version":"2020-12-13","purchased_purges":0,"victory":false,"max_hp_per_floor":[88,88,88,88,88,88,88,88,88,88,88,88,88,88,88,88,88],"card_choices":[{"not_picked":["Armaments","Whirlwind"],"picked":"Pommel Strike","floor":1},{"not_picked":["Armaments","Cleave","Seeing Red"],"picked":"SKIP","floor":3},{"not_picked":["ReplayReversal","True Grit","Blood for Blood"],"picked":"SKIP","floor":4},{"not_picked":["Intimidate","Run Through"],"picked":"Perfected Strike","floor":5},{"not_picked":["Offering","Armaments"],"picked":"Whirlwind","floor":7},{"not_picked":["Dropkick","Bludgeon"],"picked":"Clash","floor":10},{"not_picked":["Armaments","Dark Embrace","Thunderclap"],"picked":"SKIP","floor":12},{"not_picked":["Headbutt","Warcry","ReplayTheSpireMod:Strike From Hell"],"picked":"SKIP","floor":13},{"not_picked":["Flex","Replay:Undeath\u0027s Touch","Run Through"],"picked":"SKIP","floor":14}],"player_experience":120323,"relics_obtained":[{"floor":5,"key":"Replay:Bandana"},{"floor":7,"key":"Snack Pack"},{"floor":10,"key":"Replay:Wax Seal"},{"floor":12,"key":"Quantum Egg"}],"event_choices":[{"damage_healed":0,"gold_gain":0,"player_choice":"Take Wound","damage_taken":0,"relics_obtained":["Golden Idol"],"max_hp_gain":0,"max_hp_loss":0,"event_name":"Golden Idol","floor":2,"gold_loss":0,"cards_obtained":["Injury"]}],"is_beta":false,"boss_relics":[],"items_purged_floors":[],"is_endless":false,"potions_floor_spawned":[1,4,12,13],"killed_by":"Hexaghost","ascension_level":0}}