{"host":"92wx9z21c4p52du4","time":1614392213,"event":{"mods":["Act Like it!","BaseMod","ChefMod","Downfall","Evolution","GungeonMod","Infinite Spire","Minty Spire (QoL Compilation)","Relic Stats","Reliquary","Replay The Spire","StSLib","SuperFastMode","The Hierophant","The Runesmith"],"gold_per_floor":[111,121,121,141,141,141,170,130,154,170,27,27,31,59,59,158,158,68,68,86,105,105,105,105,105,105,122,137,148,148,3,3,3,3],"floor_reached":33,"language":"ENG","playtime":1236,"items_purged":["Sickly","Strike_R"],"score":306,"play_id":"02be1dac-1678-4e67-9f32-b5dabb87648c","local_time":"20210226201653","is_ascension_mode":true,"campfire_choices":[{"data":"Rampage","floor":6,"key":"SMITH"},{"floor":15,"key":"RECALL"},{"data":"Rampage","floor":23,"key":"SMITH"},{"data":"Double Tap","floor":25,"key":"SMITH"},{"data":"Havoc","floor":32,"key":"SMITH"}],"circlet_count":0,"master_deck":["Strike_R","Strike_R","Defend_R","Defend_R","Defend_R","Defend_R+1","Bash+1","Rampage+1","Whirlwind","Fire Breathing","Blood for Blood","Spot Weakness","Evolve","Havoc+1","Rampage+1","Double Tap+1","ReplayTheSpireMod:Strike From Hell+1","Shrug It Off+1"],"relics":["Burning Blood","EVO:Axolotl","Pear","ReplayTheSpireMod:CursedCoin","DemoMod:GnawedKey","Replay:Wax Seal","reliquary:WeakTea","Garlic","reliquary:RustamsPendant","Chemical X","Painkiller Herb","Letter Opener","Brimstone"],"acts_visited":["Exordium","TheCity"],"potions_floor_usage":[7,14,18,21],"damage_taken":[{"damage":6,"enemies":"2 Louse","floor":1,"turns":3},{"damage":6,"enemies":"Cultist","floor":2,"turns":4},{"damage":8,"enemies":"Jaw Worm","floor":4,"turns":3},{"damage":16,"enemies":"3 Sentries","floor":7,"turns":4},{"damage":1,"enemies":"2 Fungi Beasts","floor":10,"turns":4},{"damage":35,"enemies":"Gremlin Nob","floor":14,"turns":5},{"damage":19,"enemies":"Fading Forest","floor":16,"turns":11},{"damage":15,"enemies":"Spheric Guardian","floor":18,"turns":5},{"damage":11,"enemies":"Shell Parasite","floor":20,"turns":5},{"damage":33,"enemies":"Snake Plant","floor":21,"turns":5},{"damage":24,"enemies":"Chosen and Byrds","floor":27,"turns":5},{"damage":25,"enemies":"Centurion and Healer","floor":28,"turns":4},{"damage":9,"enemies":"Snake Plant","floor":29,"turns":3},{"damage":68,"enemies":"Automaton","floor":33,"turns":6}],"seed_played":"-4104177514718821781","potions_obtained":[{"floor":4,"key":"Strength Potion"},{"floor":10,"key":"BloodPotion"},{"floor":14,"key":"SneckoOil"},{"floor":16,"key":"Elixir"},{"floor":20,"key":"Adrenaline Potion"},{"floor":28,"key":"ElixirPotion"},{"floor":29,"key":"BlessingOfTheForge"}],"is_trial":false,"path_per_floor":["M","M","?","M","?","R","E","$","T","M","$","?","$","E","R","B",null,"M","?","M","M","AVR","T","?","T","T","?","?","?","?","T","T","B"],"character_chosen":"IRONCLAD","items_purchased":["ReplayTheSpireMod:CursedCoin","DemoMod:GnawedKey","reliquary:WeakTea","Evolve","Havoc","Brimstone"],"campfire_rested":0,"item_purchase_floors":[8,8,11,13,13,31],"current_hp_per_floor":[80,80,80,78,78,78,78,78,78,83,83,65,65,54,54,61,90,81,81,76,49,49,49,100,100,100,82,63,60,60,60,60,0,0],"gold":3,"neow_bonus":"THREE_CARDS","is_daily":false,"chose_seed":false,"campfire_upgraded":4,"win_rate":0.0,"timestamp":1614392213,"path_taken":["M","M","?","?","?","R","E","?","T","M","$","?","$","E","R","BOSS","M","?","M","M","AVR","T","?","T","T","?","?","?","?","?","T","BOSS"],"items_purchased_type":["Relic","Relic","Relic","Card","Card","Relic"],"build_version":"2020-12-22","purchased_purges":2,"victory":false,"max_hp_per_floor":[80,80,80,80,80,80,90,90,90,90,90,90,90,90,90,90,90,90,90,90,90,90,90,100,100,100,100,100,100,100,100,100,100,100],"relic_stats":{"counters":[14,67],"Chemical X":[5],"Letter Opener":[36],"obtain_stats":[{"Pear":7,"ReplayTheSpireMod:CursedCoin":8,"Painkiller Herb":22,"DemoMod:GlassGuonStoneRelic":2,"EVO:Axolotl":0,"reliquary:WeakTea":11,"Letter Opener":26,"Burning Blood":0,"reliquary:RustamsPendant":17,"Brimstone":31,"DemoMod:GnawedKey":8,"Garlic":14,"Chemical X":22,"Replay:Wax Seal":9},{"Pear":4,"ReplayTheSpireMod:CursedCoin":4,"Painkiller Herb":10,"DemoMod:GlassGuonStoneRelic":2,"EVO:Axolotl":0,"reliquary:WeakTea":5,"Letter Opener":10,"Burning Blood":0,"reliquary:RustamsPendant":7,"Brimstone":13,"DemoMod:GnawedKey":4,"Garlic":6,"Chemical X":10,"Replay:Wax Seal":4},{"Pear":14,"ReplayTheSpireMod:CursedCoin":14,"Painkiller Herb":49,"DemoMod:GlassGuonStoneRelic":7,"EVO:Axolotl":0,"reliquary:WeakTea":18,"Letter Opener":49,"Burning Blood":0,"reliquary:RustamsPendant":34,"Brimstone":61,"DemoMod:GnawedKey":14,"Garlic":23,"Chemical X":49,"Replay:Wax Seal":14}],"Burning Blood":78},"card_choices":[{"not_picked":["Warcry","Combust"],"picked":"Rampage","floor":0},{"not_picked":["Replay:Undeath\u0027s Touch","ReplayReversal"],"picked":"Whirlwind","floor":1},{"not_picked":["Seeing Red","Intimidate"],"picked":"Fire Breathing","floor":2},{"not_picked":["Pommel Strike","Run Through","Replay:Undeath\u0027s Touch"],"picked":"SKIP","floor":4},{"not_picked":["Twin Strike","Burning Pact"],"picked":"Exhume","floor":7},{"not_picked":["Twin Strike","Heavy Blade"],"picked":"Spot Weakness","floor":10},{"not_picked":["Perfected Strike","Flex"],"picked":"Rampage","floor":14},{"not_picked":["Fiend Fire","Immolate"],"picked":"Double Tap","floor":16},{"not_picked":["Iron Wave","Perfected Strike+1","Headbutt"],"picked":"SKIP","floor":18},{"not_picked":["Burning Pact","Headbutt"],"picked":"ReplayTheSpireMod:Strike From Hell+1","floor":20},{"not_picked":["Dark Embrace","Spot Weakness","Sever Soul"],"picked":"SKIP","floor":21},{"not_picked":["ReplayReversal","Clash"],"picked":"Shrug It Off+1","floor":27},{"not_picked":["Hemokinesis+1","Massacre+1","Havoc"],"picked":"SKIP","floor":28},{"not_picked":["Inflame","Life Link","Shockwave"],"picked":"SKIP","floor":29}],"player_experience":380596,"relics_obtained":[{"floor":7,"key":"Pear"},{"floor":9,"key":"Replay:Wax Seal"},{"floor":14,"key":"Garlic"},{"floor":26,"key":"Letter Opener"}],"event_choices":[{"cards_removed":["Strike_R"],"damage_healed":0,"gold_gain":0,"player_choice":"Purged","damage_taken":0,"max_hp_gain":0,"max_hp_loss":0,"event_name":"Purifier","floor":3,"gold_loss":0},{"damage_healed":0,"gold_gain":0,"cards_transformed":["Strike_R"],"player_choice":"Change","damage_taken":0,"max_hp_gain":0,"max_hp_loss":0,"event_name":"Living Wall","floor":5,"gold_loss":0,"cards_obtained":["Blood for Blood"]},{"damage_healed":0,"gold_gain":0,"player_choice":"Entered Light","damage_taken":18,"max_hp_gain":0,"max_hp_loss":0,"event_name":"Shining Light","floor":12,"gold_loss":0,"cards_upgraded":["Bash","Defend_R"]},{"damage_healed":0,"gold_gain":0,"player_choice":"Ignored","damage_taken":0,"max_hp_gain":0,"max_hp_loss":0,"event_name":"Ghosts","floor":19,"gold_loss":0},{"cards_removed":["Exhume"],"damage_healed":41,"gold_gain":0,"player_choice":"Offered Rare","damage_taken":0,"max_hp_gain":10,"max_hp_loss":0,"event_name":"Bonfire Elementals","floor":24,"gold_loss":0}],"is_beta":false,"boss_relics":[{"not_picked":["Replay:Bronze Core","Honey Jar"],"picked":"reliquary:RustamsPendant"}],"items_purged_floors":[8,22],"is_endless":false,"potions_floor_spawned":[4,10,14,16,20,28,29],"killed_by":"Automaton","ascension_level":2}}