{"host":"pahtzy9v6modmpjs","time":1614433419,"event":{"mods":["BaseMod","Downfall","Hermit","Minty Spire (QoL Compilation)","Replay The Spire","StSLib","The Cursed","The Disciple","The Necromancer","The Runesmith"],"gold_per_floor":[112,130,130,12,28,53,6,6,75,75,75,86,159,169,169,268,268,283,251,251,251,251],"floor_reached":21,"language":"ENG","playtime":1625,"items_purged":[],"score":179,"play_id":"00b7ff9f-d7cd-413e-af96-eff80b5aa56f","local_time":"20210227214339","is_ascension_mode":false,"campfire_choices":[{"floor":8,"key":"REST"},{"data":"Runesmith:EnergizedChisel","floor":11,"key":"SMITH"},{"data":"Runesmith:EnergizedChisel","floor":15,"key":"SMITH"}],"circlet_count":0,"master_deck":["Runesmith:Strike_RS","Runesmith:Strike_RS","Runesmith:Strike_RS","Runesmith:Defend_RS","Runesmith:Defend_RS","Runesmith:Defend_RS","Runesmith:CraftFirestone","Runesmith:Fortify","Runesmith:EnergizedChisel+1","Runesmith:RuneHurl","Runesmith:CraftIndustria+1","Runesmith:Retool","Runesmith:RunicBlueprint","Runesmith:Repurpose+1","Runesmith:EnergizedChisel+1","Runesmith:PerfectChisel","Runesmith:ArcReactor","Runesmith:Repurpose","Runesmith:Grindstone"],"relics":["Runesmith:BrokenRuby","ReplayTheSpireMod:Lightbulb","Eternal Feather","SlaversCollar"],"acts_visited":["Exordium","TheCity"],"potions_floor_usage":[19],"damage_taken":[{"damage":0,"enemies":"Cultist","floor":1,"turns":4},{"damage":3,"enemies":"Small Slimes","floor":2,"turns":3},{"damage":0,"enemies":"2 Louse","floor":5,"turns":4},{"damage":28,"enemies":"Gremlin Nob","floor":6,"turns":5},{"damage":10,"enemies":"Lots of Slimes","floor":12,"turns":5},{"damage":8,"enemies":"2 Fungi Beasts","floor":14,"turns":4},{"damage":23,"enemies":"Fading Forest","floor":16,"turns":11},{"damage":9,"enemies":"Chosen","floor":18,"turns":5},{"damage":28,"enemies":"2 Thieves","floor":19,"turns":5},{"damage":33,"enemies":"Shelled Parasite and Fungi","floor":21,"turns":3}],"seed_played":"3276912348479782993","potions_obtained":[{"floor":1,"key":"SteroidPotion"},{"floor":5,"key":"sneckomod:MuddlingPotion"},{"floor":6,"key":"Fire Potion"},{"floor":14,"key":"LiquidMemories"},{"floor":19,"key":"Strength Potion"}],"is_trial":false,"path_per_floor":["M","M","?","$","M","E","$","R","T","?","R","M","?","M","R","B",null,"M","M","?","M"],"character_chosen":"RUNESMITH_CLASS","items_purchased":["Runesmith:CraftIndustria+1","Runesmith:Repurpose"],"campfire_rested":1,"item_purchase_floors":[4,7],"current_hp_per_floor":[70,67,67,67,67,39,39,60,60,60,66,56,56,48,57,44,70,61,33,33,0,0],"gold":251,"neow_bonus":"RANDOM_EVENT","is_daily":false,"chose_seed":false,"campfire_upgraded":2,"win_rate":0.0,"timestamp":1614433419,"path_taken":["M","?","?","$","M","E","?","R","T","?","R","M","?","M","R","BOSS","M","M","?","?"],"items_purchased_type":["Card","Card"],"build_version":"2020-12-22","purchased_purges":0,"victory":false,"max_hp_per_floor":[70,70,70,70,70,70,70,70,70,70,70,70,70,70,70,70,70,70,70,70,70,70],"card_choices":[{"not_picked":["Runesmith:WhiteBalance","Runesmith:StaticCage"],"picked":"Runesmith:EnergizedChisel","floor":1},{"not_picked":["Runesmith:HeatExchange","Runesmith:StaticCage"],"picked":"Runesmith:RuneHurl","floor":2},{"not_picked":["Runesmith:Augment","Runesmith:RuneHurl"],"picked":"Runesmith:Retool","floor":5},{"not_picked":["Runesmith:Duplicate","Runesmith:FissionHammer"],"picked":"Runesmith:RunicBlueprint","floor":6},{"not_picked":["Runesmith:ChargedHammer","Runesmith:Repurpose"],"picked":"Runesmith:EnergizedChisel","floor":12},{"not_picked":["Runesmith:Prism","Runesmith:StaticCage"],"picked":"Runesmith:PerfectChisel","floor":14},{"not_picked":["Runesmith:CraftPrismatica","Runesmith:UnlimitedPower"],"picked":"Runesmith:ArcReactor","floor":16},{"not_picked":["Runesmith:NanitesCloud","Runesmith:HeatExchange"],"picked":"Runesmith:Repurpose","floor":18},{"not_picked":["Runesmith:BackupBattery+1","Runesmith:MakeshiftArmor"],"picked":"Runesmith:Grindstone","floor":19}],"player_experience":271968,"relics_obtained":[{"floor":6,"key":"ReplayTheSpireMod:Lightbulb"},{"floor":9,"key":"Eternal Feather"}],"event_choices":[{"cards_removed":["Runesmith:Strike_RS"],"damage_healed":0,"gold_gain":0,"player_choice":"Purged","damage_taken":0,"max_hp_gain":0,"max_hp_loss":0,"event_name":"Purifier","floor":3,"gold_loss":0},{"damage_healed":0,"gold_gain":0,"player_choice":"Grow","damage_taken":0,"max_hp_gain":0,"max_hp_loss":0,"event_name":"Living Wall","floor":10,"gold_loss":0,"cards_upgraded":["Runesmith:Repurpose"]},{"damage_healed":0,"gold_gain":73,"player_choice":"Gained Gold","damage_taken":0,"max_hp_gain":0,"max_hp_loss":0,"event_name":"Golden Wing","floor":13,"gold_loss":0},{"damage_healed":0,"gold_gain":0,"player_choice":"Bought 0 Potions","damage_taken":0,"max_hp_gain":0,"max_hp_loss":0,"event_name":"The Woman in Blue","floor":20,"gold_loss":0}],"is_beta":false,"boss_relics":[{"not_picked":["Runesmith:UraniumAnvil","Velvet Choker"],"picked":"SlaversCollar"}],"items_purged_floors":[],"is_endless":false,"potions_floor_spawned":[1,5,6,14,19],"killed_by":"Shelled Parasite and Fungi","ascension_level":0}}