{"host":"kjqy9de97swlcx5r","time":1614426187,"event":{"mods":["BaseMod","Downfall","Minty Spire (QoL Compilation)","StSLib"],"gold_per_floor":[99,112,124,124,148,16,16,16,10,51,78,78,106,126,150,263,263,163,177,204,224,224,249,272,272,72,107,107,128,167,186,205,316,325,325,340,352,381,392,224,224,224,16,16,34,45,65,91,111,111,111,152,20,20,20,20,20,20],"floor_reached":56,"language":"ZHS","playtime":5915,"items_purged":["downfall:Malfunctioning","Guardian:Strike_Guardian","Guardian:Defend_Guardian"],"score":833,"play_id":"e9eab2b7-36b6-4fdd-959f-a98c90a6c28d","local_time":"20210227194307","is_ascension_mode":false,"campfire_choices":[{"data":"Guardian:CurlUp","floor":1.0,"key":"SMITH"},{"data":"Guardian:Recover","floor":8.0,"key":"SMITH"},{"data":"Guardian:MultiBeam","floor":12.0,"key":"SMITH"},{"floor":18.0,"key":"RECALL"},{"data":"Guardian:ChargeUp","floor":26.0,"key":"SMITH"},{"data":"Guardian:RollAttack","floor":28.0,"key":"SMITH"},{"data":"Guardian:BaubleBeam","floor":35.0,"key":"SMITH"},{"data":"Guardian:SphericShield","floor":42,"key":"SMITH"},{"data":"expansioncontent:QuickStudy","floor":44,"key":"SMITH"},{"data":"Guardian:ShieldCharger","floor":54,"key":"SMITH"}],"circlet_count":0,"master_deck":["Guardian:Strike_Guardian","Guardian:Strike_Guardian+1","Guardian:Strike_Guardian","Guardian:Defend_Guardian+1","Guardian:Defend_Guardian+1","Guardian:Defend_Guardian+1","Guardian:CurlUp+1","Guardian:TwinSlam","Guardian:FuturePlans+1","Guardian:ShieldCharger+1","Guardian:ShieldCharger","Guardian:RollAttack+1","Guardian:Recover+1","Guardian:AncientConstruct+1","Guardian:ChargeUp+1","Guardian:MultiBeam+1","Guardian:CrystalBeam","Guardian:TimeCapacitor+1","Guardian:SphericShield+1","Guardian:BodySlam+1","Guardian:BaubleBeam+1","CurseOfTheBell","expansioncontent:QuickStudy+1","expansioncontent:AwakenDeath+1","expansioncontent:InvincibleStrength+1","Guardian:ShieldSpikes","Guardian:Gem_Lightblue","Guardian:ConstructionForm+1"],"relics":["Guardian:ModeShifter","CeramicFish","Frozen Egg 2","Guardian:PocketSentry","Kunai","Runic Pyramid","downfall:HeartBlessingGreen","downfall:HeartBlessingBlue","downfall:HeartBlessingRed","Smiling Mask","PreservedInsect","Calling Bell","Oddly Smooth Stone","Slimebound:PreparedRelic","Ice Cream","Meat on the Bone","Guardian:StasisUpgradeRelic","sneckomod:BlankCard","Vajra","War Paint"],"acts_visited":["Exordium","TheCity","TheBeyond","TheEnding"],"potions_floor_usage":[43,43,55,55,55,55,55,55],"damage_taken":[{"damage":0.0,"enemies":"Small Slimes","floor":2.0,"turns":4.0},{"damage":3.0,"enemies":"Jaw Worm","floor":3.0,"turns":5.0},{"damage":0.0,"enemies":"downfall:FleeingMerchant","floor":6.0,"turns":4.0},{"damage":0.0,"enemies":"downfall:FleeingMerchant","floor":9.0,"turns":4.0},{"damage":0.0,"enemies":"Gremlin Nob","floor":10.0,"turns":5.0},{"damage":0.0,"enemies":"2 Louse","floor":11.0,"turns":2.0},{"damage":1.0,"enemies":"3 Sentries","floor":13.0,"turns":4.0},{"damage":8.0,"enemies":"Exordium Wildlife","floor":14.0,"turns":4.0},{"damage":4.0,"enemies":"Blue Slaver","floor":15.0,"turns":3.0},{"damage":4.0,"enemies":"DF_ARCHETYPE_STREAMLINE","floor":16.0,"turns":11.0},{"damage":0.0,"enemies":"3 Byrds","floor":19.0,"turns":3.0},{"damage":13.0,"enemies":"Shell Parasite","floor":20.0,"turns":6.0},{"damage":7.0,"enemies":"Shelled Parasite and Fungi","floor":21.0,"turns":6.0},{"damage":0.0,"enemies":"3 Cultists","floor":23.0,"turns":5.0},{"damage":17.0,"enemies":"Slavers","floor":27.0,"turns":3.0},{"damage":1.0,"enemies":"Centurion and Healer","floor":29.0,"turns":5.0},{"damage":0.0,"enemies":"Book of Stabbing","floor":30.0,"turns":5.0},{"damage":1.0,"enemies":"Snecko","floor":31.0,"turns":4.0},{"damage":10.0,"enemies":"Cultist and Chosen","floor":32.0,"turns":4.0},{"damage":17.0,"enemies":"SI_MIRROR_ARCHETYPE","floor":33.0,"turns":16.0},{"damage":3.0,"enemies":"Orb Walker","floor":36.0,"turns":3.0},{"damage":11.0,"enemies":"3 Shapes","floor":37.0,"turns":4.0},{"damage":12,"enemies":"Writhing Mass","floor":38,"turns":6},{"damage":0,"enemies":"Transient","floor":39,"turns":5},{"damage":0,"enemies":"downfall:FleeingMerchant","floor":40,"turns":4},{"damage":5,"enemies":"downfall:FleeingMerchant","floor":43,"turns":4},{"damage":16,"enemies":"4 Shapes","floor":46,"turns":2},{"damage":21,"enemies":"Writhing Mass","floor":47,"turns":6},{"damage":3,"enemies":"Giant Head","floor":48,"turns":6},{"damage":13,"enemies":"Transient","floor":49,"turns":5},{"damage":11,"enemies":"WA_ARCHETYPE_DIVINITY","floor":50,"turns":15},{"damage":24,"enemies":"downfall:CharBossMerchant","floor":52,"turns":9},{"damage":0,"enemies":"downfall:NeowBoss","floor":55,"turns":20},{"damage":122,"enemies":"downfall:NeowBossFinal","floor":56,"turns":20}],"seed_played":"5683967015916501169","potions_obtained":[{"floor":2.0,"key":"Fire Potion"},{"floor":10.0,"key":"SkillPotion"},{"floor":13.0,"key":"GamblersBrew"},{"floor":33.0,"key":"Fire Potion"},{"floor":48,"key":"champ:CounterPotion"}],"is_trial":false,"path_per_floor":["R","M","M","?","T","$","T","R","$","E","M","R","E","M","M","B",null,"R","M","M","M","?","M","T","?","R","E","R","M","E","M","M","B",null,"R","M","M","M","M","$","T","R","$","R","?","M","M","E","M","B",null,"E","$","R","B","B"],"character_chosen":"GUARDIAN","items_purchased":["Guardian:RollAttack","Guardian:Recover","EntropicBrew","Guardian:StasisUpgradeRelic","sneckomod:BlankCard","expansioncontent:QuickStudy","Strength Potion","Guardian:ConstructionForm+1"],"campfire_rested":0,"item_purchase_floors":[6,6,40,43,43,43,43,53],"current_hp_per_floor":[88,88,85,85,85,85,85,85,85,85,85,85,84,76,72,68,88,88,88,75,68,68,68,68,68,78,61,61,60,60,59,49,32,98,98,95,84,72,72,72,72,72,67,67,57,53,44,53,52,53,98,74,74,74,74,0,0,0],"gold":20,"neow_bonus":"TEN_PERCENT_HP_BONUS","is_daily":false,"chose_seed":false,"campfire_upgraded":9,"win_rate":0.0,"timestamp":1614426187,"path_taken":["R","M","M","?","?","?","T","R","$","E","M","R","E","M","M","BOSS","R","M","M","M","?","M","T","?","R","E","R","M","E","M","M","BOSS","R","M","M","M","M","$","T","R","$","R","?","M","M","E","M","BOSS","E","$","R","BOSS","BOSS"],"items_purchased_type":["Card","Card","Potion","Relic","Relic","Card","Potion","Card"],"build_version":"2020-12-22","purchased_purges":3,"victory":false,"max_hp_per_floor":[88,88,88,88,88,88,88,88,88,88,88,88,88,88,88,88,88,88,88,88,88,88,88,88,88,98,98,98,98,98,98,98,98,98,98,98,98,98,98,98,98,98,98,98,98,98,98,98,98,98,98,98,98,98,98,98,98,98],"card_choices":[{"not_picked":["Guardian:TimeCapacitor","Guardian:TemporalStrike"],"picked":"Guardian:FuturePlans","floor":2.0},{"not_picked":["Guardian:WalkerClaw","Guardian:RefractedBeam"],"picked":"Guardian:ShieldCharger","floor":3.0},{"not_picked":["Guardian:TimeCapacitor","Guardian:Planning"],"picked":"Guardian:ShieldCharger","floor":6.0},{"not_picked":["Guardian:Gem_Red","Guardian:BronzeArmor"],"picked":"Guardian:AncientConstruct+1","floor":9.0},{"not_picked":["Guardian:PrimingBeam","Guardian:RefractedBeam"],"picked":"Guardian:ChargeUp","floor":10.0},{"not_picked":["Guardian:TemporalStrike","Guardian:TemporalShield"],"picked":"Guardian:MultiBeam","floor":11.0},{"not_picked":["Guardian:VentSteam","Guardian:Preprogram","Guardian:ShieldCharger"],"picked":"SKIP","floor":13.0},{"not_picked":["Guardian:WalkerClaw","Guardian:BronzeOrb"],"picked":"Guardian:CrystalBeam","floor":14.0},{"not_picked":["Guardian:Harden","Guardian:PrismaticBeam"],"picked":"Guardian:TimeCapacitor+1","floor":15.0},{"not_picked":["Guardian:ExploitGems","Guardian:StasisEngine+1"],"picked":"Guardian:SphericShield","floor":16.0},{"not_picked":["Guardian:RollAttack","Guardian:DecasProtection+1","Guardian:PolyBeam+1"],"picked":"SKIP","floor":19.0},{"not_picked":["Guardian:Reroute","Guardian:ShieldSpikes"],"picked":"Guardian:BodySlam+1","floor":20.0},{"not_picked":["Guardian:PrismaticBeam+1","Guardian:BronzeOrb","Guardian:TemporalStrike"],"picked":"SKIP","floor":21.0},{"not_picked":["Guardian:TemporalStrike","Guardian:CrystalBeam+1"],"picked":"Guardian:Gem_Green","floor":23.0},{"not_picked":["Guardian:PiercingHide","Guardian:MultiBeam+1","Guardian:FloatingOrbs+1"],"picked":"SKIP","floor":27.0},{"not_picked":["Guardian:GuardianWhirl","Guardian:StasisField"],"picked":"Guardian:Gem_Green","floor":29.0},{"not_picked":["Guardian:PrismaticBeam+1","Guardian:FloatingOrbs+1"],"picked":"Guardian:Gem_Blue","floor":30.0},{"not_picked":["Guardian:Planning+1","Guardian:PrismaticBeam"],"picked":"Guardian:Gem_Cyan","floor":31.0},{"not_picked":["Guardian:Gem_Green","Guardian:Recover","Guardian:BronzeOrb"],"picked":"SKIP","floor":32.0},{"not_picked":["Guardian:StasisField","Guardian:CompilePackage"],"picked":"Guardian:BaubleBeam","floor":33.0},{"not_picked":["Guardian:Emergency+1","Guardian:MultiBeam","Guardian:WalkerClaw"],"picked":"SKIP","floor":36.0},{"not_picked":["Guardian:RefractedBeam+1","Guardian:ChargeCore+1","Guardian:CrystalBeam"],"picked":"SKIP","floor":37.0},{"not_picked":["Guardian:ShieldCharger","Guardian:CrystalBeam"],"picked":"Guardian:Gem_Lightblue","floor":38},{"not_picked":["Guardian:Suspension+1","Guardian:ChargeCore+1","Guardian:VentSteam"],"picked":"SKIP","floor":39},{"not_picked":["Guardian:Recover+1","Guardian:PrismaticBarrier","Guardian:TimeSifter+1"],"picked":"SKIP","floor":40},{"not_picked":["Guardian:Planning+1","Guardian:Suspension+1","Guardian:Recover+1"],"picked":"SKIP","floor":43},{"not_picked":["expansioncontent:PolyBeam","expansioncontent:Hexaburn"],"picked":"expansioncontent:AwakenDeath","floor":45},{"not_picked":["expansioncontent:PrepareCrush","expansioncontent:PolyBeam"],"picked":"expansioncontent:InvincibleStrength","floor":45},{"not_picked":["Guardian:PrismaticBarrier+1","Guardian:CrystalBeam","Guardian:Reroute+1"],"picked":"SKIP","floor":46},{"not_picked":["Guardian:ShieldSpikes","Guardian:Planning","Guardian:ChargeCore+1"],"picked":"SKIP","floor":47},{"not_picked":["Guardian:BronzeOrb+1","Guardian:AncientConstruct+1","Guardian:ChargeUp"],"picked":"SKIP","floor":48},{"not_picked":["Guardian:TemporalStrike+1","Guardian:Gem_Purple"],"picked":"Guardian:ShieldSpikes","floor":49},{"not_picked":["Guardian:WalkerClaw","Guardian:Planning+1"],"picked":"Guardian:Gem_Lightblue","floor":52}],"player_experience":348960,"relics_obtained":[{"floor":5.0,"key":"CeramicFish"},{"floor":7.0,"key":"Frozen Egg 2"},{"floor":10.0,"key":"Guardian:PocketSentry"},{"floor":13.0,"key":"Kunai"},{"floor":27.0,"key":"Smiling Mask"},{"floor":30.0,"key":"PreservedInsect"},{"floor":34.0,"key":"Oddly Smooth Stone"},{"floor":34.0,"key":"Slimebound:PreparedRelic"},{"floor":34.0,"key":"Ice Cream"},{"floor":41,"key":"Meat on the Bone"},{"floor":48,"key":"Vajra"},{"floor":52,"key":"War Paint"}],"event_choices":[{"damage_healed":0.0,"max_hp_gain":0.0,"max_hp_loss":0.0,"gold_gain":0.0,"event_name":"Vampires","player_choice":"Ignored","floor":25.0,"gold_loss":0.0,"damage_taken":0.0}],"is_beta":false,"boss_relics":[{"not_picked":["Runic Dome","SacredBark"],"picked":"Runic Pyramid"},{"not_picked":["Tiny House","sneckomod:SneckoTalon"],"picked":"Calling Bell"}],"items_purged_floors":[6,40,43],"is_endless":false,"potions_floor_spawned":[2,10,13,14,15,16,19,21,27,29,33,39,48,49,52],"killed_by":"downfall:NeowBossFinal","ascension_level":0}}