{"host":"dth8fvkfiulu86fi","time":1614426454,"event":{"mods":["2.2 Compatiblity","AchievementEnabler","BaseMod","Better Third Choice","Colored Map","Colored Powertips","Minty Spire (QoL Compilation)","Rare Cards Sparkle","StSLib","SuperFastMode","Synergy Search"],"gold_per_floor":[144,189,189,189,234,324,324,324,349,439,466,511,41,50,50,368,368,422,467,521,566,620,620,33,33,42,141,159,258,20,74,74,74,74],"floor_reached":33,"language":"ENG","playtime":1380,"items_purged":[],"score":393,"play_id":"e360fa51-770c-4887-8c22-3c2c1e3ad618","local_time":"20210227124734","daily_mods":["Cursed Run","Diverse","Midas"],"is_ascension_mode":false,"campfire_choices":[{"floor":8,"key":"REST"},{"floor":15,"key":"REST"},{"floor":23,"key":"REST"},{"floor":25,"key":"REST"},{"floor":32,"key":"REST"}],"circlet_count":0,"master_deck":["Defend_B","Defend_B+1","Defend_B","Defend_B","Zap","Dualcast+1","Slice","Glacier","Deflect","Writhe","Dark Shackles","Protect","Battle Trance","Mind Blast","Nirvana","Sweeping Beam","Choke","Injury","Injury","Fission","Aggregate","Bloodletting","Bite","Bite","Bite","Bite","Bite","FlurryOfBlows","Dramatic Entrance","Turbo","Shame","Slice+1","Pummel","Dodge and Roll","Ghostly Armor+1","Accuracy","Endless Agony","Heavy Blade"],"relics":["Cursed Key","Darkstone Periapt","Du-Vu Doll","Matryoshka","CeramicFish","Ancient Tea Set","Pantograph","Tiny Chest","StrikeDummy","HornCleat","ClockworkSouvenir","Sundial","Cables","Lizard Tail","Anchor"],"acts_visited":["Exordium","TheCity"],"potions_floor_usage":[16,16,16,29,33,33],"damage_taken":[{"damage":2,"enemies":"Small Slimes","floor":1,"turns":4},{"damage":0,"enemies":"Cultist","floor":2,"turns":3},{"damage":0,"enemies":"2 Louse","floor":5,"turns":3},{"damage":10,"enemies":"3 Sentries","floor":6,"turns":9},{"damage":31,"enemies":"Gremlin Nob","floor":10,"turns":5},{"damage":0,"enemies":"Large Slime","floor":12,"turns":6},{"damage":1,"enemies":"The Guardian","floor":16,"turns":8},{"damage":0,"enemies":"Spheric Guardian","floor":18,"turns":3},{"damage":4,"enemies":"Shell Parasite","floor":19,"turns":5},{"damage":3,"enemies":"Centurion and Healer","floor":20,"turns":7},{"damage":4,"enemies":"3 Cultists","floor":22,"turns":5},{"damage":26,"enemies":"Book of Stabbing","floor":27,"turns":5},{"damage":51,"enemies":"Gremlin Leader","floor":29,"turns":5},{"damage":5,"enemies":"Shelled Parasite and Fungi","floor":31,"turns":5},{"damage":168,"enemies":"Collector","floor":33,"turns":12}],"seed_played":"-2463471341485849212","potions_obtained":[{"floor":1,"key":"BlessingOfTheForge"},{"floor":6,"key":"Swift Potion"},{"floor":10,"key":"Dexterity Potion"},{"floor":19,"key":"Ancient Potion"},{"floor":27,"key":"Fire Potion"},{"floor":29,"key":"FocusPotion"}],"is_trial":false,"path_per_floor":["M","M","?","$","M","E","?","R","T","E","?","M","$","T","R","B",null,"M","M","M","?","M","R","$","R","T","E","?","E","$","M","R","B"],"character_chosen":"DEFECT","items_purchased":["Mind Blast","Pantograph","Nirvana","Sweeping Beam","Choke","HornCleat","Dramatic Entrance","Turbo","ClockworkSouvenir","Study","Bane","Anchor","Accuracy","Endless Agony"],"campfire_rested":5,"item_purchase_floors":[13,13,13,13,13,24,24,24,24,24,24,30,30,30],"current_hp_per_floor":[73,73,73,73,73,63,48,70,76,47,47,49,49,55,81,92,93,93,89,88,88,91,93,93,93,99,83,83,40,40,37,66,0,0],"gold":74,"neow_bonus":"","is_daily":true,"chose_seed":false,"campfire_upgraded":0,"win_rate":0.0,"timestamp":1614426454,"path_taken":["M","M","?","$","M","E","?","R","T","E","?","?","$","?","R","BOSS","M","M","M","?","M","R","$","R","T","E","?","E","$","M","R","BOSS"],"items_purchased_type":["Card","Relic","Card","Card","Card","Relic","Card","Card","Relic","Card","Card","Relic","Card","Card"],"build_version":"2020-12-22","purchased_purges":0,"victory":false,"max_hp_per_floor":[75,75,75,75,75,75,75,75,81,81,81,81,81,87,87,93,93,93,93,93,93,93,93,93,93,99,99,99,99,99,99,99,99,99],"card_choices":[{"not_picked":["Infernal Blade","Catalyst"],"picked":"Slice","floor":1},{"not_picked":["PathToVictory","Poisoned Stab"],"picked":"Glacier","floor":2},{"not_picked":["Meditate","Dual Wield"],"picked":"Deflect","floor":5},{"not_picked":["Wallop","CutThroughFate","Conclude"],"picked":"SKIP","floor":6},{"not_picked":["Storm","Hemokinesis","Force Field"],"picked":"SKIP","floor":10},{"not_picked":["Venomology","Blood for Blood","Havoc"],"picked":"SKIP","floor":12},{"not_picked":["Bullet Time","Juggernaut"],"picked":"Fission","floor":16},{"not_picked":["Study","CarveReality"],"picked":"Aggregate","floor":18},{"not_picked":["Melter","DeceiveReality","Headbutt"],"picked":"SKIP","floor":19},{"not_picked":["BowlingBash","Wallop"],"picked":"Bloodletting","floor":20},{"not_picked":["ThirdEye+1","FollowUp"],"picked":"FlurryOfBlows","floor":22},{"not_picked":["Double Energy+1","Perfected Strike"],"picked":"Slice+1","floor":27},{"not_picked":["Halt","Beam Cell+1"],"picked":"Ghostly Armor+1","floor":29},{"not_picked":["Thunder Strike","Entrench"],"picked":"Heavy Blade","floor":31}],"player_experience":1197891,"relics_obtained":[{"floor":6,"key":"Matryoshka"},{"floor":9,"key":"Blood Vial"},{"floor":9,"key":"CeramicFish"},{"floor":10,"key":"Ancient Tea Set"},{"floor":14,"key":"Tiny Chest"},{"floor":14,"key":"StrikeDummy"},{"floor":26,"key":"Sundial"},{"floor":27,"key":"Cables"},{"floor":29,"key":"Lizard Tail"}],"event_choices":[{"damage_healed":0,"gold_gain":0,"player_choice":"Grow","damage_taken":0,"max_hp_gain":0,"max_hp_loss":0,"event_name":"Living Wall","floor":3,"gold_loss":0,"cards_upgraded":["Dualcast"]},{"damage_healed":63,"gold_gain":0,"player_choice":"Upgrade","damage_taken":15,"max_hp_gain":0,"max_hp_loss":75,"event_name":"betterThird:BetterShining","floor":7,"gold_loss":0,"cards_upgraded":["Defend_B","Strike_B"]},{"damage_healed":0,"gold_gain":0,"player_choice":"3 cards matched","damage_taken":0,"max_hp_gain":0,"max_hp_loss":0,"event_name":"Match and Keep!","floor":11,"gold_loss":0,"cards_obtained":["Dark Shackles","Protect","Battle Trance"]},{"damage_healed":0,"gold_gain":0,"player_choice":"Became a vampire (Vial)","damage_taken":0,"max_hp_gain":0,"max_hp_loss":0,"event_name":"Vampires","floor":21,"relics_lost":["Blood Vial"],"gold_loss":0,"cards_obtained":["Bite","Bite","Bite","Bite","Bite"]},{"damage_healed":0,"gold_gain":0,"cards_transformed":["Bane","Study"],"player_choice":"Became Test Subject","damage_taken":0,"max_hp_gain":0,"max_hp_loss":0,"event_name":"Drug Dealer","floor":28,"gold_loss":0,"cards_obtained":["Pummel","Dodge and Roll"]}],"is_beta":false,"boss_relics":[{"not_picked":["Velvet Choker","Coffee Dripper","Runic Dome"]}],"items_purged_floors":[],"is_endless":false,"potions_floor_spawned":[1,6,10,19,27,29],"killed_by":"Collector","ascension_level":0}}