{"host":"dlqyscxstsnu98l1","time":1614419779,"event":{"mods":["AchievementEnabler","BaseMod","Colored Map","Colored Powertips","GifTheSpireLib","Highlight Path","Minty Spire (QoL Compilation)","Random Character Button","SacredBarkPlus","StSLib","everything is the same but u backflip on backflip"],"gold_per_floor":[114,114,289,309,50,50,85,85,109,109,143,161,161,181,181,281,281,297,314,314,314,158,158,185,185,185,203,203,237,237,251,251,346,646,656,669,669,13,30,56,56,91,144,144,144,144,155,55,55,55,55,55,7,36,36,36],"floor_reached":55,"language":"ENG","playtime":1759,"items_purged":["Doubt","Strike_R"],"score":1063,"play_id":"f54814fe-3200-4240-9911-4b8b177e8a90","local_time":"20210227035619","is_ascension_mode":true,"campfire_choices":[{"data":"Apotheosis","floor":6,"key":"SMITH"},{"data":"Bash","floor":8,"key":"SMITH"},{"data":"Anger","floor":10,"key":"SMITH"},{"data":"Shrug It Off","floor":13,"key":"SMITH"},{"floor":15,"key":"RECALL"},{"floor":23,"key":"REST"},{"floor":28,"key":"REST"},{"floor":30,"key":"REST"},{"data":"Demon Form","floor":32,"key":"SMITH"},{"floor":41,"key":"REST"},{"floor":46,"key":"REST"},{"floor":49,"key":"REST"},{"floor":52,"key":"REST"}],"circlet_count":0,"master_deck":["Strike_R","Strike_R","Strike_R","Strike_R","Defend_R","Defend_R","Defend_R","Defend_R","Bash+1","Anger+1","Apotheosis+1","Thunderclap+1","Shrug It Off+1","Sword Boomerang+1","Twin Strike+1","Demon Form+1","True Grit+1","Inflame","True Grit+1","Cleave+1","CurseOfTheBell","Dual Wield","Impervious","Power Through","Disarm","Heavy Blade+1","Clothesline+1","Carnage+1"],"relics":["Burning Blood","NeowsBlessing","Molten Egg 2","Bag of Marbles","Thread and Needle","Snecko Eye","Mercury Hourglass","Pen Nib","Pear","Meat on the Bone","CaptainsWheel","Calling Bell","Blood Vial","Sundial","Old Coin","Champion Belt","Medical Kit","Paper Frog","Red Skull","Mummified Hand"],"acts_visited":["Exordium","TheCity","TheBeyond","TheEnding"],"potions_floor_usage":[24,24,54,55],"damage_taken":[{"damage":0,"enemies":"Small Slimes","floor":1,"turns":2},{"damage":0,"enemies":"2 Louse","floor":4,"turns":1},{"damage":0,"enemies":"3 Sentries","floor":7,"turns":2},{"damage":25,"enemies":"Gremlin Nob","floor":11,"turns":4},{"damage":0,"enemies":"Jaw Worm","floor":12,"turns":4},{"damage":8,"enemies":"Exordium Thugs","floor":14,"turns":3},{"damage":34,"enemies":"The Guardian","floor":16,"turns":14},{"damage":21,"enemies":"Shell Parasite","floor":18,"turns":5},{"damage":21,"enemies":"2 Thieves","floor":19,"turns":3},{"damage":48,"enemies":"Slavers","floor":24,"turns":4},{"damage":24,"enemies":"Shelled Parasite and Fungi","floor":27,"turns":4},{"damage":28,"enemies":"Book of Stabbing","floor":29,"turns":4},{"damage":3,"enemies":"3 Cultists","floor":31,"turns":4},{"damage":6,"enemies":"Champ","floor":33,"turns":7},{"damage":0,"enemies":"3 Darklings","floor":35,"turns":4},{"damage":10,"enemies":"Orb Walker","floor":36,"turns":4},{"damage":0,"enemies":"4 Shapes","floor":39,"turns":1},{"damage":59,"enemies":"Nemesis","floor":40,"turns":7},{"damage":71,"enemies":"Giant Head","floor":42,"turns":7},{"damage":0,"enemies":"Jaw Worm Horde","floor":47,"turns":3},{"damage":66,"enemies":"Awakened One","floor":50,"turns":9},{"damage":11,"enemies":"Shield and Spear","floor":54,"turns":5},{"damage":88,"enemies":"The Heart","floor":55,"turns":8}],"seed_played":"-2781743753351895706","potions_obtained":[{"floor":4,"key":"ElixirPotion"},{"floor":7,"key":"SmokeBomb"},{"floor":19,"key":"DistilledChaos"},{"floor":24,"key":"DuplicationPotion"},{"floor":47,"key":"ColorlessPotion"}],"is_trial":false,"path_per_floor":["M","?","?","M","$","R","E","R","T","R","E","M","R","M","R","B",null,"M","M","?","?","$","R","E","T","T","M","R","E","R","M","R","B",null,"M","M","?","$","M","E","R","E","T","?","$","R","M","$","R","B",null,"R","$","E","B"],"character_chosen":"IRONCLAD","items_purchased":["Apotheosis","Inflame","EssenceOfSteel","Champion Belt","Medical Kit","Impervious","Power Through","Strength Potion"],"campfire_rested":7,"item_purchase_floors":[5,22,22,38,38,38,38,53],"current_hp_per_floor":[78,78,78,80,80,80,80,80,80,80,61,67,67,65,65,37,69,54,39,39,39,39,63,21,31,31,25,52,42,69,72,72,72,86,90,86,86,86,90,49,76,25,25,25,25,52,60,60,87,41,78,90,90,85,0,0],"gold":36,"neow_bonus":"THREE_ENEMY_KILL","is_daily":false,"chose_seed":false,"campfire_upgraded":5,"win_rate":0.0,"timestamp":1614419779,"path_taken":["M","?","?","M","$","R","E","R","T","R","E","M","R","M","R","BOSS","M","M","?","?","$","R","E","?","T","?","R","E","R","M","R","BOSS","M","M","?","$","M","E","R","E","T","?","?","R","M","$","R","BOSS","R","$","E","BOSS"],"items_purchased_type":["Card","Card","Potion","Relic","Relic","Card","Card","Potion"],"build_version":"2020-12-22","purchased_purges":2,"victory":false,"max_hp_per_floor":[80,80,80,80,80,80,80,80,80,80,80,80,80,80,80,80,80,80,80,80,80,80,80,80,90,90,90,90,90,90,90,90,90,90,90,90,90,90,90,90,90,90,90,90,90,90,90,90,90,90,90,90,90,90,90,90],"card_choices":[{"not_picked":["Perfected Strike","Pommel Strike"],"picked":"Anger","floor":1},{"not_picked":["Headbutt","Rupture","Anger"],"picked":"SKIP","floor":4},{"not_picked":["Battle Trance","Burning Pact"],"picked":"Thunderclap+1","floor":7},{"not_picked":["Reckless Charge+1","Flex"],"picked":"Shrug It Off","floor":11},{"not_picked":["Wild Strike+1","Infernal Blade"],"picked":"Sword Boomerang+1","floor":12},{"not_picked":["Dropkick+1","Anger+1"],"picked":"Twin Strike+1","floor":14},{"not_picked":["Juggernaut","Limit Break"],"picked":"Demon Form","floor":16},{"not_picked":["Sever Soul+1","Ghostly Armor"],"picked":"True Grit+1","floor":18},{"not_picked":["Body Slam+1","Pommel Strike+1","True Grit"],"picked":"SKIP","floor":19},{"not_picked":["Thunderclap+1","Clash+1","Juggernaut"],"picked":"SKIP","floor":24},{"not_picked":["Anger+1","Armaments","Headbutt+1"],"picked":"SKIP","floor":27},{"not_picked":["Intimidate","Rupture+1"],"picked":"True Grit+1","floor":29},{"not_picked":["Shrug It Off","Flame Barrier"],"picked":"Cleave+1","floor":31},{"not_picked":["Warcry","Havoc+1","Pommel Strike+1"],"picked":"SKIP","floor":35},{"not_picked":["Anger+1","Iron Wave+1"],"picked":"Dual Wield","floor":36},{"not_picked":["Dark Embrace","Fiend Fire+1"],"picked":"Disarm","floor":39},{"not_picked":["Twin Strike+1","Shrug It Off"],"picked":"Heavy Blade+1","floor":40},{"not_picked":["Rampage+1","Wild Strike+1"],"picked":"Clothesline+1","floor":42},{"not_picked":["Thunderclap+1","Bloodletting"],"picked":"Carnage+1","floor":47},{"not_picked":["Anger+1","Body Slam+1","Seeing Red"],"picked":"SKIP","floor":54}],"player_experience":294941,"relics_obtained":[{"floor":7,"key":"Molten Egg 2"},{"floor":9,"key":"Bag of Marbles"},{"floor":11,"key":"Thread and Needle"},{"floor":24,"key":"Pen Nib"},{"floor":25,"key":"Pear"},{"floor":26,"key":"Meat on the Bone"},{"floor":29,"key":"CaptainsWheel"},{"floor":34,"key":"Blood Vial"},{"floor":34,"key":"Sundial"},{"floor":34,"key":"Old Coin"},{"floor":40,"key":"Paper Frog"},{"floor":42,"key":"Red Skull"},{"floor":54,"key":"Mummified Hand"}],"event_choices":[{"damage_healed":0,"gold_gain":0,"player_choice":"Ignored","damage_taken":0,"max_hp_gain":0,"max_hp_loss":0,"event_name":"Golden Wing","floor":2,"gold_loss":0},{"damage_healed":0,"gold_gain":175,"player_choice":"AGREE","damage_taken":0,"max_hp_gain":0,"max_hp_loss":0,"event_name":"Liars Game","floor":3,"gold_loss":0,"cards_obtained":["Doubt"]},{"damage_healed":0,"gold_gain":0,"player_choice":"Opened","damage_taken":0,"relics_obtained":["Mercury Hourglass"],"max_hp_gain":0,"max_hp_loss":0,"event_name":"The Mausoleum","floor":20,"gold_loss":0},{"damage_healed":0,"gold_gain":0,"player_choice":"Ignored","damage_taken":0,"max_hp_gain":0,"max_hp_loss":0,"event_name":"Beggar","floor":21,"gold_loss":0},{"damage_healed":0,"gold_gain":0,"player_choice":"Memory 1","damage_taken":0,"max_hp_gain":0,"max_hp_loss":0,"event_name":"SensoryStone","floor":37,"gold_loss":0},{"damage_healed":0,"gold_gain":0,"player_choice":"Ignored","damage_taken":0,"max_hp_gain":0,"max_hp_loss":0,"event_name":"Tomb of Lord Red Mask","floor":44,"gold_loss":0}],"is_beta":false,"boss_relics":[{"not_picked":["Pandora\u0027s Box","Ectoplasm"],"picked":"Snecko Eye"},{"not_picked":["Busted Crown","Mark of Pain"],"picked":"Calling Bell"}],"items_purged_floors":[5,48],"is_endless":false,"potions_floor_spawned":[4,7,19,24,47],"killed_by":"The Heart","ascension_level":7}}