{"host":"iao9zlhzdan4iyha","time":1614449566,"event":{"mods":["BaseMod","Bestiary","BetterRewards","Curses Come First","Downfall","Hermit","Ironclad Rager","Minty Spire (QoL Compilation)","Quick Restart","Reliquary","Replay The Spire","Shop Mod","StSLib","The Bug Knight","The Runesmith"],"gold_per_floor":[114,133,20,20,33,69,69,94,119,119,119,119,119,132,132,251,251,269,284,284,40,40,75,75,101,101,101,101,101,101,134,134,237,237,250,250,525,536,536,569,581,603,615,230,81,81,97,124,124,124],"floor_reached":51,"language":"ENG","playtime":2310,"items_purged":[],"score":715,"play_id":"e49193b0-5ba4-467d-bd75-5c1c7af5d00a","local_time":"20210227181246","is_ascension_mode":true,"campfire_choices":[{"floor":7.0,"key":"REST"},{"data":"Inflame","floor":11.0,"key":"SMITH"},{"data":"Metallicize","floor":13.0,"key":"SMITH"},{"data":"ReplayTheSpireMod:LeadingStrike","floor":15.0,"key":"SMITH"},{"data":"Perfected Strike","floor":24.0,"key":"SMITH"},{"data":"Swift Strike","floor":28.0,"key":"SMITH"},{"floor":30.0,"key":"REST"},{"floor":32.0,"key":"DIG"},{"floor":41.0,"key":"REST"},{"data":"Armaments","floor":46.0,"key":"SMITH"}],"circlet_count":0,"master_deck":["Bash+1","ICR:RageStrike","ICR:RageStrike","ICR:RageStrike","ICR:RageStrike","ICR:RageStrike","ICR:ShieldBash","ICR:ShieldBash","ICR:ShieldBash","ICR:ShieldBash","ReplayTheSpireMod:LeadingStrike+1","Thunderclap","Metallicize+1","Perfected Strike+1","Perfected Strike+1","Injury","Pommel Strike","Inflame+1","Perfected Strike+1","Combust","Immolate","Rage","Intimidate","Fire Breathing","Swift Strike+1","Cleave","Cleave+1","Clash","Disarm","Perfected Strike","Ghostly Armor+1","ReplayTheSpireMod:Private Reserves","Reckless Charge","Reaper","Armaments+1","ReplayTheSpireMod:Corrosion Curse+1","Anger","Combust","Perfected Strike","Rampage+1"],"relics":["Burning Blood","Bloody Idol","Pen Nib","Runic Cube","Necronomicon","Runesmith:AutoHammer","Red Mask","Replay:Mystery Machine","HollowMod:PaleOreRelic","Ring of Chaos","reliquary:ExpiredCoupon","MerchantsRug","Paper Frog","Replay:Rubber Ducky","Lantern","Replay:Multitool"],"acts_visited":["Exordium","TheCity","TheBeyond"],"potions_floor_usage":[50,50,50],"damage_taken":[{"damage":5.0,"enemies":"Jaw Worm","floor":1.0,"turns":5.0},{"damage":0.0,"enemies":"2 Louse","floor":2.0,"turns":3.0},{"damage":3.0,"enemies":"Cultist","floor":5.0,"turns":3.0},{"damage":38.0,"enemies":"Lagavulin","floor":6.0,"turns":8.0},{"damage":4.0,"enemies":"Large Slime","floor":8.0,"turns":5.0},{"damage":13.0,"enemies":"2 Fungi Beasts","floor":14.0,"turns":3.0},{"damage":39.0,"enemies":"The Guardian","floor":16.0,"turns":6.0},{"damage":6.0,"enemies":"Chosen","floor":18.0,"turns":3.0},{"damage":6.0,"enemies":"2 Thieves","floor":19.0,"turns":3.0},{"damage":11.0,"enemies":"Replay:Snechameleon","floor":23.0,"turns":2.0},{"damage":8.0,"enemies":"Masked Bandits","floor":25.0,"turns":3.0},{"damage":14.0,"enemies":"Slavers","floor":31.0,"turns":2.0},{"damage":73.0,"enemies":"Automaton","floor":33.0,"turns":7.0},{"damage":8.0,"enemies":"3 Darklings","floor":35.0,"turns":3.0},{"damage":12.0,"enemies":"Orb Walker","floor":38.0,"turns":3.0},{"damage":52.0,"enemies":"Giant Head","floor":40.0,"turns":6.0},{"damage":43.0,"enemies":"Maw","floor":42.0,"turns":5.0},{"damage":12.0,"enemies":"3 Darklings","floor":47.0,"turns":4.0},{"damage":23.0,"enemies":"Nemesis","floor":48.0,"turns":5.0},{"damage":85,"enemies":"Replay:Hell Engine","floor":50,"turns":7}],"seed_played":"-3212377489221028628","potions_obtained":[{"floor":6.0,"key":"FearPotion"},{"floor":8.0,"key":"Doom Potion"},{"floor":16.0,"key":"ElixirPotion"},{"floor":18.0,"key":"CultistPotion"},{"floor":33.0,"key":"hexamod:SoulburnPotion"},{"floor":38.0,"key":"FearPotion"},{"floor":39.0,"key":"Death Potion"},{"floor":40.0,"key":"Doom Potion"}],"is_trial":false,"path_per_floor":["M","M","$","?","M","E","R","M","T","?","R","?","R","M","R","B",null,"M","M","?","$","?","E","R","?","T","?","R","?","R","E","R","B",null,"M","?","?","M","?","E","R","M","T","$","$","R","M","E","R","B",null],"character_chosen":"IRONCLAD","items_purchased":["Metallicize","Perfected Strike","Fire Breathing","Swift Strike","Cleave","Clash","MerchantsRug","Anger","Paper Frog","Replay:Rubber Ducky","Combust","Lantern"],"campfire_rested":3,"item_purchase_floors":[3,3,21,21,21,21,44,44,44,44,44,45],"current_hp_per_floor":[80,80,80,80,80,48,72,74,74,74,74,74,74,67,67,34,80,80,80,64,64,64,64,64,67,67,67,67,67,80,77,77,15,80,80,80,80,79,79,38,67,46,51,80,80,80,80,77,80,9],"gold":124,"neow_bonus":"IRONCLAD_RAGER","is_daily":false,"chose_seed":false,"campfire_upgraded":6,"win_rate":0.0,"timestamp":1614449566,"path_taken":["M","M","$","?","M","E","R","M","T","?","R","?","R","M","R","BOSS","M","M","?","$","?","E","R","?","T","?","R","?","R","E","R","BOSS","M","?","?","?","?","E","R","M","T","?","$","R","M","E","R","BOSS"],"items_purchased_type":["Card","Card","Card","Card","Card","Card","Relic","Card","Relic","Relic","Card","Relic"],"build_version":"2020-12-22","purchased_purges":0,"victory":true,"max_hp_per_floor":[80,80,80,80,80,80,80,80,80,80,80,80,80,80,80,80,80,80,80,80,80,80,80,80,80,80,80,80,80,80,80,80,80,80,80,80,80,80,80,80,80,80,80,80,80,80,80,80,80,80],"card_choices":[{"not_picked":["Clothesline","True Grit"],"picked":"ReplayTheSpireMod:LeadingStrike","floor":1.0},{"not_picked":["Replay:Undeath\u0027s Touch","Searing Blow"],"picked":"Thunderclap","floor":2.0},{"not_picked":["Heavy Blade","Twin Strike"],"picked":"Pommel Strike","floor":5.0},{"not_picked":["Demonic Infusion","True Grit"],"picked":"Inflame","floor":6.0},{"not_picked":["Headbutt","Rupture"],"picked":"Perfected Strike","floor":8.0},{"not_picked":["Massacre","Body Slam"],"picked":"Combust","floor":14.0},{"not_picked":["Impervious","Barricade"],"picked":"Immolate","floor":16.0},{"not_picked":["Warcry","Thunderclap"],"picked":"Rage","floor":18.0},{"not_picked":["Pommel Strike","Heavy Blade"],"picked":"Intimidate","floor":19.0},{"not_picked":["ICR:Frenzy","Rupture+1","Hemokinesis"],"picked":"SKIP","floor":23.0},{"not_picked":["Warcry","Cleave"],"picked":"Disarm","floor":25.0},{"not_picked":["Shrug It Off","Intimidate"],"picked":"Perfected Strike","floor":31.0},{"not_picked":["Replay:Many Hands","Demon Form"],"picked":"Reaper","floor":33.0},{"not_picked":["Dark Embrace","Heavy Blade"],"picked":"Reckless Charge","floor":35.0},{"not_picked":["ReplayTheSpireMod:Uncanny Aura","Secret Technique"],"picked":"ReplayTheSpireMod:Private Reserves","floor":36.0},{"not_picked":["Sword Boomerang","Body Slam+1"],"picked":"Ghostly Armor+1","floor":38.0},{"not_picked":["Clothesline+1","Demonic Infusion"],"picked":"ReplayTheSpireMod:Corrosion Curse+1","floor":40.0},{"not_picked":["Rampage+1","Defy Death"],"picked":"Armaments","floor":42.0},{"not_picked":["Anger","Twin Strike+1"],"picked":"Perfected Strike","floor":47.0},{"not_picked":["Body Slam","Spot Weakness+1"],"picked":"Rampage+1","floor":48.0}],"player_experience":113737,"relics_obtained":[{"floor":6.0,"key":"Omamori"},{"floor":9.0,"key":"reliquary:Buckler"},{"floor":20.0,"key":"Necronomicon"},{"floor":23.0,"key":"Runesmith:AutoHammer"},{"floor":25.0,"key":"Red Mask"},{"floor":26.0,"key":"Charon\u0027s Ashes"},{"floor":31.0,"key":"reliquary:Sideboard"},{"floor":32.0,"key":"HollowMod:PaleOreRelic"},{"floor":40.0,"key":"MawBank"},{"floor":43.0,"key":"reliquary:ExpiredCoupon"},{"floor":48.0,"key":"Replay:Multitool"}],"event_choices":[{"damage_healed":0.0,"max_hp_gain":0.0,"max_hp_loss":0.0,"gold_gain":0.0,"event_name":"Golden Idol","player_choice":"Take Wound","floor":4.0,"gold_loss":0.0,"damage_taken":0.0,"relics_obtained":["Golden Idol"],"cards_obtained":["Injury"]},{"damage_healed":0.0,"max_hp_gain":0.0,"max_hp_loss":0.0,"gold_gain":0.0,"event_name":"WeMeetAgain","player_choice":"Gave Potion","floor":12.0,"gold_loss":0.0,"damage_taken":0.0,"relics_obtained":["Pen Nib"]},{"damage_healed":0.0,"max_hp_gain":0.0,"max_hp_loss":0.0,"gold_gain":0.0,"event_name":"Cursed Tome","player_choice":"Obtained Book","floor":20.0,"gold_loss":0.0,"damage_taken":16.0},{"damage_healed":0.0,"max_hp_gain":0.0,"max_hp_loss":0.0,"gold_gain":0.0,"event_name":"Forgotten Altar","player_choice":"Gave Idol","floor":22.0,"relics_lost":["Golden Idol"],"gold_loss":0.0,"damage_taken":0.0,"relics_obtained":["Bloody Idol"]},{"damage_healed":0.0,"max_hp_gain":0.0,"max_hp_loss":0.0,"gold_gain":0.0,"event_name":"Masked Bandits","player_choice":"Fought Bandits","floor":25.0,"gold_loss":0.0,"damage_taken":0.0},{"damage_healed":0.0,"max_hp_gain":0.0,"max_hp_loss":0.0,"gold_gain":0.0,"event_name":"The Mausoleum","player_choice":"Opened","floor":27.0,"gold_loss":0.0,"damage_taken":0.0,"relics_obtained":["Replay:Mystery Machine"]},{"damage_healed":0.0,"max_hp_gain":0.0,"max_hp_loss":0.0,"gold_gain":0.0,"event_name":"SensoryStone","player_choice":"Memory 1","floor":36.0,"gold_loss":0.0,"damage_taken":0.0},{"damage_healed":0.0,"max_hp_gain":0.0,"max_hp_loss":0.0,"gold_gain":275.0,"event_name":"Golden Shrine","player_choice":"Desecrate","floor":37.0,"gold_loss":0.0,"damage_taken":0.0,"cards_obtained":["Regret"]},{"damage_healed":0.0,"max_hp_gain":0.0,"max_hp_loss":0.0,"gold_gain":0.0,"event_name":"Lab","player_choice":"Got Potions","floor":39.0,"gold_loss":0.0,"damage_taken":0.0}],"is_beta":false,"boss_relics":[{"not_picked":["reliquary:RedPaperclip","Velvet Choker"],"picked":"Runic Cube"},{"not_picked":["SlaversCollar","Runic Dome"],"picked":"Ring of Chaos"}],"items_purged_floors":[],"is_endless":false,"potions_floor_spawned":[6,8,16,18,33,38,40],"ascension_level":1}}