{"host":"m1loc25s2tepoquo","time":1614402979,"event":{"mods":["BaseMod","Minty Spire (QoL Compilation)","SuperFastMode"],"gold_per_floor":[109,109,126,138,138,138,172,172,172,172,192,205,205,225,225,225,225],"floor_reached":16,"language":"ENG","playtime":900,"items_purged":[],"score":102,"play_id":"c0d5e0f7-619a-45f0-a3af-860575eeb061","local_time":"20210226231619","is_ascension_mode":false,"campfire_choices":[{"data":"Catalyst","floor":6,"key":"SMITH"},{"floor":8,"key":"REST"},{"floor":10,"key":"DIG"},{"floor":15,"key":"REST"}],"circlet_count":0,"master_deck":["Strike_G","Strike_G","Strike_G","Strike_G","Defend_G","Defend_G","Defend_G","Defend_G","Survivor","Neutralize","Backflip","Finisher","Deadly Poison","Poisoned Stab","Catalyst+1","Prepared"],"relics":["Ring of the Snake","Tough Bandages","Golden Idol","Singing Bowl","Shovel","Torii"],"acts_visited":["Exordium"],"potions_floor_usage":[11,16],"damage_taken":[{"damage":5,"enemies":"Small Slimes","floor":1,"turns":4},{"damage":0,"enemies":"2 Louse","floor":3,"turns":3},{"damage":0,"enemies":"Cultist","floor":4,"turns":3},{"damage":30,"enemies":"3 Sentries","floor":7,"turns":12},{"damage":1,"enemies":"Exordium Thugs","floor":11,"turns":4},{"damage":1,"enemies":"Looter","floor":12,"turns":3},{"damage":1,"enemies":"Blue Slaver","floor":14,"turns":3},{"damage":55,"enemies":"Slime Boss","floor":16,"turns":13}],"seed_played":"-4020594041559017509","potions_obtained":[{"floor":7,"key":"Fire Potion"},{"floor":14,"key":"ColorlessPotion"}],"is_trial":false,"path_per_floor":["M","?","M","M","?","R","E","R","T","R","M","M","?","M","R","B"],"character_chosen":"THE_SILENT","items_purchased":[],"campfire_rested":2,"item_purchase_floors":[],"current_hp_per_floor":[44,41,41,41,41,41,13,33,33,33,32,33,33,34,55,0,0],"gold":225,"neow_bonus":"TRANSFORM_TWO_CARDS","is_daily":false,"chose_seed":false,"campfire_upgraded":1,"win_rate":0.0,"timestamp":1614402979,"path_taken":["M","?","M","M","?","R","E","R","T","R","M","M","?","?","R","BOSS"],"items_purchased_type":[],"build_version":"2020-12-22","purchased_purges":0,"victory":false,"max_hp_per_floor":[70,70,70,70,65,65,67,67,67,67,67,69,69,71,71,71,71],"card_choices":[{"not_picked":["Deflect","PiercingWail"],"picked":"Deadly Poison","floor":1},{"not_picked":["Dodge and Roll","Acrobatics"],"picked":"Poisoned Stab","floor":3},{"not_picked":["Prepared","Leg Sweep"],"picked":"Catalyst","floor":4},{"not_picked":["Dagger Spray","Dagger Throw","Quick Slash"],"picked":"Singing Bowl","floor":7},{"not_picked":["PiercingWail","Dodge and Roll"],"picked":"Prepared","floor":11},{"not_picked":["Phantasmal Killer","Prepared","Outmaneuver"],"picked":"Singing Bowl","floor":12},{"not_picked":["Outmaneuver","Bane","Sucker Punch"],"picked":"Singing Bowl","floor":14}],"player_experience":129416,"relics_obtained":[{"floor":7,"key":"Singing Bowl"},{"floor":9,"key":"Shovel"},{"floor":10,"key":"Torii"}],"event_choices":[{"damage_healed":0,"gold_gain":0,"player_choice":"Success","damage_taken":3,"relics_obtained":["Tough Bandages"],"max_hp_gain":0,"max_hp_loss":0,"event_name":"Scrap Ooze","floor":2,"gold_loss":0},{"damage_healed":0,"gold_gain":0,"player_choice":"Lose Max HP","damage_taken":0,"relics_obtained":["Golden Idol"],"max_hp_gain":0,"max_hp_loss":5,"event_name":"Golden Idol","floor":5,"gold_loss":0},{"damage_healed":0,"gold_gain":0,"player_choice":"Ignored","damage_taken":0,"max_hp_gain":0,"max_hp_loss":0,"event_name":"NoteForYourself","floor":13,"gold_loss":0}],"is_beta":false,"boss_relics":[],"items_purged_floors":[],"is_endless":false,"potions_floor_spawned":[7,14],"killed_by":"Slime Boss","ascension_level":0}}