{"host":"w11d5xug8ost5klq","time":1614393640,"event":{"mods":["100% Spire Juice","2.2 Compatiblity","BaseMod","Better Third Choice","Emptier Cage","Highlight Path","KinomotoSakuraMod(????)","Minty Spire (QoL Compilation)","Quick Restart","Reliquary","Shapeshifter Mod","Spicy Shops","StSLib","The Alterego","The Hierophant","WarShipGirlsR/????R mod"],"gold_per_floor":[119,134,59,78,28,28,28,65,65,65,65,65],"floor_reached":11,"language":"ENG","playtime":274,"items_purged":["Decay"],"score":66,"play_id":"6fe88c00-c647-4f5b-aab3-53deb6ebd2f3","local_time":"20210226204040","is_ascension_mode":true,"campfire_choices":[{"data":"hierophant:RustyCrate","floor":6,"key":"SMITH"}],"circlet_count":0,"master_deck":["hierophant:Strike_Hierophant","hierophant:Strike_Hierophant","hierophant:Strike_Hierophant","hierophant:Punish","hierophant:Defend_Hierophant","hierophant:Defend_Hierophant","hierophant:Defend_Hierophant","hierophant:Defend_Hierophant","hierophant:ChurchCoffers","hierophant:MintersHammer","hierophant:Doubloon+1","hierophant:RustyCrate+1","hierophant:Doubloon+1","hierophant:Doubloon+1","hierophant:FaithHealing"],"relics":["hierophant:PropheticMaskRelic","Golden Idol","Bird Faced Urn"],"acts_visited":["Exordium"],"potions_floor_usage":[8],"damage_taken":[{"damage":19,"enemies":"Jaw Worm","floor":1,"turns":5},{"damage":2,"enemies":"2 Louse","floor":2,"turns":2},{"damage":0,"enemies":"Small Slimes","floor":4,"turns":2},{"damage":0,"enemies":"Looter","floor":8,"turns":1},{"damage":69,"enemies":"Gremlin Nob","floor":11,"turns":5}],"seed_played":"7900551698896530046","potions_obtained":[{"floor":1,"key":"Energy Potion"},{"floor":8,"key":"Fire Potion"}],"is_trial":false,"path_per_floor":["M","M","$","M","?","R","?","M","T","$","E"],"character_chosen":"HIEROPHANT","items_purchased":[],"campfire_rested":0,"item_purchase_floors":[],"current_hp_per_floor":[56,54,54,54,54,54,54,54,54,54,0,0],"gold":65,"neow_bonus":"THREE_RARE_CARDS","is_daily":false,"chose_seed":false,"campfire_upgraded":1,"win_rate":0.0,"timestamp":1614393640,"path_taken":["M","M","$","M","?","R","?","M","T","$","E"],"items_purchased_type":[],"build_version":"2020-12-22","purchased_purges":1,"victory":false,"max_hp_per_floor":[75,75,75,75,75,75,69,69,69,69,69,69],"card_choices":[{"not_picked":["hierophant:Anathema","hierophant:AuricForm"],"picked":"hierophant:MintersHammer","floor":0},{"not_picked":["hierophant:OrnateJavelin","hierophant:HammerAndAnvil","hierophant:ThreeLashes"],"picked":"SKIP","floor":1},{"not_picked":["hierophant:HolyVerse","hierophant:AuricBeam"],"picked":"hierophant:Doubloon","floor":2},{"not_picked":["hierophant:MorningPrayer","hierophant:FaithHealing"],"picked":"hierophant:RustyCrate","floor":4},{"not_picked":["hierophant:Shelter","hierophant:PassingBell"],"picked":"hierophant:FaithHealing","floor":8}],"player_experience":147050,"relics_obtained":[{"floor":9,"key":"Bird Faced Urn"}],"event_choices":[{"cards_removed":["hierophant:Strike_Hierophant"],"damage_healed":0,"gold_gain":0,"player_choice":"Card Removal","damage_taken":0,"max_hp_gain":0,"max_hp_loss":0,"event_name":"The Cleric","floor":5,"gold_loss":50},{"damage_healed":0,"gold_gain":0,"player_choice":"Lose Max HP","damage_taken":0,"relics_obtained":["Golden Idol"],"max_hp_gain":0,"max_hp_loss":6,"event_name":"Golden Idol","floor":7,"gold_loss":0}],"is_beta":false,"boss_relics":[],"items_purged_floors":[3],"is_endless":false,"potions_floor_spawned":[1,8],"killed_by":"Gremlin Nob","ascension_level":1}}