{"host":"seyebgsfkenzddlz","time":1614424837,"event":{"mods":["AchievementEnabler","BaseMod","Bestiary","Block Reminder","Colored Powertips","Minty Spire (QoL Compilation)","Practice Mode","Relic Stats"],"gold_per_floor":[361,361,376,3,3,3,29,44,97,115,134,134,148,148,148,246,246,262,281,300,300,300,300,399,399,399],"floor_reached":25,"language":"RUS","playtime":1211,"items_purged":[],"score":256,"play_id":"834d9bc2-0bbf-4c38-80ed-b1c647670079","local_time":"20210227212037","is_ascension_mode":true,"campfire_choices":[{"data":"Double Energy","floor":6.0,"key":"SMITH"},{"floor":12.0,"key":"REST"},{"floor":15.0,"key":"REST"}],"circlet_count":0,"master_deck":["Strike_B","Defend_B","Defend_B","Defend_B","Defend_B","Zap","Dualcast","Barrage","Doom and Gloom","Double Energy+1","Magnetism","FTL","BootSequence","Fusion","Redo","Self Repair","Streamline","Coolheaded","Buffer","CurseOfTheBell","Capacitor+1","Defragment+1","Leap","Decay","Writhe"],"relics":["Cracked Core","Orichalcum","Calling Bell","Smiling Mask","Pear","Pocketwatch","Regal Pillow"],"acts_visited":["Exordium","TheCity"],"potions_floor_usage":[25],"damage_taken":[{"damage":3.0,"enemies":"Jaw Worm","floor":1.0,"turns":4.0},{"damage":1.0,"enemies":"Cultist","floor":3.0,"turns":4.0},{"damage":30.0,"enemies":"3 Sentries","floor":7.0,"turns":8.0},{"damage":0.0,"enemies":"2 Louse","floor":8.0,"turns":2.0},{"damage":10.0,"enemies":"Gremlin Gang","floor":10.0,"turns":3.0},{"damage":6.0,"enemies":"Large Slime","floor":11.0,"turns":4.0},{"damage":23.0,"enemies":"3 Louse","floor":13.0,"turns":4.0},{"damage":23.0,"enemies":"Slime Boss","floor":16.0,"turns":8.0},{"damage":18.0,"enemies":"3 Byrds","floor":18.0,"turns":5.0},{"damage":6.0,"enemies":"Chosen","floor":19.0,"turns":4.0},{"damage":23.0,"enemies":"Shelled Parasite and Fungi","floor":20.0,"turns":8.0},{"damage":0.0,"enemies":"Slavers","floor":23.0,"turns":1.0},{"damage":54,"enemies":"Masked Bandits","floor":25,"turns":5}],"seed_played":"-6457810034266568418","potions_obtained":[{"floor":3.0,"key":"SmokeBomb"},{"floor":7.0,"key":"CultistPotion"},{"floor":8.0,"key":"Strength Potion"},{"floor":16.0,"key":"ColorlessPotion"}],"is_trial":false,"path_per_floor":["M","?","M","$","?","R","E","M","T","M","M","R","M","?","R","B",null,"M","M","M","?","?","E","?","?"],"character_chosen":"DEFECT","items_purchased":["Double Energy","Magnetism","FTL","BootSequence"],"campfire_rested":2,"item_purchase_floors":[4,4,4,4],"current_hp_per_floor":[65,58,57,57,57,57,27,27,27,17,18,38,22,22,42,26,78,67,68,52,52,52,52,52,0,0],"gold":399,"neow_bonus":"TWO_FIFTY_GOLD","is_daily":false,"chose_seed":false,"campfire_upgraded":1,"win_rate":0.0,"timestamp":1614424837,"path_taken":["M","?","M","$","?","R","E","M","T","?","M","R","M","?","R","BOSS","M","M","?","?","?","E","?","?"],"items_purchased_type":["Card","Card","Card","Card"],"build_version":"2020-12-22","purchased_purges":0,"victory":false,"max_hp_per_floor":[68,68,68,68,68,68,68,68,68,68,68,68,68,68,68,68,78,78,78,78,78,78,78,78,78,78],"relic_stats":{"Regal Pillow":0,"counters":[13,60],"Orichalcum":[114],"Smiling Mask":0,"obtain_stats":[{"Calling Bell":17,"Regal Pillow":22,"Pear":17,"Orichalcum":7,"Cracked Core":0,"Smiling Mask":17,"Pocketwatch":17},{"Calling Bell":8,"Regal Pillow":11,"Pear":8,"Orichalcum":3,"Cracked Core":0,"Smiling Mask":8,"Pocketwatch":8},{"Calling Bell":37,"Regal Pillow":54,"Pear":37,"Orichalcum":16,"Cracked Core":0,"Smiling Mask":37,"Pocketwatch":37}],"Pocketwatch":[27]},"card_choices":[{"not_picked":["Steam","Compile Driver"],"picked":"Barrage","floor":1.0},{"not_picked":["Turbo","Sweeping Beam"],"picked":"Doom and Gloom","floor":3.0},{"not_picked":["Gash","Cold Snap"],"picked":"Fusion","floor":7.0},{"not_picked":["Ball Lightning","Stack"],"picked":"Redo","floor":8.0},{"not_picked":["Rip and Tear","Hologram"],"picked":"Self Repair","floor":10.0},{"not_picked":["Hyperbeam","Gash"],"picked":"Streamline","floor":11.0},{"not_picked":["Tempest","Stack"],"picked":"Coolheaded","floor":13.0},{"not_picked":["Rainbow","Multi-Cast"],"picked":"Buffer","floor":16.0},{"not_picked":["Skim","Melter"],"picked":"Capacitor+1","floor":18.0},{"not_picked":["Cold Snap","Storm"],"picked":"Defragment+1","floor":19.0},{"not_picked":["Auto Shields","Coolheaded+1"],"picked":"Leap","floor":20.0}],"player_experience":146573,"relics_obtained":[{"floor":7.0,"key":"Orichalcum"},{"floor":17.0,"key":"Smiling Mask"},{"floor":17.0,"key":"Pear"},{"floor":17.0,"key":"Pocketwatch"}],"event_choices":[{"cards_removed":["Strike_B"],"damage_healed":0.0,"max_hp_gain":0.0,"max_hp_loss":0.0,"gold_gain":0.0,"event_name":"Golden Wing","player_choice":"Card Removal","floor":2.0,"gold_loss":0.0,"damage_taken":7.0},{"cards_removed":["Strike_B"],"damage_healed":0.0,"max_hp_gain":0.0,"max_hp_loss":0.0,"gold_gain":0.0,"event_name":"Wheel of Change","player_choice":"Card Removal","floor":5.0,"gold_loss":0.0,"damage_taken":0.0},{"cards_removed":["Strike_B"],"damage_healed":0.0,"max_hp_gain":0.0,"max_hp_loss":0.0,"gold_gain":0.0,"event_name":"Purifier","player_choice":"Purged","floor":14.0,"gold_loss":0.0,"damage_taken":0.0},{"damage_healed":0.0,"max_hp_gain":0.0,"max_hp_loss":0.0,"gold_gain":0.0,"event_name":"Forgotten Altar","player_choice":"Smashed Altar","floor":21.0,"gold_loss":0.0,"damage_taken":0.0,"cards_obtained":["Decay"]},{"damage_healed":0.0,"max_hp_gain":0.0,"max_hp_loss":0.0,"gold_gain":0.0,"event_name":"The Mausoleum","player_choice":"Opened","floor":22.0,"gold_loss":0.0,"damage_taken":0.0,"relics_obtained":["Regal Pillow"],"cards_obtained":["Writhe"]},{"damage_healed":0.0,"max_hp_gain":0.0,"max_hp_loss":0.0,"gold_gain":99.0,"event_name":"Nest","player_choice":"Stole From Cult","floor":24.0,"gold_loss":0.0,"damage_taken":0.0},{"damage_healed":0,"gold_gain":0,"player_choice":"Fought Bandits","damage_taken":0,"max_hp_gain":0,"max_hp_loss":0,"event_name":"Masked Bandits","floor":25,"gold_loss":0}],"is_beta":false,"boss_relics":[{"not_picked":["Tiny House","Empty Cage"],"picked":"Calling Bell"}],"items_purged_floors":[],"is_endless":false,"potions_floor_spawned":[3,7,8,16,20,23],"killed_by":"Masked Bandits","ascension_level":3}}