{"host":"ftbiwowwddq7t5tz","time":1614449998,"event":{"mods":["100% Spire Juice","Act Like it!","Aspiration","BaseMod","Colored Map","Conspire","Hermit","Library of Ruina","Library of Ruina Extra","Lobotomy","LobotomyExtend","Minty Spire (QoL Compilation)","Reliquary","Replay The Spire","Spicy Shops","StSLib","The Blackbeard","The Cursed","The Marked","[GremlinLeader]The Maniac"],"gold_per_floor":[109,109,34,34,34,34,34],"floor_reached":6,"language":"ZHS","playtime":285,"items_purged":["maniac:Defend"],"score":32,"play_id":"97857d62-9cff-44f5-bae2-4dea13b1183c","local_time":"20210228021958","is_ascension_mode":false,"campfire_choices":[],"circlet_count":0,"master_deck":["maniac:Strike","maniac:Strike","maniac:Strike","maniac:Strike","maniac:Strike","maniac:Defend","maniac:Defend","maniac:BurnBlood","maniac:AbyssShackle","maniac:UniversalPerception"],"relics":["maniac:DamagedAnvil","maniac:BrokenHorn","LetterFromLob","Bag of Preparation","ReplayTheSpireMod:Ring of Collecting","Ring of Peace"],"acts_visited":["Exordium"],"potions_floor_usage":[],"damage_taken":[{"damage":5,"enemies":"Small Slimes","floor":1,"turns":6},{"damage":69,"enemies":"3 Sentries","floor":6,"turns":8}],"seed_played":"8815099570306743403","potions_obtained":[],"is_trial":false,"path_per_floor":["M","?","$","?","?","E"],"character_chosen":"THE_MANIAC","items_purchased":[],"campfire_rested":0,"item_purchase_floors":[],"current_hp_per_floor":[75,68,68,68,68,0,0],"gold":34,"neow_bonus":"ONE_RANDOM_RARE_CARD","is_daily":false,"chose_seed":false,"campfire_upgraded":0,"win_rate":0.0,"timestamp":1614449998,"path_taken":["M","?","$","?","?","E"],"items_purchased_type":[],"build_version":"2020-12-22","purchased_purges":1,"victory":false,"max_hp_per_floor":[80,80,80,80,80,80,80],"card_choices":[{"not_picked":["maniac:UntravelledPath","maniac:FindAShortcut","maniac:DashForward"],"picked":"SKIP","floor":1}],"player_experience":79375,"relics_obtained":[{"floor":1,"key":"LetterFromLob"},{"floor":4,"key":"ReplayTheSpireMod:Ring of Collecting"},{"floor":4,"key":"Ring of Peace"}],"event_choices":[{"damage_healed":0,"gold_gain":0,"player_choice":"Success","damage_taken":7,"relics_obtained":["Bag of Preparation"],"max_hp_gain":0,"max_hp_loss":0,"event_name":"Scrap Ooze","floor":2,"gold_loss":0},{"cards_removed":["maniac:Defend"],"damage_healed":0,"gold_gain":0,"player_choice":"Purged","damage_taken":0,"max_hp_gain":0,"max_hp_loss":0,"event_name":"Purifier","floor":5,"gold_loss":0}],"is_beta":false,"boss_relics":[],"items_purged_floors":[3],"is_endless":false,"potions_floor_spawned":[],"killed_by":"3 Sentries","ascension_level":0}}