{"host":"egwexuw5uvnxf11j","time":1614398698,"event":{"mods":["2.2 Compatiblity","Aspiration","BaseMod","Better Note","Better Sensory Stone","Better Third Choice","Displayed Cursed Tome","Downfall","Hermit","Key Reminder","Koishi","Marisa????????","Minty Spire (QoL Compilation)","Quick Restart","Shade Mod","Spicy Shops","StSLib","The Construct","The Cursed","The Runesmith","The Senshi","The Servant 0.9.4","Transform Curses"],"gold_per_floor":[119,119,134,134,134,134,155,155,155,195,77,77,95,45,45,170,170,195,195,214,4,4,4,17,17,17],"floor_reached":25,"language":"ENG","playtime":928,"items_purged":[],"score":239,"play_id":"97d0f581-204f-49b3-9094-507923b67292","local_time":"20210226230458","is_ascension_mode":true,"campfire_choices":[{"data":"Vigilance","floor":6,"key":"SMITH"},{"data":"Consecrate","floor":8,"key":"SMITH"},{"floor":15,"key":"REST"},{"floor":23,"key":"REST"}],"circlet_count":0,"master_deck":["Strike_P","Strike_P","Defend_P","Defend_P","Defend_P","Defend_P","Eruption+1","Vigilance+1","Consecrate+1","FearNoEvil","CrushJoints","EmptyMind","BattleHymn","ReachHeaven","Protect","Establishment","Wallop+1","Runesmith:FieryHammer","Prostrate+1"],"relics":["PureWater","Golden Idol","Omamori","aspiration:ChemicalBlood","Meat on the Bone","aspiration:RunesmithSkillbook","Nunchaku","Bronze Scales"],"acts_visited":["Exordium","TheCity"],"potions_floor_usage":[16,24,24],"damage_taken":[{"damage":0,"enemies":"Cultist","floor":1,"turns":3},{"damage":0,"enemies":"2 Louse","floor":3,"turns":3},{"damage":1,"enemies":"Small Slimes","floor":7,"turns":2},{"damage":13,"enemies":"Lagavulin","floor":10,"turns":4},{"damage":7,"enemies":"Exordium Wildlife","floor":13,"turns":3},{"damage":19,"enemies":"The Guardian","floor":16,"turns":8},{"damage":13,"enemies":"Spheric Guardian","floor":18,"turns":4},{"damage":9,"enemies":"Shell Parasite","floor":20,"turns":4},{"damage":17,"enemies":"Centurion and Healer","floor":24,"turns":5},{"damage":64,"enemies":"Gremlin Leader","floor":25,"turns":5}],"seed_played":"8689788035687187193","potions_obtained":[{"floor":10,"key":"Weak Potion"},{"floor":16,"key":"Dexterity Potion"},{"floor":24,"key":"BlessingOfTheForge"},{"floor":24,"key":"Guardian:BlockOnCardUsePotion"}],"is_trial":false,"path_per_floor":["M","?","M","?","?","R","M","R","T","E","$","T","M","?","R","B",null,"M","$","M","$","?","R","M","E"],"character_chosen":"WATCHER","items_purchased":["BattleHymn","ReachHeaven","Nunchaku","Bronze Scales"],"campfire_rested":2,"item_purchase_floors":[11,11,21,21],"current_hp_per_floor":[72,72,72,54,72,72,71,71,71,58,58,58,51,51,72,53,72,59,59,50,50,50,71,54,0,0],"gold":17,"neow_bonus":"UPGRADE_CARD","is_daily":false,"chose_seed":false,"campfire_upgraded":2,"win_rate":0.0,"timestamp":1614398698,"path_taken":["M","?","?","?","?","R","M","R","T","E","$","?","M","?","R","BOSS","M","$","M","$","?","R","M","E"],"items_purchased_type":["Card","Card","Relic","Relic"],"build_version":"2020-12-22","purchased_purges":0,"victory":false,"max_hp_per_floor":[72,72,72,72,72,72,72,72,72,72,72,72,72,72,72,72,72,72,72,72,72,72,72,72,72,72],"card_choices":[{"not_picked":["Crescendo","CutThroughFate"],"picked":"Consecrate","floor":1},{"not_picked":["CutThroughFate","SashWhip"],"picked":"FearNoEvil","floor":3},{"not_picked":["FlyingSleeves","PathToVictory"],"picked":"CrushJoints","floor":7},{"not_picked":["Protect","SignatureMove"],"picked":"EmptyMind","floor":10},{"not_picked":["Ragnarok","SashWhip"],"picked":"Protect","floor":13},{"not_picked":["Vault","Devotion"],"picked":"Establishment","floor":16},{"not_picked":["ThirdEye","Runesmith:CraftProtectio","Runesmith:ElementalConversion"],"picked":"Wallop+1","floor":18},{"not_picked":["Sanctity","EmptyFist","Evaluate+1"],"picked":"Runesmith:FieryHammer","floor":20},{"not_picked":["Runesmith:StaticCage","Weave","Runesmith:CraftProtectio"],"picked":"Prostrate+1","floor":24}],"player_experience":2162646,"relics_obtained":[{"floor":9,"key":"Omamori"},{"floor":10,"key":"aspiration:ChemicalBlood"},{"floor":12,"key":"Meat on the Bone"}],"event_choices":[{"cards_removed":["Strike_P"],"damage_healed":0,"gold_gain":0,"player_choice":"Offered Basic","damage_taken":0,"max_hp_gain":0,"max_hp_loss":0,"event_name":"Bonfire Elementals","floor":2,"gold_loss":0},{"damage_healed":0,"gold_gain":0,"player_choice":"Take Damage","damage_taken":18,"relics_obtained":["Golden Idol"],"max_hp_gain":0,"max_hp_loss":0,"event_name":"Golden Idol","floor":4,"gold_loss":0},{"damage_healed":24,"gold_gain":0,"player_choice":"Banana","damage_taken":0,"max_hp_gain":0,"max_hp_loss":0,"event_name":"Big Fish","floor":5,"gold_loss":0},{"cards_removed":["Strike_P"],"damage_healed":0,"gold_gain":0,"player_choice":"Card Removal","damage_taken":0,"max_hp_gain":0,"max_hp_loss":0,"event_name":"The Cleric","floor":14,"gold_loss":50},{"damage_healed":0,"gold_gain":0,"player_choice":"Ignored","damage_taken":0,"max_hp_gain":0,"max_hp_loss":0,"event_name":"Vampires","floor":22,"gold_loss":0}],"is_beta":false,"boss_relics":[{"not_picked":["Ectoplasm","Snecko Eye"],"picked":"aspiration:RunesmithSkillbook"}],"items_purged_floors":[],"is_endless":false,"potions_floor_spawned":[10,16,18,24],"killed_by":"Gremlin Leader","ascension_level":4}}