{"host":"n3r7007bx0xr1slw","time":1614402435,"event":{"mods":["BaseMod","Colored Powertips","DeckTracker","Googly Eyes","Highlight Path","Minty Spire (QoL Compilation)","Relic Stats","StSLib"],"gold_per_floor":[13,33,43,43,43,43,67,67,67,67,87,112,112,112,112,232,232,257,332,63,63,84,84,104,54,100,144,144,158,179,179,179],"floor_reached":31,"language":"ENG","playtime":1365,"items_purged":["Strike_B","Bite"],"score":272,"play_id":"24de7d26-688e-4dcc-8bfc-ade4a60bdf72","local_time":"20210227000715","is_ascension_mode":false,"campfire_choices":[{"data":"Leap","floor":6,"key":"SMITH"},{"data":"Electrodynamics","floor":8,"key":"SMITH"},{"floor":13,"key":"REST"},{"data":"Thunder Strike","floor":15,"key":"SMITH"},{"data":"Defend_B","floor":23,"key":"SMITH"},{"floor":28,"key":"REST"}],"circlet_count":0,"master_deck":["Defend_B+1","Defend_B","Defend_B","Defend_B","Zap","Dualcast","Electrodynamics+1","Cold Snap","Ball Lightning","Leap+1","Thunder Strike+1","FTL","Bite","Bite","Bite","Bite"],"relics":["Cracked Core","Golden Idol","Darkstone Periapt","Empty Cage","Membership Card","Pen Nib","Bag of Marbles","Pear"],"acts_visited":["Exordium","TheCity"],"potions_floor_usage":[7,16,27,27,27,31],"damage_taken":[{"damage":0.0,"enemies":"Small Slimes","floor":1.0,"turns":3.0},{"damage":4,"enemies":"Cultist","floor":2,"turns":3},{"damage":4,"enemies":"Jaw Worm","floor":3,"turns":2},{"damage":16,"enemies":"3 Louse","floor":7,"turns":2},{"damage":14,"enemies":"Exordium Thugs","floor":11,"turns":3},{"damage":0,"enemies":"Gremlin Gang","floor":12,"turns":2},{"damage":17,"enemies":"Slime Boss","floor":16,"turns":7},{"damage":0,"enemies":"Spheric Guardian","floor":18,"turns":3},{"damage":5,"enemies":"Chosen","floor":22,"turns":3},{"damage":26,"enemies":"Shelled Parasite and Fungi","floor":24,"turns":4},{"damage":34,"enemies":"Book of Stabbing","floor":27,"turns":6},{"damage":0,"enemies":"Sentry and Sphere","floor":29,"turns":3},{"damage":22,"enemies":"3 Cultists","floor":30,"turns":4},{"damage":27,"enemies":"Snake Plant","floor":31,"turns":3}],"seed_played":"419925480912976629","potions_obtained":[{"floor":1,"key":"FearPotion"},{"floor":11,"key":"Block Potion"},{"floor":12,"key":"Explosive Potion"},{"floor":22,"key":"FearPotion"},{"floor":24,"key":"Block Potion"},{"floor":29,"key":"LiquidBronze"}],"is_trial":false,"path_per_floor":["M","M","M","?","?","R","M","R","T","$","M","M","R","?","R","B",null,"M","?","$","?","M","R","M","$","T","E","R","M","M","M"],"character_chosen":"DEFECT","items_purchased":["Membership Card","Pen Nib"],"campfire_rested":2,"item_purchase_floors":[20,20],"current_hp_per_floor":[75,71,67,49,49,49,33,33,33,33,19,19,41,66,66,49,75,75,68,68,52,51,51,29,29,29,15,33,35,21,0,0],"gold":179,"neow_bonus":"THREE_RARE_CARDS","is_daily":false,"chose_seed":false,"campfire_upgraded":4,"win_rate":0.0,"timestamp":1614402435,"path_taken":["M","M","M","?","?","R","?","R","T","$","M","M","R","?","R","BOSS","M","?","?","?","?","R","M","$","T","E","R","M","M","M"],"items_purchased_type":["Relic","Relic"],"build_version":"2020-12-22","purchased_purges":2,"victory":false,"max_hp_per_floor":[75,75,75,75,75,75,75,75,75,75,75,75,75,75,75,75,75,75,75,75,52,52,52,52,52,52,62,62,62,62,62,62],"relic_stats":{"Darkstone Periapt":0,"counters":[14,48],"Golden Idol":67,"Pen Nib":[3],"obtain_stats":[{"Darkstone Periapt":9,"Pear":27,"Golden Idol":4,"Pen Nib":20,"Bag of Marbles":26,"Membership Card":20,"Cracked Core":0,"Empty Cage":17},{"Darkstone Periapt":4,"Pear":11,"Golden Idol":3,"Pen Nib":8,"Bag of Marbles":10,"Membership Card":8,"Cracked Core":0,"Empty Cage":7},{"Darkstone Periapt":10,"Pear":38,"Golden Idol":8,"Pen Nib":25,"Bag of Marbles":32,"Membership Card":25,"Cracked Core":0,"Empty Cage":22}]},"card_choices":[{"not_picked":["Buffer","Machine Learning"],"picked":"Electrodynamics","floor":0.0},{"not_picked":["Rip and Tear","Reprogram","Cold Snap"],"picked":"SKIP","floor":1},{"not_picked":["Rip and Tear","Reprogram"],"picked":"Cold Snap","floor":1},{"not_picked":["Turbo","Steam"],"picked":"Ball Lightning","floor":2},{"not_picked":["Steam","Aggregate"],"picked":"Leap","floor":3},{"not_picked":["Steam","Rebound","Conserve Battery"],"picked":"SKIP","floor":7},{"not_picked":["Melter","Glacier"],"picked":"Thunder Strike","floor":11},{"not_picked":["Leap","Streamline","Stack"],"picked":"SKIP","floor":12},{"not_picked":["Doom and Gloom","Double Energy"],"picked":"FTL","floor":18},{"not_picked":["Rebound","Streamline","Glacier+1"],"picked":"SKIP","floor":22},{"not_picked":["Chaos+1","Compile Driver+1","Beam Cell"],"picked":"SKIP","floor":24},{"not_picked":["Thunder Strike","Redo","Stack"],"picked":"SKIP","floor":27},{"not_picked":["Reinforced Body","Capacitor","Streamline"],"picked":"SKIP","floor":29},{"not_picked":["Aggregate","Redo","Coolheaded"],"picked":"SKIP","floor":30}],"player_experience":171940,"relics_obtained":[{"floor":9,"key":"Darkstone Periapt"},{"floor":26,"key":"Bag of Marbles"},{"floor":27,"key":"Pear"}],"event_choices":[{"damage_healed":0,"gold_gain":0,"player_choice":"Take Damage","damage_taken":18,"relics_obtained":["Golden Idol"],"max_hp_gain":0,"max_hp_loss":0,"event_name":"Golden Idol","floor":4,"gold_loss":0},{"cards_removed":["Strike_B"],"damage_healed":0,"gold_gain":0,"player_choice":"Purged","damage_taken":0,"max_hp_gain":0,"max_hp_loss":0,"event_name":"Purifier","floor":5,"gold_loss":0},{"damage_healed":25,"gold_gain":0,"player_choice":"Banana","damage_taken":0,"max_hp_gain":0,"max_hp_loss":0,"event_name":"Big Fish","floor":14,"gold_loss":0},{"damage_healed":0,"gold_gain":75,"player_choice":"Touch","damage_taken":7,"max_hp_gain":0,"max_hp_loss":0,"event_name":"FaceTrader","floor":19,"gold_loss":0},{"damage_healed":0,"gold_gain":0,"player_choice":"Became a vampire","damage_taken":0,"max_hp_gain":0,"max_hp_loss":23,"event_name":"Vampires","floor":21,"gold_loss":0,"cards_obtained":["Bite","Bite","Bite","Bite","Bite"]}],"is_beta":false,"boss_relics":[{"not_picked":["SlaversCollar","Runic Pyramid"],"picked":"Empty Cage"}],"items_purged_floors":[20,25],"is_endless":false,"potions_floor_spawned":[1,11,12,22,24,29],"killed_by":"Snake Plant","ascension_level":0}}