{"host":"q1ww9goctev8e12g","time":1614443739,"event":{"mods":["2.2 Compatiblity","Aspiration","BaseMod","BetterRewards","Colored Powertips","Conspire","Downfall","Hubris","Minty Spire (QoL Compilation)","Quick Restart","Reliquary","Replay The Spire","StSLib"],"gold_per_floor":[109,121,271,283,283,315,315,315,315,341,341,352,317,327,327,327,327],"floor_reached":16,"language":"FRA","playtime":483,"items_purged":[],"score":204,"play_id":"a8318557-9fe0-4421-b1e9-08cb41d3f509","local_time":"20210227173539","is_ascension_mode":true,"campfire_choices":[{"floor":7,"key":"REST"},{"floor":11,"key":"REST"},{"floor":15,"key":"REST"}],"circlet_count":0,"master_deck":["AscendersBane","Strike_G","Strike_G","Strike_G","Strike_G","Strike_G","Defend_G","Defend_G","Defend_G","Defend_G+1","Defend_G","Survivor+1","Neutralize","Infinite Blades","Poisoned Stab","Doubt","Poisoned Stab","Hidden Blade"],"relics":["Ring of the Snake","War Paint","aspiration:ChemicalBlood","StrikeDummy","Omamori"],"acts_visited":["Exordium"],"potions_floor_usage":[6],"damage_taken":[{"damage":1,"enemies":"Small Slimes","floor":1,"turns":4},{"damage":4,"enemies":"Jaw Worm","floor":2,"turns":5},{"damage":1,"enemies":"2 Louse","floor":4,"turns":3},{"damage":20,"enemies":"Gremlin Nob","floor":6,"turns":5},{"damage":30,"enemies":"3 Sentries","floor":10,"turns":8},{"damage":14,"enemies":"Large Slime","floor":12,"turns":6},{"damage":13,"enemies":"Exordium Wildlife","floor":14,"turns":5},{"damage":0,"enemies":"Hexaghost","floor":16,"turns":1}],"seed_played":"2770274134021270749","potions_obtained":[{"floor":1,"key":"SneckoOil"},{"floor":4,"key":"Strength Potion"},{"floor":6,"key":"SpeedPotion"},{"floor":10,"key":"Ancient Potion"},{"floor":12,"key":"Block Potion"}],"is_trial":false,"path_per_floor":["M","M","?","M","?","E","R","$","T","E","R","M","?","M","R","B"],"character_chosen":"THE_SILENT","items_purchased":[],"campfire_rested":3,"item_purchase_floors":[],"current_hp_per_floor":[58,54,54,53,49,29,48,48,48,18,37,23,39,26,45,45,45],"gold":327,"neow_bonus":"RANDOM_COMMON_RELIC","is_daily":false,"chose_seed":false,"campfire_upgraded":0,"win_rate":0.0,"timestamp":1614443739,"path_taken":["M","M","?","M","?","E","R","$","T","E","R","M","?","M","R","BOSS"],"items_purchased_type":[],"build_version":"2020-12-22","purchased_purges":0,"victory":false,"max_hp_per_floor":[66,66,66,66,66,66,66,66,66,66,66,66,66,66,66,66,66],"card_choices":[{"not_picked":["Endless Agony","Outmaneuver"],"picked":"Infinite Blades","floor":1},{"not_picked":["ReplayTheSpireMod:Tripwire","Prepared"],"picked":"Poisoned Stab","floor":2},{"not_picked":["Escape Plan","Leg Sweep","Distraction"],"picked":"SKIP","floor":4},{"not_picked":["Bane","ReplayTheSpireMod:Shiv Toss"],"picked":"Poisoned Stab","floor":6},{"not_picked":["Skewer","Underhanded Strike"],"picked":"Hidden Blade","floor":10},{"not_picked":["Skewer","hubris:Sniper","Flechettes"],"picked":"SKIP","floor":12},{"not_picked":["ReplayTheSpireMod:Tripwire","Hidden Blade","Dagger Throw"],"picked":"SKIP","floor":14}],"player_experience":566793,"relics_obtained":[{"floor":6,"key":"aspiration:ChemicalBlood"},{"floor":9,"key":"StrikeDummy"},{"floor":10,"key":"Omamori"}],"event_choices":[{"damage_healed":0,"gold_gain":150,"player_choice":"AGREE","damage_taken":0,"max_hp_gain":0,"max_hp_loss":0,"event_name":"Liars Game","floor":3,"gold_loss":0,"cards_obtained":["Doubt"]},{"damage_healed":0,"gold_gain":0,"player_choice":"Leave","damage_taken":0,"max_hp_gain":0,"max_hp_loss":0,"event_name":"conspire:Investor","floor":5,"gold_loss":0},{"damage_healed":16,"gold_gain":0,"player_choice":"Healed","damage_taken":0,"max_hp_gain":0,"max_hp_loss":0,"event_name":"The Cleric","floor":13,"gold_loss":35}],"is_beta":false,"boss_relics":[],"items_purged_floors":[],"is_endless":false,"potions_floor_spawned":[1,4,6],"killed_by":"Hexaghost","ascension_level":17}}