{"host":"puhn14s7bdwcyqz6","time":1614418500,"event":{"mods":["Aya Shameimaru","BaseMod","CapriCore","Koishi","Marisa（霧雨　魔理沙）","Minty Spire (QoL Compilation)","Reimu（博丽灵梦）","Remilia（蕾米莉亚）","StSLib","The Administrix","The Immortal","The Senshi","The Servant 0.9.4","Yakumo Yukari mod","Yuyuko"],"gold_per_floor":[131,151,251,269,280,280,313,325,325,343,370,38,50,63,63,167,167,183,183,98,111,111,141,141,168,168,168,21,35,50,70,70,173,173,187,187,199,218,179,179,62,76,103,103,103,120,140,151,151,151,151],"floor_reached":50,"language":"ENG","playtime":6861,"items_purged":["Envy_TH"],"score":575,"play_id":"f767f2ff-b14f-490b-ad6f-dec578830b99","local_time":"20210227043459","is_ascension_mode":false,"campfire_choices":[{"data":"OmniscientAndOmnipotent_Monster_purple","floor":6.0,"key":"SMITH"},{"floor":15.0,"key":"REST"},{"floor":24.0,"key":"REST"},{"floor":27.0,"key":"REST"},{"floor":32.0,"key":"REST"},{"floor":40,"key":"REST"},{"floor":44,"key":"REST"},{"floor":49,"key":"REST"}],"circlet_count":0,"master_deck":["Defend_purpleEX","Defend_purpleEX+1","Defend_purpleEX","Observe_purple_1","Observe_purple_2","OmniscientAndOmnipotent_Monster_purple+1","Umbrella_purple","OpenedBox_purple","MeetDecomposer_purple","WangLiang_LineAndCurveDreams_purple","Boundary_ObjectiveBoundary_purple","WingOfChimera_purple","OpenedBox_purple","Fantasy_PerpetualMotionMachine_purple","Line_surface_state_purple+1","Boundary_DreamRealityDamnation_purple","Theboundaryofcreation_purpleEX","StretchesForeverDream_purple+1","DimensionStaggered_purple+1","StateErode_purple+1","RealityDreamConfluencek_purple+1","RuleDissolution_purple+1","Line_surface_state_purple+1","SfantasyHide_purple+1","Bait_HighSpeedFlying_purple","WorldDissolvedintheRealm_purple","Bait_HighSpeedFlying_purple","Human_Monster_Realm_purple","WangLiang_OokamiKakushi_purple","EighthInstrument_OneDividesIntoTwo_purple+1","Anti_communist_purple+1","Line_surface_state_purple","Mirror_FourBoundary_purple","MNeedle_purple","Fantasy_PerpetualMotionMachine_purple","MonsterNeedle_purple+1","Wraith","Shallow_ocean_purpleEX+1","DimensionStaggered_purple","ExistenceContinue_purple"],"relics":["Boundary_crack","Memoryfragments_purpleEX","NeowsBlessing","Meat on the Bone","Potion Belt","Toy Ornithopter","StoneCalendar","Astrolabe","Kunai","Girya","Matryoshka","War Paint","Pocketwatch","Seventeenyearold_girl_Forever","CrazyTorch:ReiMu","Pen Nib","Anchor"],"acts_visited":["Exordium","TheCity","TheBeyond"],"potions_floor_usage":[37,38,38,46,47,50],"damage_taken":[{"damage":0.0,"enemies":"2 Louse","floor":1.0,"turns":1.0},{"damage":0.0,"enemies":"Cultist","floor":2.0,"turns":1.0},{"damage":0.0,"enemies":"Small Slimes","floor":4.0,"turns":1.0},{"damage":12.0,"enemies":"2 Fungi Beasts","floor":5.0,"turns":3.0},{"damage":46.0,"enemies":"3 Sentries","floor":7.0,"turns":9.0},{"damage":0.0,"enemies":"Large Slime","floor":8.0,"turns":3.0},{"damage":5.0,"enemies":"Exordium Wildlife","floor":10.0,"turns":5.0},{"damage":14.0,"enemies":"Gremlin Nob","floor":11.0,"turns":2.0},{"damage":15.0,"enemies":"Exordium Thugs","floor":13.0,"turns":6.0},{"damage":2.0,"enemies":"Looter","floor":14.0,"turns":3.0},{"damage":1.0,"enemies":"Hexaghost","floor":16.0,"turns":9.0},{"damage":0.0,"enemies":"3 Byrds","floor":18.0,"turns":3.0},{"damage":9.0,"enemies":"Shell Parasite","floor":21.0,"turns":5.0},{"damage":52.0,"enemies":"Slavers","floor":23.0,"turns":5.0},{"damage":10.0,"enemies":"Gremlin Leader","floor":25.0,"turns":6.0},{"damage":14.0,"enemies":"Centurion and Healer","floor":29.0,"turns":5.0},{"damage":2.0,"enemies":"Snake Plant","floor":30.0,"turns":3.0},{"damage":2.0,"enemies":"Cultist and Chosen","floor":31.0,"turns":5.0},{"damage":20.0,"enemies":"Automaton","floor":33.0,"turns":6.0},{"damage":31,"enemies":"3 Shapes","floor":35,"turns":4},{"damage":0,"enemies":"Orb Walker","floor":37,"turns":2},{"damage":9,"enemies":"Spire Growth","floor":38,"turns":4},{"damage":21,"enemies":"Sphere and 2 Shapes","floor":42,"turns":5},{"damage":67,"enemies":"Transient","floor":46,"turns":5},{"damage":19,"enemies":"Maw","floor":47,"turns":5},{"damage":12,"enemies":"Jaw Worm Horde","floor":48,"turns":3},{"damage":71,"enemies":"Time Eater","floor":50,"turns":5}],"seed_played":"-2278370879836409707","potions_obtained":[{"floor":1.0,"key":"Block Potion"},{"floor":2.0,"key":"SteroidPotion"},{"floor":10.0,"key":"DuplicationPotion"},{"floor":13.0,"key":"ColorlessPotion"},{"floor":16.0,"key":"AttackPotion"},{"floor":23.0,"key":"GrandPatriotsElixir:ReiMu"},{"floor":25.0,"key":"Block Potion"},{"floor":31.0,"key":"Energy Potion"},{"floor":33.0,"key":"ColorlessPotion"},{"floor":38,"key":"ZuzhouPotion:ReiMu"},{"floor":47,"key":"FearPotion"},{"floor":48,"key":"DuplicationPotion"}],"is_trial":false,"path_per_floor":["M","M","?","M","M","R","E","M","T","M","E","$","M","M","R","B",null,"M","?","?","M","?","E","R","E","T","R","$","M","M","M","R","B",null,"M","?","M","M","$","R","$","M","T","R","?","M","M","M","R","B"],"character_chosen":"Youkari","items_purchased":["Fantasy_PerpetualMotionMachine_purple","StoneCalendar","Bait_HighSpeedFlying_purple","Mirror_FourBoundary_purple","MNeedle_purple","Fantasy_PerpetualMotionMachine_purple"],"campfire_rested":7,"item_purchase_floors":[12,12,28,39,41,41],"current_hp_per_floor":[70,70,70,70,59,59,14,27,27,34,33,33,30,42,63,68,70,70,70,70,62,62,24,45,49,49,70,70,57,55,54,70,53,70,40,40,46,48,48,69,69,52,52,70,70,15,15,18,39,0,0],"gold":151,"neow_bonus":"THREE_ENEMY_KILL","is_daily":false,"chose_seed":false,"campfire_upgraded":1,"win_rate":0.0,"timestamp":1614418499,"path_taken":["M","M","?","?","M","R","E","M","T","M","E","?","?","M","R","BOSS","M","?","?","M","?","E","R","E","T","R","$","?","M","M","R","BOSS","M","?","M","M","$","R","?","M","T","R","?","M","M","M","R","BOSS"],"items_purchased_type":["Card","Relic","Card","Card","Card","Card"],"build_version":"2020-12-22","purchased_purges":1,"victory":false,"max_hp_per_floor":[70,70,70,70,70,70,70,70,70,70,70,70,70,70,70,70,70,70,70,70,70,70,70,70,70,70,70,70,70,70,70,70,70,70,70,70,70,70,70,70,70,70,70,70,70,70,70,70,70,70,70],"card_choices":[{"not_picked":["Yakumo_Ran_purple","MeetDecomposer_purple"],"picked":"OmniscientAndOmnipotent_Monster_purple","floor":1.0},{"not_picked":["Realm_recovery_purpleEX","StateErode_purple"],"picked":"Umbrella_purple","floor":2.0},{"not_picked":["Line_surface_state_purple","SfantasyHide_purple"],"picked":"OpenedBox_purple","floor":4.0},{"not_picked":["Erosivefilter_purple","OmniscientAndOmnipotent_Monster_purple"],"picked":"MeetDecomposer_purple","floor":5.0},{"not_picked":["ExistenceContinue_purple","OmniscientAndOmnipotent_Monster_purple"],"picked":"WangLiang_LineAndCurveDreams_purple","floor":7.0},{"not_picked":["RealityDreamConfluencek_purple","AdvanceAttack_purple"],"picked":"Boundary_ObjectiveBoundary_purple","floor":8.0},{"not_picked":["Worldmountain_purple","ExistenceContinue_purple"],"picked":"WingOfChimera_purple","floor":10.0},{"not_picked":["Realm_recovery_purpleEX","SfantasyHide_purple"],"picked":"OpenedBox_purple","floor":11.0},{"not_picked":["SharpContractionReality_purple","Umbrella_purple"],"picked":"Line_surface_state_purple","floor":13.0},{"not_picked":["Umbrella_purple","AdvanceAttack_purple"],"picked":"Boundary_DreamRealityDamnation_purple","floor":14.0},{"not_picked":["WangLiang_LineAndCurveDreams_purple","Price_of_realm_purpleEX"],"picked":"Theboundaryofcreation_purpleEX","floor":16.0},{"not_picked":["SfantasyHide_purple","SharpContractionReality_purple"],"picked":"RealityDreamConfluencek_purple+1","floor":18.0},{"not_picked":["Mirror_FormAndEmptin_purple","SharpContractionReality_purple"],"picked":"RuleDissolution_purple+1","floor":21.0},{"not_picked":["SharpContractionReality_purple","ContainerChange_purple"],"picked":"Line_surface_state_purple+1","floor":23.0},{"not_picked":["DimensionStaggered_purple","Line_surface_state_purple+1"],"picked":"SfantasyHide_purple+1","floor":25.0},{"not_picked":["Realm_recovery_purpleEX","MeetDecomposer_purple+1"],"picked":"WorldDissolvedintheRealm_purple","floor":29.0},{"not_picked":["Charmbait_purple","SharpContractionReality_purple"],"picked":"Bait_HighSpeedFlying_purple","floor":30.0},{"not_picked":["StateErode_purple","Realm_recovery_purpleEX"],"picked":"Human_Monster_Realm_purple","floor":31.0},{"not_picked":["MagicEyes_LaplaceDemon_purple","WangLiang_LineAndCurveDreams_purple"],"picked":"WangLiang_OokamiKakushi_purple","floor":33.0},{"not_picked":["StateDuplicate_purple","ExistenceContinue_purple"],"picked":"EighthInstrument_OneDividesIntoTwo_purple+1","floor":35},{"not_picked":["Boundary_ObjectiveBoundary_purple","MeetDecomposer_purple"],"picked":"Anti_communist_purple+1","floor":37},{"not_picked":["Fantasy_PerpetualMotionMachine_purple+1","SharpContractionReality_purple"],"picked":"Line_surface_state_purple","floor":38},{"not_picked":["Boundary_DynamicStaticEquilibrium_purple","Boundary_ObjectiveBoundary_purple"],"picked":"MonsterNeedle_purple+1","floor":42},{"not_picked":["Fantasy_PerpetualMotionMachine_purple","Worldmountain_purple"],"picked":"Shallow_ocean_purpleEX+1","floor":46},{"not_picked":["WangLiang_OokamiKakushi_purple","SfantasyHide_purple+1"],"picked":"DimensionStaggered_purple","floor":47},{"not_picked":["Anti_communist_purple","OpenedBox_purple"],"picked":"ExistenceContinue_purple","floor":48}],"player_experience":114220,"relics_obtained":[{"floor":7.0,"key":"Meat on the Bone"},{"floor":9.0,"key":"Potion Belt"},{"floor":11.0,"key":"Toy Ornithopter"},{"floor":23.0,"key":"Girya"},{"floor":25.0,"key":"Matryoshka"},{"floor":26.0,"key":"War Paint"},{"floor":26.0,"key":"Pocketwatch"},{"floor":36,"key":"CrazyTorch:ReiMu"},{"floor":43,"key":"Pen Nib"},{"floor":43,"key":"Anchor"}],"event_choices":[{"damage_healed":0.0,"max_hp_gain":0.0,"max_hp_loss":0.0,"gold_gain":100.0,"event_name":"Golden Shrine","player_choice":"Pray","floor":3.0,"gold_loss":0.0,"damage_taken":0.0},{"damage_healed":0.0,"max_hp_gain":0.0,"max_hp_loss":0.0,"gold_gain":0.0,"event_name":"Addict","player_choice":"Obtained Relic","floor":20.0,"gold_loss":85.0,"damage_taken":0.0,"relics_obtained":["Kunai"]},{"damage_healed":0.0,"max_hp_gain":0.0,"max_hp_loss":0.0,"gold_gain":0.0,"event_name":"Ghosts","player_choice":"Ignored","floor":22.0,"gold_loss":0.0,"damage_taken":0.0},{"damage_healed":0,"gold_gain":0,"player_choice":"Relic","damage_taken":0,"max_hp_gain":0,"max_hp_loss":0,"event_name":"Wheel of Change","floor":36,"gold_loss":0},{"damage_healed":0,"gold_gain":0,"player_choice":"Ignored","damage_taken":0,"max_hp_gain":0,"max_hp_loss":0,"event_name":"OrinTheCat","floor":45,"gold_loss":0}],"is_beta":false,"boss_relics":[{"not_picked":["Fusion Hammer","Tiny House"],"picked":"Astrolabe"},{"not_picked":["Snecko Eye","Empty Cage"],"picked":"Seventeenyearold_girl_Forever"}],"items_purged_floors":[28],"is_endless":false,"potions_floor_spawned":[1,2,10,13,16,23,25,31,33,38,47,48],"killed_by":"Time Eater","ascension_level":0}}