{"host":"bxn2em57qlx5u4i0","time":1614385432,"event":{"mods":["BaseMod","Colored Map","Colored Powertips","Highlight Path","Minty Spire (QoL Compilation)","Random Character Button","Relic Sorter","Relic Stats","StSLib","SuperFastMode"],"gold_per_floor":[109,127,127,127,127,156,156,188,215,228,228,287,303,46,46,117,117,133,152,8,8,8,8,40,40,40,59,84,84,84,100,100,100,100],"floor_reached":33,"language":"ENG","playtime":1034,"items_purged":["Strike_G","Flying Knee"],"score":632,"play_id":"ad845ad8-820d-4cb5-bf99-c7cb4f1b750f","local_time":"20210226192352","is_ascension_mode":true,"campfire_choices":[{"data":"Crippling Poison","floor":7,"key":"SMITH"},{"floor":11,"key":"REST"},{"data":"Reflex","floor":15,"key":"SMITH"},{"data":"Calculated Gamble","floor":23,"key":"SMITH"},{"data":"Concentrate","floor":25,"key":"SMITH"},{"floor":30,"key":"REST"},{"data":"Burst","floor":32,"key":"SMITH"}],"circlet_count":0,"master_deck":["AscendersBane","Survivor","Neutralize","Dagger Throw+1","Dagger Throw","Eviscerate+1","Crippling Poison+1","Catalyst","Calculated Gamble+1","Envenom","Reflex+1","Burst+1","Blade Dance","Die Die Die","Backstab","Caltrops","Concentrate+1","Caltrops","Crippling Poison","Prepared","Dodge and Roll+1","Deflect","Blur","Escape Plan","Blur+1","Calculated Gamble"],"relics":["Ring of the Snake","Dream Catcher","Anchor","Orichalcum","Prayer Wheel","Pandora\u0027s Box","MutagenicStrength","Letter Opener","Ornamental Fan","Bottled Tornado"],"acts_visited":["Exordium","TheCity"],"potions_floor_usage":[6,12,14,16,16,28,33,33],"damage_taken":[{"damage":0,"enemies":"Small Slimes","floor":1,"turns":4},{"damage":1,"enemies":"Cultist","floor":2,"turns":4},{"damage":8,"enemies":"Gremlin Nob","floor":6,"turns":3},{"damage":32,"enemies":"Lagavulin","floor":8,"turns":8},{"damage":0,"enemies":"Jaw Worm","floor":10,"turns":2},{"damage":13,"enemies":"3 Sentries","floor":12,"turns":6},{"damage":0,"enemies":"3 Louse","floor":13,"turns":2},{"damage":19,"enemies":"The Guardian","floor":16,"turns":10},{"damage":2,"enemies":"2 Thieves","floor":18,"turns":3},{"damage":0,"enemies":"Spheric Guardian","floor":19,"turns":1},{"damage":0,"enemies":"Gremlin Leader","floor":24,"turns":4},{"damage":0,"enemies":"Centurion and Healer","floor":27,"turns":5},{"damage":28,"enemies":"Book of Stabbing","floor":28,"turns":5},{"damage":12,"enemies":"Sentry and Sphere","floor":31,"turns":5},{"damage":43,"enemies":"Champ","floor":33,"turns":11}],"seed_played":"8060680295854659164","potions_obtained":[{"floor":1,"key":"DistilledChaos"},{"floor":6,"key":"Fruit Juice"},{"floor":10,"key":"AttackPotion"},{"floor":13,"key":"Poison Potion"},{"floor":18,"key":"Energy Potion"},{"floor":28,"key":"CunningPotion"}],"is_trial":false,"path_per_floor":["M","M","?","?","?","E","R","E","T","M","R","?","M","$","R","B",null,"M","M","$","?","?","R","E","R","T","M","E","?","R","M","R","B"],"character_chosen":"THE_SILENT","items_purchased":["Reflex","GhostInAJar","Blur"],"campfire_rested":2,"item_purchase_floors":[14,14,20],"current_hp_per_floor":[59,58,51,51,51,43,43,11,11,11,30,17,17,22,22,3,54,52,52,52,52,40,40,40,40,40,40,12,12,33,21,21,0,0],"gold":100,"neow_bonus":"THREE_CARDS","is_daily":false,"chose_seed":false,"campfire_upgraded":5,"win_rate":0.0,"timestamp":1614385432,"path_taken":["M","M","?","?","?","E","R","E","T","?","R","?","M","$","R","BOSS","M","M","$","?","?","R","E","R","T","?","E","?","R","M","R","BOSS"],"items_purchased_type":["Card","Potion","Card"],"build_version":"2020-12-22","purchased_purges":2,"victory":false,"max_hp_per_floor":[66,66,66,66,66,66,66,66,66,66,66,66,66,71,71,71,71,71,71,71,71,71,71,71,71,71,71,71,71,71,71,71,71,71],"relic_stats":{"Dream Catcher":2,"counters":[15,73],"Ornamental Fan":[44],"Prayer Wheel":5,"Pandora\u0027s Box":["Blade Dance","Die Die Die","Backstab","Caltrops","Concentrate","Flying Knee","Caltrops","Crippling Poison"],"Letter Opener":[73],"Orichalcum":[60],"obtain_stats":[{"Dream Catcher":6,"Anchor":8,"Ornamental Fan":26,"MutagenicStrength":21,"Prayer Wheel":12,"Pandora\u0027s Box":17,"Letter Opener":24,"Orichalcum":9,"Bottled Tornado":28,"Ring of the Snake":0},{"Dream Catcher":3,"Anchor":4,"Ornamental Fan":11,"MutagenicStrength":10,"Prayer Wheel":6,"Pandora\u0027s Box":8,"Letter Opener":11,"Orichalcum":4,"Bottled Tornado":13,"Ring of the Snake":0},{"Dream Catcher":11,"Anchor":19,"Ornamental Fan":47,"MutagenicStrength":43,"Prayer Wheel":27,"Pandora\u0027s Box":39,"Letter Opener":47,"Orichalcum":19,"Bottled Tornado":57,"Ring of the Snake":0}],"Ring of the Snake":[30]},"card_choices":[{"not_picked":["Heel Hook","Slice"],"picked":"Dagger Throw","floor":0},{"not_picked":["Acrobatics","Finisher"],"picked":"Dagger Throw","floor":1},{"not_picked":["Slice","Dodge and Roll"],"picked":"Eviscerate","floor":2},{"not_picked":["Flechettes","Dagger Throw"],"picked":"Crippling Poison","floor":6},{"not_picked":["Distraction","Prepared"],"picked":"Catalyst","floor":8},{"not_picked":["Quick Slash","Blade Dance","Concentrate"],"picked":"SKIP","floor":10},{"not_picked":["PiercingWail","Quick Slash"],"picked":"Calculated Gamble","floor":13},{"not_picked":["Blade Dance","Bane"],"picked":"Envenom","floor":13},{"not_picked":["Venomology","Grand Finale"],"picked":"Burst","floor":16},{"not_picked":["Blade Dance","Underhanded Strike"],"picked":"Prepared","floor":18},{"not_picked":["Slice","Caltrops","Bouncing Flask+1"],"picked":"SKIP","floor":18},{"not_picked":["Poisoned Stab","Predator"],"picked":"Dodge and Roll+1","floor":19},{"not_picked":["Outmaneuver","Dagger Spray"],"picked":"Deflect","floor":19},{"not_picked":["Slice","Calculated Gamble"],"picked":"Escape Plan","floor":24},{"not_picked":["Underhanded Strike","Outmaneuver","Heel Hook"],"picked":"SKIP","floor":27},{"not_picked":["Bane","Infinite Blades+1","Cloak And Dagger"],"picked":"SKIP","floor":27},{"not_picked":["Caltrops","Flechettes","Unload"],"picked":"SKIP","floor":28},{"not_picked":["Choke","Deflect"],"picked":"Blur+1","floor":30},{"not_picked":["Endless Agony","Poisoned Stab"],"picked":"Calculated Gamble","floor":31},{"not_picked":["Slice","Poisoned Stab","Corpse Explosion"],"picked":"SKIP","floor":31}],"player_experience":3061392,"relics_obtained":[{"floor":6,"key":"Dream Catcher"},{"floor":8,"key":"Anchor"},{"floor":9,"key":"Orichalcum"},{"floor":12,"key":"Prayer Wheel"},{"floor":24,"key":"Letter Opener"},{"floor":26,"key":"Ornamental Fan"},{"floor":28,"key":"Bottled Tornado"}],"event_choices":[{"cards_removed":["Strike_G"],"damage_healed":0,"gold_gain":0,"player_choice":"Card Removal","damage_taken":7,"max_hp_gain":0,"max_hp_loss":0,"event_name":"Golden Wing","floor":3,"gold_loss":0},{"damage_healed":0,"gold_gain":0,"player_choice":"Grow","damage_taken":0,"max_hp_gain":0,"max_hp_loss":0,"event_name":"Living Wall","floor":4,"gold_loss":0,"cards_upgraded":["Eviscerate"]},{"damage_healed":0,"gold_gain":0,"player_choice":"Upgraded","damage_taken":0,"max_hp_gain":0,"max_hp_loss":0,"event_name":"Upgrade Shrine","floor":5,"gold_loss":0,"cards_upgraded":["Dagger Throw"]},{"damage_healed":0,"gold_gain":0,"player_choice":"Searched \u00272\u0027 times","damage_taken":0,"max_hp_gain":0,"max_hp_loss":0,"event_name":"Dead Adventurer","floor":12,"gold_loss":0},{"damage_healed":0,"gold_gain":0,"player_choice":"Inject Mutagens","damage_taken":0,"relics_obtained":["MutagenicStrength"],"max_hp_gain":0,"max_hp_loss":0,"event_name":"Drug Dealer","floor":21,"gold_loss":0},{"damage_healed":0,"gold_gain":0,"player_choice":"POTION ","damage_taken":12,"max_hp_gain":0,"max_hp_loss":0,"event_name":"Knowing Skull","floor":22,"potions_obtained":["SteroidPotion"],"gold_loss":0,"cards_obtained":[]},{"damage_healed":0,"gold_gain":0,"player_choice":"Ignored","damage_taken":0,"max_hp_gain":0,"max_hp_loss":0,"event_name":"The Mausoleum","floor":29,"gold_loss":0}],"is_beta":false,"boss_relics":[{"not_picked":["Ring of the Serpent","Runic Pyramid"],"picked":"Pandora\u0027s Box"}],"items_purged_floors":[14,20],"is_endless":false,"potions_floor_spawned":[1,6,10,13,18,28,31],"killed_by":"Champ","ascension_level":20}}