{"host":"362zhnvmfmhc3u7b","time":1614396596,"event":{"mods":["BaseMod","Colored Powertips","Filter the Spire","Minty Spire (QoL Compilation)","Quick Restart","Rare Cards Sparkle","StSLib"],"gold_per_floor":[111,111,126,126,139,139,153,153,153,153,186,203,238,238,238,309,309,281,293,219,231,231,231,146,60,60,72,82,113,113,132,132,206,206,219,219,229,229,247,247,282,282,282,282,316,333,29,29,29,29,29,29,29,29,29],"floor_reached":54,"language":"ENG","playtime":3629,"items_purged":["Strike_B","Strike_B"],"score":1454,"play_id":"2dd7f155-4888-4bbd-b370-1f2a28ea2e8b","local_time":"20210226222956","is_ascension_mode":true,"campfire_choices":[{"data":"Zap","floor":6,"key":"SMITH"},{"data":"Defragment","floor":8,"key":"SMITH"},{"floor":10,"key":"REST"},{"floor":15,"key":"REST"},{"data":"Chaos","floor":23,"key":"SMITH"},{"floor":30,"key":"REST"},{"floor":32,"key":"REST"},{"floor":42,"key":"REST"},{"floor":44,"key":"RECALL"},{"data":"Loop","floor":49,"key":"SMITH"},{"data":"Machine Learning","floor":52,"key":"SMITH"}],"circlet_count":0,"master_deck":["AscendersBane","Defend_B","Defend_B","Defend_B","Zap+1","Dualcast","Conserve Battery","Sweeping Beam+1","Loop+1","Defragment+1","Cold Snap","Stack","Leap","Machine Learning+1","CurseOfTheBell","Melter","Reinforced Body","Leap","Chaos+1","Heatsinks","Hologram+1","BootSequence+1","Redo+1","White Noise+1","Creative AI","Blizzard+1","Ball Lightning+1","Fission+1","Double Energy+1","Coolheaded+1","Self Repair","Madness+1","Defragment","Stack+1","Parasite","Tempest+1","Defragment+1","Turbo+1"],"relics":["Cracked Core","Thread and Needle","Bottled Lightning","Cables","Mercury Hourglass","Calling Bell","Ice Cream","Gremlin Horn","Smiling Mask","Dead Branch","Toxic Egg 2","Unceasing Top","Astrolabe","Shuriken","Frozen Egg 2","Art of War"],"acts_visited":["Exordium","TheCity","TheBeyond","TheEnding"],"potions_floor_usage":[13,16,18,21,22,33,41,50],"damage_taken":[{"damage":3,"enemies":"Jaw Worm","floor":1,"turns":3},{"damage":0,"enemies":"Cultist","floor":3,"turns":4},{"damage":0,"enemies":"2 Louse","floor":5,"turns":2},{"damage":4,"enemies":"Blue Slaver","floor":7,"turns":3},{"damage":32,"enemies":"3 Sentries","floor":11,"turns":8},{"damage":14,"enemies":"Exordium Thugs","floor":12,"turns":3},{"damage":9,"enemies":"Lagavulin","floor":13,"turns":5},{"damage":1,"enemies":"The Guardian","floor":16,"turns":8},{"damage":6,"enemies":"2 Thieves","floor":18,"turns":4},{"damage":0,"enemies":"Spheric Guardian","floor":19,"turns":2},{"damage":13,"enemies":"Snecko","floor":21,"turns":6},{"damage":0,"enemies":"Snake Plant","floor":22,"turns":1},{"damage":9,"enemies":"3 Cultists","floor":27,"turns":4},{"damage":9,"enemies":"Sentry and Sphere","floor":28,"turns":4},{"damage":2,"enemies":"Book of Stabbing","floor":29,"turns":5},{"damage":0,"enemies":"Snake Plant","floor":31,"turns":3},{"damage":37,"enemies":"Collector","floor":33,"turns":11},{"damage":0,"enemies":"3 Shapes","floor":35,"turns":4},{"damage":5,"enemies":"Orb Walker","floor":37,"turns":3},{"damage":0,"enemies":"Maw","floor":39,"turns":7},{"damage":24,"enemies":"Nemesis","floor":41,"turns":13},{"damage":7,"enemies":"Reptomancer","floor":45,"turns":5},{"damage":0,"enemies":"Writhing Mass","floor":46,"turns":6},{"damage":37,"enemies":"Time Eater","floor":50,"turns":10},{"damage":104,"enemies":"Shield and Spear","floor":54,"turns":3}],"seed_played":"-9053682511511251335","potions_obtained":[{"floor":3,"key":"FairyPotion"},{"floor":11,"key":"Strength Potion"},{"floor":13,"key":"FocusPotion"},{"floor":16,"key":"GamblersBrew"},{"floor":19,"key":"Fire Potion"},{"floor":21,"key":"SmokeBomb"},{"floor":27,"key":"BlessingOfTheForge"},{"floor":29,"key":"Block Potion"},{"floor":37,"key":"DuplicationPotion"},{"floor":41,"key":"SkillPotion"},{"floor":46,"key":"PowerPotion"}],"is_trial":false,"path_per_floor":["M","?","M","?","M","R","M","R","T","R","E","M","E","?","R","B",null,"M","M","$","M","M","R","?","$","T","M","M","E","R","M","R","B",null,"M","?","M","?","M","?","E","R","T","R","E","M","$","$","R","B",null,"R","$","E"],"character_chosen":"DEFECT","items_purchased":["Leap","Heatsinks","Defragment+1","Art of War","Turbo+1"],"campfire_rested":5,"item_purchase_floors":[20,25,47,47,47],"current_hp_per_floor":[43,43,43,43,43,43,39,39,39,60,28,14,5,5,26,25,60,54,54,54,41,41,41,41,41,41,32,23,21,42,42,63,26,60,60,60,55,55,55,55,38,58,58,58,58,65,65,65,65,35,59,59,59,0,0],"gold":29,"neow_bonus":"ONE_RARE_RELIC","is_daily":false,"chose_seed":false,"campfire_upgraded":5,"win_rate":0.0,"timestamp":1614396596,"path_taken":["M","?","M","?","?","R","?","R","T","R","E","M","E","?","R","BOSS","M","M","$","M","M","R","?","$","T","M","M","E","R","M","R","BOSS","M","?","M","?","M","?","E","R","T","R","E","M","?","$","R","BOSS","R","$","E"],"items_purchased_type":["Card","Card","Card","Relic","Card"],"build_version":"2020-12-22","purchased_purges":2,"victory":false,"max_hp_per_floor":[71,71,71,71,71,71,71,71,71,71,71,71,71,71,71,71,71,71,71,71,71,71,71,71,71,71,71,71,71,71,71,71,71,71,71,67,67,67,67,67,67,67,67,67,67,67,67,67,67,67,67,67,67,67,67],"card_choices":[{"not_picked":["Hologram","Turbo"],"picked":"Conserve Battery","floor":1},{"not_picked":["Chaos","Leap"],"picked":"Sweeping Beam","floor":3},{"not_picked":["Hologram","Go for the Eyes"],"picked":"Loop","floor":5},{"not_picked":["Coolheaded","Undo"],"picked":"Defragment","floor":7},{"not_picked":["Static Discharge","Compile Driver"],"picked":"Cold Snap","floor":11},{"not_picked":["Go for the Eyes","Fusion"],"picked":"Stack","floor":12},{"not_picked":["All For One","Heatsinks"],"picked":"Leap","floor":13},{"not_picked":["Seek","Meteor Strike"],"picked":"Machine Learning","floor":16},{"not_picked":["Sweeping Beam","Scrape+1"],"picked":"Melter","floor":18},{"not_picked":["Conserve Battery","Darkness"],"picked":"Reinforced Body","floor":19},{"not_picked":["Tempest","Leap"],"picked":"Chaos","floor":21},{"not_picked":["Gash","Conserve Battery+1"],"picked":"Hologram+1","floor":27},{"not_picked":["Tempest+1","Sweeping Beam"],"picked":"BootSequence+1","floor":28},{"not_picked":["Sunder+1","Machine Learning"],"picked":"Redo+1","floor":29},{"not_picked":["Leap+1","Blizzard"],"picked":"White Noise+1","floor":31},{"not_picked":["All For One","Meteor Strike"],"picked":"Creative AI","floor":33},{"not_picked":["Conserve Battery+1","Compile Driver"],"picked":"Double Energy+1","floor":35},{"not_picked":["Turbo+1","Darkness+1"],"picked":"Coolheaded+1","floor":37},{"not_picked":["Reprogram+1","Gash"],"picked":"Self Repair","floor":39},{"not_picked":["Forethought+1","Finesse+1"],"picked":"Madness+1","floor":40},{"not_picked":["Sweeping Beam+1","All For One"],"picked":"Defragment","floor":41},{"not_picked":["Consume+1","Rebound"],"picked":"Stack+1","floor":45},{"not_picked":["Barrage","Blizzard"],"picked":"Tempest+1","floor":46}],"player_experience":1623356,"relics_obtained":[{"floor":9,"key":"Bottled Lightning"},{"floor":11,"key":"Cables"},{"floor":13,"key":"Mercury Hourglass"},{"floor":17,"key":"Ice Cream"},{"floor":17,"key":"Gremlin Horn"},{"floor":17,"key":"Smiling Mask"},{"floor":26,"key":"Toxic Egg 2"},{"floor":29,"key":"Unceasing Top"},{"floor":41,"key":"Shuriken"},{"floor":45,"key":"Frozen Egg 2"}],"event_choices":[{"damage_healed":0,"gold_gain":0,"player_choice":"Ignored","damage_taken":0,"max_hp_gain":0,"max_hp_loss":0,"event_name":"Shining Light","floor":2,"gold_loss":0},{"damage_healed":0,"gold_gain":0,"player_choice":"Upgraded","damage_taken":0,"max_hp_gain":0,"max_hp_loss":0,"event_name":"Upgrade Shrine","floor":4,"gold_loss":0,"cards_upgraded":["Sweeping Beam"]},{"damage_healed":0,"gold_gain":0,"player_choice":"Searched \u00270\u0027 times","damage_taken":0,"max_hp_gain":0,"max_hp_loss":0,"event_name":"Dead Adventurer","floor":14,"gold_loss":0},{"damage_healed":0,"gold_gain":0,"player_choice":"Obtained Relic","damage_taken":0,"relics_obtained":["Dead Branch"],"max_hp_gain":0,"max_hp_loss":0,"event_name":"Addict","floor":24,"gold_loss":85},{"damage_healed":0,"gold_gain":0,"player_choice":"Max HP","damage_taken":0,"max_hp_gain":0,"max_hp_loss":4,"event_name":"Winding Halls","floor":36,"gold_loss":0},{"damage_healed":0,"gold_gain":0,"player_choice":"Ignored","damage_taken":0,"max_hp_gain":0,"max_hp_loss":0,"event_name":"Tomb of Lord Red Mask","floor":38,"gold_loss":0},{"damage_healed":0,"gold_gain":0,"player_choice":"Memory 1","damage_taken":0,"max_hp_gain":0,"max_hp_loss":0,"event_name":"SensoryStone","floor":40,"gold_loss":0}],"is_beta":false,"boss_relics":[{"not_picked":["Philosopher\u0027s Stone","Ectoplasm"],"picked":"Calling Bell"},{"not_picked":["Snecko Eye","Runic Pyramid"],"picked":"Astrolabe"}],"items_purged_floors":[20,25],"is_endless":false,"potions_floor_spawned":[3,11,13,16,19,21,22,27,29,37,41,45,46],"killed_by":"Shield and Spear","ascension_level":18}}