{"host":"zxxo33bmnyuz0c2o","time":1614408342,"event":{"mods":["2.2 Compatiblity","AlwaysNeverKeys","BaseMod","Bestiary","Block Reminder","Card Forge","Colored Map","Colored Powertips","DeckTracker","GifTheSpireLib","Highlight Path","Minty Spire (QoL Compilation)","Permanent Neow","Quick Restart","Random Character Button","Rare Cards Sparkle","Relic Sorter","Relic Stats","StSLib","SuperFastMode"],"gold_per_floor":[117,131,131,141,155,155,171,187,187,197,1,1,23,35,35,132,132,142,142,142,142,160,160,177,192,192,207,207,207,224,224,224,224,224],"floor_reached":33,"language":"ZHT","playtime":1505,"items_purged":[],"score":268,"play_id":"5a566ee0-a569-4ce5-ac8a-28b33d5df089","local_time":"20210227144542","is_ascension_mode":false,"campfire_choices":[{"floor":6,"key":"RECALL"},{"floor":12,"key":"REST"},{"data":"Turbo","floor":15,"key":"SMITH"},{"data":"Creative AI","floor":23,"key":"SMITH"},{"floor":29,"key":"REST"},{"floor":32,"key":"REST"}],"circlet_count":0,"master_deck":["Strike_B","Strike_B","Strike_B","Strike_B","Defend_B","Defend_B","Defend_B","Zap","Dualcast","Compile Driver","PathToVictory","Hello World","Core Surge","Turbo+1","Conserve Battery","Leap","Capacitor","Defragment","Creative AI+1","Leap","Melter","Ghostly","Ghostly","Ghostly","Ghostly","Ghostly","Rebound","Defragment+1","Conserve Battery+1","Turbo"],"relics":["Cracked Core","Hammer of Thor","Seething Fire","Oddly Smooth Stone","Strange Spoon","Odd Mushroom","Busted Crown","Nloth\u0027s Gift","Mummified Hand"],"acts_visited":["Exordium","TheCity"],"potions_floor_usage":[8,13,16,22,25,30,33,33],"damage_taken":[{"damage":1,"enemies":"Cultist","floor":1,"turns":3},{"damage":0,"enemies":"Small Slimes","floor":2,"turns":3},{"damage":8,"enemies":"Jaw Worm","floor":4,"turns":3},{"damage":5,"enemies":"Looter","floor":5,"turns":2},{"damage":8,"enemies":"Large Slime","floor":7,"turns":5},{"damage":23,"enemies":"Gremlin Gang","floor":8,"turns":4},{"damage":15,"enemies":"Exordium Wildlife","floor":10,"turns":4},{"damage":1,"enemies":"The Mushroom Lair","floor":13,"turns":3},{"damage":0,"enemies":"3 Louse","floor":14,"turns":2},{"damage":4,"enemies":"The Guardian","floor":16,"turns":8},{"damage":26,"enemies":"3 Byrds","floor":18,"turns":6},{"damage":3,"enemies":"Shell Parasite","floor":22,"turns":8},{"damage":0,"enemies":"Snake Plant","floor":24,"turns":6},{"damage":22,"enemies":"Centurion and Healer","floor":25,"turns":9},{"damage":4,"enemies":"Cultist and Chosen","floor":27,"turns":8},{"damage":5,"enemies":"3 Cultists","floor":30,"turns":5},{"damage":52,"enemies":"Automaton","floor":33,"turns":12}],"seed_played":"8757769938339801503","potions_obtained":[{"floor":1,"key":"FocusPotion"},{"floor":7,"key":"SkillPotion"},{"floor":14,"key":"Energy Potion"},{"floor":16,"key":"PotionOfCapacity"},{"floor":18,"key":"PowerPotion"},{"floor":24,"key":"Dexterity Potion"},{"floor":27,"key":"PowerPotion"}],"is_trial":false,"path_per_floor":["M","M","?","M","M","R","M","M","T","M","$","R","?","M","R","B",null,"M","?","?","?","M","R","M","M","T","M","?","R","M","T","R","B"],"character_chosen":"DEFECT","items_purchased":["Strange Spoon","Explosive Potion"],"campfire_rested":3,"item_purchase_floors":[11,11],"current_hp_per_floor":[74,74,74,66,61,61,53,30,30,15,15,37,36,36,36,32,75,49,49,37,33,30,30,30,8,8,4,4,16,11,11,23,0,0],"gold":224,"neow_bonus":"REMOVE_CARD","is_daily":false,"chose_seed":false,"campfire_upgraded":2,"win_rate":0.0,"timestamp":1614408342,"path_taken":["M","M","?","M","M","R","?","M","T","M","$","R","?","M","R","BOSS","M","?","?","?","M","R","M","M","T","M","?","R","?","?","R","BOSS"],"items_purchased_type":["Relic","Potion"],"build_version":"2020-12-22","purchased_purges":0,"victory":false,"max_hp_per_floor":[75,75,75,75,75,75,75,75,75,75,75,75,75,75,75,75,75,75,75,37,42,42,42,42,42,42,42,42,42,42,42,42,42,42],"relic_stats":{"Strange Spoon":[20],"Busted Crown":12,"counters":[17,91],"Mummified Hand":[4],"Nloth\u0027s Gift":0,"obtain_stats":[{"Strange Spoon":11,"Busted Crown":17,"Anvil of the Gods":0,"Mummified Hand":31,"Oddly Smooth Stone":9,"Hammer of Thor":0,"Nloth\u0027s Gift":28,"Seething Fire":0,"Odd Mushroom":13,"Cracked Core":0},{"Strange Spoon":7,"Busted Crown":10,"Anvil of the Gods":0,"Mummified Hand":16,"Oddly Smooth Stone":6,"Hammer of Thor":0,"Nloth\u0027s Gift":15,"Seething Fire":0,"Odd Mushroom":8,"Cracked Core":0},{"Strange Spoon":24,"Busted Crown":37,"Anvil of the Gods":0,"Mummified Hand":79,"Oddly Smooth Stone":20,"Hammer of Thor":0,"Nloth\u0027s Gift":74,"Seething Fire":0,"Odd Mushroom":27,"Cracked Core":0}]},"card_choices":[{"not_picked":["Rip and Tear","Tempest"],"picked":"Leap","floor":1},{"not_picked":["Streamline","Hologram"],"picked":"Compile Driver","floor":2},{"not_picked":["Compile Driver","Streamline"],"picked":"Hello World","floor":4},{"not_picked":["Aggregate","Coolheaded"],"picked":"Core Surge","floor":5},{"not_picked":["Rebound","Barrage"],"picked":"Turbo","floor":7},{"not_picked":["Hologram","Rebound"],"picked":"Conserve Battery","floor":8},{"not_picked":["Beam Cell","Defragment"],"picked":"Leap","floor":10},{"not_picked":["Cold Snap","BootSequence"],"picked":"Capacitor","floor":13},{"not_picked":["Conserve Battery","Hologram"],"picked":"Defragment","floor":14},{"not_picked":["Hyperbeam","Multi-Cast"],"picked":"Creative AI","floor":16},{"not_picked":[],"picked":"Leap","floor":18},{"not_picked":[],"picked":"Rebound","floor":22},{"not_picked":[],"picked":"Defragment+1","floor":24},{"not_picked":["Genetic Algorithm+1"],"picked":"SKIP","floor":25},{"not_picked":[],"picked":"Conserve Battery+1","floor":27},{"not_picked":[],"picked":"Turbo","floor":30}],"player_experience":33638,"relics_obtained":[{"floor":9,"key":"Oddly Smooth Stone"},{"floor":13,"key":"Odd Mushroom"},{"floor":31,"key":"Mummified Hand"}],"event_choices":[{"cards_removed":["Leap"],"damage_healed":0,"gold_gain":0,"player_choice":"Took Card","damage_taken":0,"max_hp_gain":0,"max_hp_loss":0,"event_name":"NoteForYourself","floor":3,"gold_loss":0,"cards_obtained":["PathToVictory"]},{"damage_healed":0,"gold_gain":0,"player_choice":"Fought Mushrooms","damage_taken":0,"max_hp_gain":0,"max_hp_loss":0,"event_name":"Mushrooms","floor":13,"gold_loss":0},{"damage_healed":0,"gold_gain":0,"player_choice":"Read","damage_taken":0,"max_hp_gain":0,"max_hp_loss":0,"event_name":"The Library","floor":19,"gold_loss":0,"cards_obtained":["Melter"]},{"damage_healed":0,"gold_gain":0,"player_choice":"Became a Ghost","damage_taken":0,"max_hp_gain":0,"max_hp_loss":38,"event_name":"Ghosts","floor":20,"gold_loss":0,"cards_obtained":["Ghostly","Ghostly","Ghostly","Ghostly","Ghostly"]},{"damage_healed":0,"gold_gain":0,"player_choice":"Shed Blood","damage_taken":9,"max_hp_gain":5,"max_hp_loss":0,"event_name":"Forgotten Altar","floor":21,"gold_loss":0},{"damage_healed":0,"gold_gain":0,"player_choice":"Traded Relic","damage_taken":0,"relics_obtained":["Nloth\u0027s Gift"],"max_hp_gain":0,"max_hp_loss":0,"event_name":"N\u0027loth","floor":28,"relics_lost":["Anvil of the Gods"],"gold_loss":0}],"is_beta":false,"boss_relics":[{"not_picked":["Fusion Hammer","Calling Bell"],"picked":"Busted Crown"}],"items_purged_floors":[],"is_endless":false,"potions_floor_spawned":[1,7,14,16,18,24,27],"killed_by":"Automaton","ascension_level":0}}