{"host":"dbkc9h3etq50r1dq","time":1614388513,"event":{"mods":["AchievementEnabler","BaseMod","Block Reminder","Colored Powertips","Curses Come First","Dark Map","Highlight Path","Keyboard Shortcuts","Marisa£®ÏF”Í°°ƒß¿Ì…≥£©","Minty Spire (QoL Compilation)","Permanent Neow","Potion Indicator Mod","Random Character Button","Rare Cards Sparkle","StSLib","SuperFastMode","Weighted Paths"],"gold_per_floor":[113,133,161,236,236,286,286,315,315,315,16,16,34,76,76,189,189,201,5,5,25,45,45,78,3,3,3,3,3,22,22,22],"floor_reached":31,"language":"ZHS","playtime":1508,"items_purged":["Strike_MRS","Strike_MRS"],"score":429,"play_id":"be7a7e1d-f321-42dd-966a-94147d44793a","local_time":"20210227091513","is_ascension_mode":true,"campfire_choices":[{"data":"UpSweep","floor":7.0,"key":"SMITH"},{"floor":10.0,"key":"REST"},{"floor":15.0,"key":"REST"},{"floor":23.0,"key":"REST"},{"floor":28,"key":"REST"}],"circlet_count":0,"master_deck":["Strike_MRS","Defend_MRS","Defend_MRS","Defend_MRS","Defend_MRS","MasterSpark","UpSweep+1","ShootingEcho","WitchOfGreed","GalacticHalo","DoubleSpark","StarDustReverie+1","MilkyWay","StarBarrage","StarDustReverie","MilkyWay","PowerUp","MilkyWay","DarkMatter","MilkyWay+1","DeepEcoloBomb+1"],"relics":["BewitchedHakkero","Toy Ornithopter","Torii","Pear","ClockworkSouvenir","Bottled Flame","MealTicket","Lizard Tail"],"acts_visited":["Exordium","TheCity"],"potions_floor_usage":[31],"damage_taken":[{"damage":9.0,"enemies":"2 Louse","floor":1.0,"turns":2.0},{"damage":7.0,"enemies":"Jaw Worm","floor":2.0,"turns":3.0},{"damage":1.0,"enemies":"Cultist","floor":3.0,"turns":3.0},{"damage":15.0,"enemies":"3 Sentries","floor":6.0,"turns":8.0},{"damage":30.0,"enemies":"Gremlin Nob","floor":8.0,"turns":4.0},{"damage":1.0,"enemies":"Lots of Slimes","floor":13.0,"turns":2.0},{"damage":24.0,"enemies":"3 Sentries","floor":14.0,"turns":6.0},{"damage":46.0,"enemies":"Slime Boss","floor":16.0,"turns":12.0},{"damage":8.0,"enemies":"2 Thieves","floor":18.0,"turns":2.0},{"damage":19.0,"enemies":"Shell Parasite","floor":21.0,"turns":7.0},{"damage":15.0,"enemies":"Snake Plant","floor":22.0,"turns":4.0},{"damage":81,"enemies":"Gremlin Leader","floor":24,"turns":12},{"damage":32,"enemies":"Centurion and Healer","floor":30,"turns":8},{"damage":0,"enemies":"Shelled Parasite and Fungi","floor":31,"turns":1}],"seed_played":"-6184696524239771070","potions_obtained":[{"floor":0.0,"key":"Fire Potion"},{"floor":0.0,"key":"StarNLove"},{"floor":0.0,"key":"Fruit Juice"},{"floor":1.0,"key":"Block Potion"},{"floor":3.0,"key":"DuplicationPotion"},{"floor":6.0,"key":"Explosive Potion"},{"floor":6.0,"key":"BlessingOfTheForge"},{"floor":13.0,"key":"LiquidBronze"},{"floor":14.0,"key":"Swift Potion"},{"floor":16.0,"key":"DistilledChaos"},{"floor":16.0,"key":"AttackPotion"},{"floor":21.0,"key":"Block Potion"},{"floor":30,"key":"Regen Potion"}],"is_trial":false,"path_per_floor":["M","M","M","?","?","E","R","E","T","R","$","?","M","E","R","B",null,"M","$","?","M","M","R","E","?","T","$","R","?","M","M"],"character_chosen":"MARISA","items_purchased":["StarDustReverie","ClockworkSouvenir","PowerUp","MilkyWay"],"campfire_rested":4,"item_purchase_floors":[11,11,19,19],"current_hp_per_floor":[64,57,56,45,71,56,56,36,46,73,73,73,77,53,80,39,77,79,79,79,60,55,82,1,1,1,16,43,43,11,16,16],"gold":22,"neow_bonus":"THREE_SMALL_POTIONS","is_daily":false,"chose_seed":false,"campfire_upgraded":1,"win_rate":0.0,"timestamp":1614388513,"path_taken":["M","M","M","?","?","E","R","E","T","R","$","?","?","E","R","BOSS","M","?","?","M","M","R","E","?","T","?","R","?","M","M"],"items_purchased_type":["Card","Relic","Card","Card"],"build_version":"2020-12-22","purchased_purges":2,"victory":false,"max_hp_per_floor":[80,80,80,80,80,80,80,80,90,90,90,90,90,90,90,90,90,90,90,90,90,90,90,90,90,90,90,90,90,90,90,90],"card_choices":[{"not_picked":["DragonMeteor","LuminesStrike"],"picked":"ShootingEcho","floor":1.0},{"not_picked":["LuminesStrike","DC"],"picked":"WitchOfGreed","floor":2.0},{"not_picked":["UnstableBomb","GravityBeat"],"picked":"GalacticHalo","floor":3.0},{"not_picked":["LuminesStrike","EnergyRecoil","NonDirectionalLaser"],"picked":"SKIP","floor":6.0},{"not_picked":["ChargeUpSpray","OortCloud"],"picked":"DoubleSpark","floor":8.0},{"not_picked":["MagicChant","AbsoluteMagnitude"],"picked":"MilkyWay","floor":13.0},{"not_picked":["BigCrunch","ChargingUp"],"picked":"StarBarrage","floor":14.0},{"not_picked":["BigCrunch","TreasureHunter"],"picked":"StarDustReverie","floor":16.0},{"not_picked":["GalacticHalo","6A+1"],"picked":"MilkyWay","floor":18.0},{"not_picked":["AsteroidBelt","GrandCross+1"],"picked":"MilkyWay+1","floor":21.0},{"not_picked":["DC","WitchOfGreed","OrrerysSun+1"],"picked":"SKIP","floor":22.0},{"not_picked":["DarkSpark","OrrerysSun"],"picked":"DeepEcoloBomb+1","floor":24},{"not_picked":["NonDirectionalLaser","ChargingUp","EnergyFlow"],"picked":"SKIP","floor":30}],"player_experience":220528,"relics_obtained":[{"floor":6.0,"key":"Toy Ornithopter"},{"floor":8.0,"key":"Torii"},{"floor":9.0,"key":"Pear"},{"floor":14.0,"key":"Bottled Flame"},{"floor":24,"key":"MealTicket"},{"floor":26,"key":"Lizard Tail"}],"event_choices":[{"damage_healed":0.0,"max_hp_gain":0.0,"max_hp_loss":0.0,"gold_gain":75.0,"event_name":"World of Goop","player_choice":"Gather Gold","floor":4.0,"gold_loss":0.0,"damage_taken":11.0},{"damage_healed":26.0,"max_hp_gain":0.0,"max_hp_loss":0.0,"gold_gain":0.0,"event_name":"Big Fish","player_choice":"Banana","floor":5.0,"gold_loss":0.0,"damage_taken":0.0},{"damage_healed":0.0,"max_hp_gain":0.0,"max_hp_loss":0.0,"gold_gain":0.0,"event_name":"Upgrade Shrine","player_choice":"Upgraded","floor":12.0,"gold_loss":0.0,"damage_taken":0.0,"cards_upgraded":["StarDustReverie"]},{"damage_healed":0.0,"max_hp_gain":0.0,"max_hp_loss":0.0,"gold_gain":0.0,"event_name":"The Library","player_choice":"Read","floor":20.0,"gold_loss":0.0,"damage_taken":0.0,"cards_obtained":["DarkMatter"]},{"cards_removed":["Strike_MRS"],"damage_healed":0,"gold_gain":0,"player_choice":"Gave Gold","damage_taken":0,"max_hp_gain":0,"max_hp_loss":0,"event_name":"Beggar","floor":25,"gold_loss":75},{"damage_healed":0,"gold_gain":0,"player_choice":"Ignored","damage_taken":0,"max_hp_gain":0,"max_hp_loss":0,"event_name":"Vampires","floor":29,"gold_loss":0}],"is_beta":false,"boss_relics":[{"not_picked":["Snecko Eye","Coffee Dripper"],"picked":"BewitchedHakkero"}],"items_purged_floors":[11,19],"is_endless":false,"potions_floor_spawned":[1,6,13,14,16,21,30],"killed_by":"Shelled Parasite and Fungi","ascension_level":8}}