{"host":"opdum64sdiqzxm7l","time":1614407848,"event":{"mods":["Act Like it!","Aspiration","BaseMod","Bossed Relics","CapriCore","Colored Powertips","Conspire","Energized Spire","Friendly Minions","Gold Saver","Hubris","Jedi Mod","Minty Spire (QoL Compilation)","MostiFishMod","Pale of the Ancients","Poor People Problems","Quick Restart","Reliquary","Replay The Spire","RumiaBox-露米娅的神秘盒子","Ryuuou龙王","Slay the Relics Exporter","Spicy Shops","StSLib","TestMod","The Construct","The Mystic","Transform Curses","UnlockEverythingMod","Waifu the Spire","[IsaacMod]以撒尖塔","[功能]功能增强和修复MOD","【功能Mod】混沌之环修复补丁","【功能Mod】聪明的最终Boss","【遗物卡牌】REMEMod"],"gold_per_floor":[1867,1867,1492,1492,1189,1215,1016,1034,1086,1086,1086,1105,1105,863,863,959,959,977,709,709,709,517,479,508,508,508,537,24,40,75,25,25,25,25],"floor_reached":33,"language":"ZHS","playtime":2704,"items_purged":["construct:Strike_Gold","construct:Strike_Gold","construct:Strike_Gold","construct:DefenseMode","Regret","Dagger Spray","construct:Chainstrike+1"],"score":497,"play_id":"ddf0c84f-ac5f-43b9-b4e4-89c383b9b608","local_time":"20210227143728","is_ascension_mode":false,"campfire_choices":[{"data":"construct:Autoturret","floor":15,"key":"SMITH"},{"data":"construct:Stasis","floor":32,"key":"SMITH"}],"circlet_count":0,"master_deck":["construct:Defend_Gold","construct:Defend_Gold","construct:Defend_Gold+1","construct:Defend_Gold","construct:Defend_Gold","construct:AttackMode","Night Terror+1","construct:Versatility+1","construct:Autoturret+1","construct:GuardCore","construct:SweepLaser","construct:GoldenBullet+2","testmod-Recap","hubris:Insight","construct:GuardCore","construct:ElectricArmor+1","construct:PointDefense","construct:Stasis+1","construct:SiegeForm+1","MostiFishMod:FrostNova","construct:Autoturret","MostiFishMod:Confrontation+1","MostiFishMod:Confrontation+1","construct:SyphonStrike+1","construct:VentSteam+1","construct:Autoturret","construct:SyphonStrike"],"relics":["construct:Cogwheel","REME_ComplimentaryCards","DaveBox","testmod-TestBox","HushsDoor","testmod-IndustrialRevolution","SteamSale","testmod-Hope","HollowDreamFlower","Replay:Ringing Soul","Technique","reliquary:PurpleTingedLeaf","Medical Kit","reliquary:Boomerang","conspire:GlowingRock","Bag of Marbles","conspire:Boomerang","Letter Opener","reliquary:SilkGlove","MetatronsCube","hubris:DisguiseKit","BrkXgEgg","SynthV","PillsDrop","HowToJump","TungstenRod","REME_LimitBreaker","testmod-IWantAll","Gremlin Food","construct:MegaBattery","reliquary:TuningFork","Honey Jar","MoneyPower","MagicDraw2","Mummified Hand","hubris:SlimyHat","Omamori","reliquary:WeakTea","MealTicket","Strange Spoon","jedi:cryingmask","Toxic Egg 2","aspiration:SeaSaltIceCream","Mango","jedi:arcanewood","Toy Ornithopter","reliquary:Bookmark","jedi:shrinkray","testmod-Justice"],"acts_visited":["Exordium","TheCity"],"potions_floor_usage":[24,30,33],"damage_taken":[{"damage":0,"enemies":"2 Louse","floor":1,"turns":3},{"damage":6,"enemies":"Lagavulin","floor":6,"turns":8},{"damage":0,"enemies":"Jaw Worm","floor":8,"turns":1},{"damage":0,"enemies":"Cultist","floor":12,"turns":3},{"damage":3,"enemies":"Fading Forest","floor":16,"turns":6},{"damage":0,"enemies":"2 Thieves","floor":18,"turns":3},{"damage":0,"enemies":"Shell Parasite","floor":23,"turns":3},{"damage":0,"enemies":"Replay:Snechameleon","floor":24,"turns":4},{"damage":0,"enemies":"REME_1_Revenger","floor":27,"turns":3},{"damage":0,"enemies":"Snake Plant","floor":29,"turns":2},{"damage":0,"enemies":"Replay:Snechameleon","floor":30,"turns":4},{"damage":0,"enemies":"Collector","floor":33,"turns":2}],"seed_played":"3733902174512776510","potions_obtained":[{"floor":8,"key":"AttackPotion"},{"floor":8,"key":"Swift Potion"},{"floor":16,"key":"Block Potion"},{"floor":18,"key":"Cursed Concoction"},{"floor":24,"key":"SkillPotion"},{"floor":27,"key":"Adrenaline Potion"},{"floor":29,"key":"BlessingOfTheForge"},{"floor":29,"key":"Energy Potion"}],"is_trial":false,"path_per_floor":["M","?","$","?","$","E","$","M","T","?","?","M","?","$","R","B",null,"M","$","?","?","$","M","E","?","T","E","$","M","E","$","R","B"],"character_chosen":"THE_CONSTRUCT_MOD","items_purchased":["Replay:Ringing Soul","Technique","reliquary:PurpleTingedLeaf","Medical Kit","reliquary:Boomerang","conspire:GlowingRock","construct:Autoturret","construct:GuardCore","construct:SweepLaser","construct:GoldenBullet+1","testmod-Recap","testmod-EternalityOfKhronos","hubris:Insight","Bag of Marbles","conspire:Boomerang","Letter Opener","reliquary:SilkGlove","MetatronsCube","BrkXgEgg","SynthV","PillsDrop","construct:GuardCore","construct:ElectricArmor+1","REME_TwoStrings","REME_LimitBreaker","testmod-IWantAll","Gremlin Food","construct:MegaBattery","reliquary:TuningFork","construct:Autoturret","MoneyPower","MagicDraw2","Mummified Hand","hubris:SlimyHat","Omamori","reliquary:WeakTea","MealTicket","Strange Spoon","jedi:arcanewood","Toy Ornithopter","reliquary:Bookmark","testmod-Justice"],"campfire_rested":0,"item_purchase_floors":[3,3,3,3,3,3,3,3,3,3,3,5,5,5,5,5,5,5,7,7,7,7,7,7,14,14,14,14,14,19,19,19,19,19,22,22,22,22,28,28,28,31],"current_hp_per_floor":[85,85,88,88,91,86,89,92,92,92,95,98,98,98,98,101,101,104,107,107,110,110,116,119,119,119,131,131,134,137,137,137,-999999,-999999],"gold":25,"neow_bonus":"RANDOM_COMMON_RELIC","is_daily":false,"chose_seed":false,"campfire_upgraded":2,"win_rate":0.0,"timestamp":1614407848,"path_taken":["M","?","$","?","?","E","?","?","T","?","?","?","?","$","R","BOSS","M","$","?","?","$","?","E","?","T","E","$","?","E","?","R","BOSS"],"items_purchased_type":["Relic","Relic","Relic","Relic","Relic","Relic","Card","Card","Card","Card","Card","Card","Card","Relic","Relic","Relic","Relic","Relic","Relic","Relic","Relic","Card","Card","Card","Relic","Relic","Relic","Relic","Relic","Card","Relic","Relic","Relic","Relic","Relic","Relic","Relic","Relic","Relic","Relic","Relic","Relic"],"build_version":"2020-12-22","purchased_purges":7,"victory":false,"max_hp_per_floor":[85,85,88,88,91,91,94,92,92,92,95,98,98,98,98,101,101,104,107,107,110,110,116,119,119,119,131,131,134,137,137,137,134,134],"card_choices":[{"not_picked":[],"picked":"SuicideKing","floor":0},{"not_picked":["construct:Boost","construct:Analyze"],"picked":"construct:Versatility","floor":1},{"not_picked":["construct:SweepLaser","construct:ChargeShot","construct:Enhance"],"picked":"SKIP","floor":6},{"not_picked":["construct:FocusedBeam","construct:Forcefield","PiercingWail"],"picked":"construct:PointDefense","floor":8},{"not_picked":["construct:Forcefield","construct:PowerUp","Blade Dance"],"picked":"construct:Stasis","floor":12},{"not_picked":["construct:HyperBeam+1","construct:ShiftingStance+1","Glass Knife"],"picked":"construct:SiegeForm+1","floor":16},{"not_picked":["construct:ShiftGuard","construct:Overcharge","construct:Accumulate","construct:Missile"],"picked":"MostiFishMod:FrostNova","floor":18},{"not_picked":["construct:ModeShift","construct:Boost","construct:Accumulate","hubris:SlightOfHand"],"picked":"construct:Chainstrike+1","floor":23},{"not_picked":["construct:PointDefense","construct:ChargeShot","construct:Accumulate","A Thousand Cuts"],"picked":"construct:SyphonStrike+1","floor":24},{"not_picked":["construct:Reinforce+1","construct:Synchronize","construct:MetalShell+1","Setup"],"picked":"construct:VentSteam+1","floor":27},{"not_picked":["construct:Failsafe","construct:ElectricArmor+1","construct:Reinforce+1","Outmaneuver"],"picked":"construct:Autoturret","floor":29},{"not_picked":["construct:FierceBash","construct:SweepLaser+1","construct:ScrapCannon+1","Acrobatics"],"picked":"construct:SyphonStrike","floor":30}],"player_experience":37,"relics_obtained":[{"floor":6,"key":"hubris:DisguiseKit"},{"floor":9,"key":"HowToJump"},{"floor":24,"key":"jedi:cryingmask"},{"floor":26,"key":"Toxic Egg 2"},{"floor":27,"key":"aspiration:SeaSaltIceCream"},{"floor":30,"key":"jedi:shrinkray"}],"event_choices":[{"cards_removed":["construct:Strike_Gold"],"damage_healed":0,"gold_gain":0,"player_choice":"Purged","damage_taken":0,"max_hp_gain":0,"max_hp_loss":0,"event_name":"Purifier","floor":10,"gold_loss":0},{"damage_healed":0,"gold_gain":0,"player_choice":"Box","damage_taken":0,"relics_obtained":["TungstenRod"],"max_hp_gain":0,"max_hp_loss":0,"event_name":"Big Fish","floor":11,"gold_loss":0,"cards_obtained":["Regret"]},{"damage_healed":0,"gold_gain":0,"player_choice":"Leave","damage_taken":0,"max_hp_gain":0,"max_hp_loss":0,"event_name":"conspire:Investor","floor":13,"gold_loss":0},{"damage_healed":0,"gold_gain":0,"player_choice":"Full Heal","damage_taken":0,"max_hp_gain":0,"max_hp_loss":0,"event_name":"Wheel of Change","floor":25,"gold_loss":0}],"is_beta":false,"boss_relics":[{"not_picked":["aspiration:WatcherSkillbook","hubris:Backtick"],"picked":"Honey Jar"},{"not_picked":[]}],"items_purged_floors":[7,14,19,22,28,28,28],"is_endless":false,"potions_floor_spawned":[8,8,16,16,16,18,24,27,29,29],"killed_by":"Collector","ascension_level":0}}