{"host":"p4yrwepmrl4g8pul","time":1614415319,"event":{"mods":["Act Like it!","BaseMod","BetterRewards","Colored Map","Custom Start","Downfall","Gensokyo","Marisa£®ÏF”Í°°ƒß¿Ì…≥£©","Minty Spire (QoL Compilation)","Quick Restart","Rare Cards Sparkle","Reimu£®≤©¿ˆ¡È√Œ£©","Remilia£®¿Ÿ√◊¿Ú—«£©","Remove Card Discount Mod","Shop Mod","StSLib","Thieving Mod"],"gold_per_floor":[99,119,136,11045,11060,11073,11146,11163,11177,11211,11011,11111,11123,10603,10618,10714,10714,10714,10733,10744,9979,9997,10017,10098,10098,10148,10198,10209,10292,10319,10337,10354,10451,10451,10451,10466,10516,10526,10237,10237,10237,10269,9843,9843,9872,9247,9247,9297,9311,9311],"floor_reached":51,"language":"ZHS","playtime":2944,"items_purged":["Guardian:Strike_Guardian","Guardian:Strike_Guardian","Guardian:Defend_Guardian","Guardian:Defend_Guardian","Guardian:Strike_Guardian","Guardian:Strike_Guardian","Guardian:CurlUp","Guardian:Orbwalk","Guardian:Defend_Guardian","Guardian:Incinerate","Guardian:Defend_Guardian","Guardian:PrimingBeam","Guardian:TemporalShield","Guardian:TemporalShield","Guardian:Emergency","Guardian:TimeBomb"],"score":1009,"play_id":"954292c8-0851-47ac-99e7-ec002932e34c","local_time":"20210227164159","is_ascension_mode":true,"campfire_choices":[{"data":"Guardian:TwinSlam","floor":1.0,"key":"SMITH"},{"data":"Guardian:PrismaticBeam","floor":11.0,"key":"SMITH"},{"data":"Guardian:Suspension","floor":18.0,"key":"SMITH"},{"data":"Guardian:BaubleBeam","floor":25,"key":"SMITH"},{"data":"Guardian:Emergency","floor":35,"key":"SMITH"},{"data":"Guardian:PolyBeam","floor":40,"key":"SMITH"},{"data":"Guardian:PolyBeam","floor":44,"key":"SMITH"},{"data":"Guardian:PiercingHide","floor":47,"key":"SMITH"}],"circlet_count":0,"master_deck":["Guardian:TwinSlam+1","Guardian:PrismaticBeam+1","Guardian:Suspension+1","Guardian:PiercingHide+1","Guardian:BaubleBeam+1","Guardian:Emergency+1","Guardian:PolyBeam+1","Guardian:PiercingHide","Guardian:PolyBeam+1","Guardian:ExploitGems","Guardian:MultiBeam+1"],"relics":["Busted Crown","TungstenRod","Question Card","Frozen Eye","Anchor","downfall:HeartBlessingBlue","downfall:HeartBlessingGreen","downfall:CloakOfManyFaces","CultistMask","FaceOfCleric","NlothsMask","GremlinMask","SsserpentHead","MerchantsRug","Juzu Bracelet","Regal Pillow","Philosopher\u0027s Stone","Bag of Marbles","CaptainsWheel","Red Mask","HornCleat","RedLine:ReiMu","Guardian:PickAxe","Art of War","TentaclePot:ReiMu","Dream Catcher","StrikeDummy","Ancient Tea Set","Kunai","TheAbacus","Bronze Scales","Shuriken"],"acts_visited":["Exordium","TheCity","TheBeyond"],"potions_floor_usage":[29,33,33,33,50,50,50],"damage_taken":[{"damage":2.0,"enemies":"Jaw Worm","floor":2.0,"turns":4.0},{"damage":0.0,"enemies":"Cultist","floor":3.0,"turns":4.0},{"damage":0.0,"enemies":"downfall:FleeingMerchant","floor":4.0,"turns":4.0},{"damage":0.0,"enemies":"2 Louse","floor":5.0,"turns":2.0},{"damage":7.0,"enemies":"downfall:LooterAlt","floor":6.0,"turns":3.0},{"damage":7.0,"enemies":"Blue Slaver","floor":8.0,"turns":3.0},{"damage":8.0,"enemies":"Exordium Wildlife","floor":9.0,"turns":4.0},{"damage":8.0,"enemies":"3 Sentries","floor":10.0,"turns":4.0},{"damage":0.0,"enemies":"downfall:FaceTrader","floor":12.0,"turns":7.0},{"damage":0.0,"enemies":"Large Slime","floor":13.0,"turns":4.0},{"damage":7.0,"enemies":"downfall:FleeingMerchant","floor":14.0,"turns":4.0},{"damage":0.0,"enemies":"Gremlin Gang","floor":15.0,"turns":3.0},{"damage":8.0,"enemies":"DF_ARCHETYPE_STREAMLINE","floor":16.0,"turns":6.0},{"damage":0.0,"enemies":"Spheric Guardian","floor":19.0,"turns":3.0},{"damage":0.0,"enemies":"Chosen","floor":20.0,"turns":4.0},{"damage":0.0,"enemies":"downfall:FleeingMerchant","floor":21.0,"turns":4.0},{"damage":0.0,"enemies":"Centurion and Healer","floor":22.0,"turns":6.0},{"damage":0.0,"enemies":"Snecko","floor":23.0,"turns":4.0},{"damage":0,"enemies":"Chosen and Byrds","floor":28,"turns":4},{"damage":0,"enemies":"Masked Bandits","floor":29,"turns":2},{"damage":0,"enemies":"Gremlin Leader","floor":30,"turns":4},{"damage":0,"enemies":"3 Cultists","floor":31,"turns":4},{"damage":0,"enemies":"Shelled Parasite and Fungi","floor":32,"turns":3},{"damage":18,"enemies":"IC_MUSHROOM_ARCHETYPE","floor":33,"turns":5},{"damage":0,"enemies":"Orb Walker","floor":36,"turns":2},{"damage":0,"enemies":"3 Shapes","floor":38,"turns":4},{"damage":0,"enemies":"downfall:FleeingMerchant","floor":39,"turns":3},{"damage":0,"enemies":"Nemesis","floor":42,"turns":4},{"damage":10,"enemies":"Reptomancer","floor":45,"turns":4},{"damage":0,"enemies":"Maw","floor":49,"turns":3},{"damage":0,"enemies":"WA_ARCHETYPE_DIVINITY","floor":50,"turns":3}],"seed_played":"-2933171234418974926","potions_obtained":[{"floor":5.0,"key":"LiquidBronze"},{"floor":6.0,"key":"Fire Potion"},{"floor":9.0,"key":"SkillPotion"},{"floor":12.0,"key":"LiquidMemories"},{"floor":29,"key":"Ancient Potion"},{"floor":33,"key":"Fire Potion"},{"floor":36,"key":"PowerPotion"},{"floor":49,"key":"Dexterity Potion"}],"is_trial":false,"path_per_floor":["R","M","M","$","M","M","T","M","M","E","R","?","M","$","M","B",null,"R","M","M","$","M","M","T","R","?","?","M","?","E","M","M","B",null,"R","M","?","M","$","R","T","E","$","R","E","$","R","?","M","B",null],"character_chosen":"GUARDIAN","items_purchased":["TungstenRod","Guardian:TimeBomb","Question Card","Frozen Eye","BlessingOfTheForge","MerchantsRug","Juzu Bracelet","Regal Pillow","Guardian:Incinerate","Bag of Marbles","CaptainsWheel","Guardian:BaubleBeam","Guardian:Gem_Lightblue","Fire Potion","SteroidPotion","Guardian:PiercingHide","Guardian:PickAxe","Art of War","TentaclePot:ReiMu","Block Potion","Guardian:PolyBeam","StrikeDummy","Ancient Tea Set","SteroidPotion","TheAbacus","Bronze Scales","Shuriken","Guardian:ExploitGems"],"campfire_rested":0,"item_purchase_floors":[4,4,4,4,4,14,14,14,14,21,21,21,21,21,21,39,39,39,39,39,39,43,43,43,46,46,46,46],"current_hp_per_floor":[80,78,78,78,78,71,71,64,56,48,58,58,59,53,54,47,94,94,95,96,97,98,99,99,99,99,99,100,101,102,103,104,87,105,105,106,106,107,108,108,108,109,109,109,100,100,100,100,101,102],"gold":9311,"neow_bonus":"BOSS_RELIC","is_daily":false,"chose_seed":false,"campfire_upgraded":8,"win_rate":0.0,"timestamp":1614415319,"path_taken":["R","M","M","$","M","M","T","M","M","E","R","?","M","$","M","BOSS","R","M","M","$","M","M","T","R","?","?","M","?","E","M","M","BOSS","R","M","?","M","$","R","T","E","$","R","E","$","R","?","M","BOSS"],"items_purchased_type":["Relic","Card","Relic","Relic","Potion","Relic","Relic","Relic","Card","Relic","Relic","Card","Card","Potion","Potion","Card","Relic","Relic","Relic","Potion","Card","Relic","Relic","Potion","Relic","Relic","Relic","Card"],"build_version":"2020-12-22","purchased_purges":16,"victory":true,"max_hp_per_floor":[80,80,80,80,80,80,80,80,80,80,90,90,91,92,93,94,94,94,95,96,97,98,99,99,99,99,99,100,101,102,103,104,105,105,105,106,106,107,108,108,108,109,109,109,110,110,110,110,111,112],"card_choices":[{"not_picked":[],"picked":"Guardian:Recover","floor":2.0},{"not_picked":[],"picked":"Guardian:Gem_Crimson","floor":3.0},{"not_picked":[],"picked":"Guardian:Gem_Cyan","floor":4.0},{"not_picked":["Guardian:FuturePlans"],"picked":"Guardian:Gem_Crimson","floor":5.0},{"not_picked":["Guardian:WalkerClaw"],"picked":"Guardian:Orbwalk","floor":6.0},{"not_picked":["Guardian:VentSteam","Guardian:Reroute"],"picked":"SKIP","floor":8.0},{"not_picked":["Guardian:Gem_Fragmented"],"picked":"Guardian:PrimingBeam","floor":9.0},{"not_picked":["Guardian:Gem_Cyan"],"picked":"Guardian:PrismaticBeam","floor":10.0},{"not_picked":["Guardian:Reroute"],"picked":"Guardian:Suspension","floor":13.0},{"not_picked":["Guardian:Suspension"],"picked":"Guardian:TemporalShield","floor":14.0},{"not_picked":["Guardian:TemporalStrike","Guardian:Planning"],"picked":"SKIP","floor":15.0},{"not_picked":["Guardian:GemFinder"],"picked":"Guardian:Gem_Synthetic","floor":16.0},{"not_picked":["Guardian:Gem_Lightblue"],"picked":"Guardian:PiercingHide","floor":19.0},{"not_picked":["Guardian:BronzeOrb","Guardian:WalkerClaw"],"picked":"SKIP","floor":20.0},{"not_picked":["Guardian:WalkerClaw"],"picked":"Guardian:Emergency","floor":21.0},{"not_picked":["Guardian:ShieldSpikes"],"picked":"Guardian:Gem_Synthetic","floor":22.0},{"not_picked":["Guardian:Incinerate"],"picked":"Guardian:Gem_Cyan","floor":23.0},{"not_picked":["Guardian:VentSteam+1"],"picked":"Guardian:TemporalShield","floor":28},{"not_picked":["Guardian:TimeBomb"],"picked":"Guardian:Gem_Red","floor":29},{"not_picked":["Guardian:Planning+1"],"picked":"Guardian:Emergency","floor":30},{"not_picked":["Guardian:BodySlam"],"picked":"Guardian:Gem_Red","floor":31},{"not_picked":["Guardian:MultiBeam"],"picked":"Guardian:PolyBeam","floor":32},{"not_picked":["Guardian:TimeSifter"],"picked":"Guardian:Gem_Orange","floor":33},{"not_picked":["Guardian:BodySlam+1","Guardian:Recover+1"],"picked":"SKIP","floor":36},{"not_picked":["Guardian:Gem_Green","Guardian:SentryBeam"],"picked":"SKIP","floor":38},{"not_picked":["Guardian:Gem_Cyan","Guardian:FuturePlans"],"picked":"SKIP","floor":39},{"not_picked":["Guardian:Gem_Green","Guardian:PiercingHide"],"picked":"SKIP","floor":42},{"not_picked":["Guardian:Planning+1","Guardian:PolyBeam"],"picked":"SKIP","floor":45},{"not_picked":["Guardian:TemporalShield+1"],"picked":"Guardian:MultiBeam+1","floor":49}],"player_experience":862321,"relics_obtained":[{"floor":10.0,"key":"Anchor"},{"floor":12.0,"key":"downfall:CloakOfManyFaces"},{"floor":29,"key":"Red Mask"},{"floor":30,"key":"HornCleat"},{"floor":42,"key":"Dream Catcher"},{"floor":45,"key":"Kunai"}],"event_choices":[{"damage_healed":0,"gold_gain":0,"player_choice":"Fought Bandits","damage_taken":0,"max_hp_gain":0,"max_hp_loss":0,"event_name":"Masked Bandits","floor":29,"gold_loss":0}],"is_beta":false,"boss_relics":[{"not_picked":["Sozu","Runic Pyramid"],"picked":"Philosopher\u0027s Stone"},{"not_picked":["SacredBark","Empty Cage"],"picked":"RedLine:ReiMu"}],"items_purged_floors":[4,4,4,4,14,14,14,14,21,21,21,21,39,39,39,39],"is_endless":false,"potions_floor_spawned":[5,6,8,9,12,13,23,28,29,31,32,33,36,49],"ascension_level":2}}