{"host":"0ueeacaatm8t6jyh","time":1614435983,"event":{"mods":["AchievementEnabler","BaseMod","Colored Powertips","Minty Spire (QoL Compilation)","Quick Restart","Rare Cards Sparkle","Shop Mod","StSLib"],"gold_per_floor":[109,129,54,54,54,85,97,97,151,151,184,184,217,231,231,231,308,308,324,92,92,107,120,120,130,130,180,180,180],"floor_reached":28,"language":"ZHS","playtime":1594,"items_purged":["Strike_B"],"score":496,"play_id":"62736b07-5ef4-4ce5-9c01-bf121caecdc0","local_time":"20210227222623","is_ascension_mode":true,"campfire_choices":[{"floor":10.0,"key":"REST"},{"floor":15.0,"key":"REST"},{"data":"Streamline","floor":16.0,"key":"SMITH"},{"floor":24.0,"key":"REST"},{"data":"Creative AI","floor":26.0,"key":"SMITH"}],"circlet_count":0,"master_deck":["AscendersBane","Strike_B","Strike_B","Defend_B+1","Defend_B","Defend_B+1","Defend_B","Zap","Dualcast+1","Ball Lightning","All For One","Genetic Algorithm","Streamline+1","Biased Cognition","Skim","Core Surge","Defragment","Gash","Hologram","Creative AI+1","Ball Lightning+1"],"relics":["Cracked Core","Orichalcum","Eternal Feather","Tiny Chest","Boot","War Paint","Calling Bell","Thread and Needle","Dream Catcher","StrikeDummy","Lee\u0027s Waffle","Oddly Smooth Stone"],"acts_visited":["Exordium","TheCity"],"potions_floor_usage":[28],"damage_taken":[{"damage":3.0,"enemies":"2 Louse","floor":1.0,"turns":4.0},{"damage":9.0,"enemies":"Small Slimes","floor":2.0,"turns":4.0},{"damage":30.0,"enemies":"Gremlin Nob","floor":6.0,"turns":4.0},{"damage":0.0,"enemies":"Cultist","floor":7.0,"turns":3.0},{"damage":27.0,"enemies":"3 Sentries","floor":11.0,"turns":9.0},{"damage":0.0,"enemies":"Gremlin Nob","floor":13.0,"turns":2.0},{"damage":7.0,"enemies":"2 Fungi Beasts","floor":14.0,"turns":3.0},{"damage":26.0,"enemies":"Hexaghost","floor":17.0,"turns":8.0},{"damage":17.0,"enemies":"Chosen","floor":19.0,"turns":5.0},{"damage":20.0,"enemies":"Shell Parasite","floor":22.0,"turns":5.0},{"damage":7.0,"enemies":"Centurion and Healer","floor":23.0,"turns":7.0},{"damage":36.0,"enemies":"3 Cultists","floor":25.0,"turns":7.0},{"damage":45,"enemies":"Slavers","floor":28,"turns":3}],"seed_played":"6909316230747774768","potions_obtained":[{"floor":0.0,"key":"Fruit Juice"},{"floor":0.0,"key":"FocusPotion"},{"floor":0.0,"key":"LiquidBronze"},{"floor":7.0,"key":"DuplicationPotion"},{"floor":14.0,"key":"Regen Potion"},{"floor":22.0,"key":"EssenceOfSteel"},{"floor":25.0,"key":"SteroidPotion"}],"is_trial":false,"path_per_floor":["M","M","$","?","?","E","M","?","T","R","E","?","E","M","R","R","B",null,"M","$","?","M","M","R","M","R","T","E"],"character_chosen":"DEFECT","items_purchased":["Defragment","Lee\u0027s Waffle"],"campfire_rested":3,"item_purchase_floors":[20,20],"current_hp_per_floor":[66,57,57,46,46,16,16,9,9,37,10,10,10,3,34,43,32,65,48,83,59,39,32,67,31,43,43,0,0],"gold":180,"neow_bonus":"THREE_SMALL_POTIONS","is_daily":false,"chose_seed":false,"campfire_upgraded":2,"win_rate":0.0,"timestamp":1614435983,"path_taken":["M","M","$","?","?","E","?","?","T","R","E","?","E","M","R","R","BOSS","M","$","?","M","M","R","M","R","T","E"],"items_purchased_type":["Card","Relic"],"build_version":"2020-12-22","purchased_purges":1,"victory":false,"max_hp_per_floor":[76,76,76,76,76,76,76,76,76,76,76,76,76,76,76,76,76,76,76,83,88,88,88,88,88,88,88,88,88],"card_choices":[{"not_picked":["Redo","Cold Snap","Compile Driver"],"picked":"SKIP","floor":1.0},{"not_picked":["Leap","Compile Driver"],"picked":"Ball Lightning","floor":2.0},{"not_picked":["Streamline","Gash"],"picked":"All For One","floor":6.0},{"not_picked":["Aggregate","Sweeping Beam"],"picked":"Genetic Algorithm","floor":7.0},{"not_picked":["Sunder","Compile Driver"],"picked":"Streamline","floor":11.0},{"not_picked":["Melter","Streamline"],"picked":"Biased Cognition","floor":13.0},{"not_picked":["BootSequence","Hologram"],"picked":"Skim","floor":14.0},{"not_picked":["Reboot","Biased Cognition"],"picked":"Core Surge","floor":17.0},{"not_picked":["Cold Snap","Tempest+1","FTL"],"picked":"SKIP","floor":19.0},{"not_picked":["Sweeping Beam","Stack"],"picked":"Gash","floor":22.0},{"not_picked":["Barrage","Rebound"],"picked":"Hologram","floor":23.0},{"not_picked":["Reprogram","Barrage"],"picked":"Creative AI","floor":24.0},{"not_picked":["Conserve Battery","Barrage"],"picked":"Ball Lightning+1","floor":25.0}],"player_experience":596303,"relics_obtained":[{"floor":6.0,"key":"Eternal Feather"},{"floor":9.0,"key":"Tiny Chest"},{"floor":11.0,"key":"Boot"},{"floor":13.0,"key":"War Paint"},{"floor":18.0,"key":"Thread and Needle"},{"floor":18.0,"key":"Dream Catcher"},{"floor":18.0,"key":"StrikeDummy"},{"floor":27.0,"key":"Oddly Smooth Stone"}],"event_choices":[{"damage_healed":0.0,"max_hp_gain":0.0,"max_hp_loss":0.0,"gold_gain":0.0,"event_name":"Scrap Ooze","player_choice":"Success","floor":4.0,"gold_loss":0.0,"damage_taken":11.0,"relics_obtained":["Orichalcum"]},{"damage_healed":0.0,"max_hp_gain":0.0,"max_hp_loss":0.0,"gold_gain":0.0,"event_name":"Accursed Blacksmith","player_choice":"Forge","floor":5.0,"gold_loss":0.0,"damage_taken":0.0,"cards_upgraded":["Dualcast"]},{"cards_removed":["Strike_B"],"damage_healed":0.0,"max_hp_gain":0.0,"max_hp_loss":0.0,"gold_gain":0.0,"event_name":"Golden Wing","player_choice":"Card Removal","floor":8.0,"gold_loss":0.0,"damage_taken":7.0},{"damage_healed":0.0,"max_hp_gain":0.0,"max_hp_loss":0.0,"gold_gain":0.0,"event_name":"Liars Game","player_choice":"Ignored","floor":12.0,"gold_loss":0.0,"damage_taken":0.0},{"damage_healed":0.0,"max_hp_gain":5.0,"max_hp_loss":0.0,"gold_gain":0.0,"event_name":"Forgotten Altar","player_choice":"Shed Blood","floor":21.0,"gold_loss":0.0,"damage_taken":29.0}],"is_beta":false,"boss_relics":[{"not_picked":["SacredBark","Fusion Hammer"],"picked":"Calling Bell"}],"items_purged_floors":[3],"is_endless":false,"potions_floor_spawned":[7,14,22,25],"killed_by":"Slavers","ascension_level":18}}