{"host":"hg77cm6lvslg446i","time":1614384119,"event":{"mods":["BaseMod","BetterRewards","Minty Spire (QoL Compilation)","Say the Spire","StSLib"],"gold_per_floor":[114,129,56,56,56,86,86,116,166,196,196,196,196,211,211,311,311,326,326,341,341,341,341,341],"floor_reached":23,"language":"DEU","playtime":708,"items_purged":[],"score":230,"play_id":"a937f3a0-7e65-4ac6-b659-de41df473800","local_time":"20210227010159","daily_mods":["Chimera","Time Dilation","Elite Swarm"],"is_ascension_mode":false,"campfire_choices":[{"floor":7,"key":"REST"},{"floor":12,"key":"REST"},{"floor":15,"key":"REST"}],"circlet_count":0,"master_deck":["Bash","Survivor","Zap","Eruption","Strike_R","Strike_G","Strike_B","Defend_R+1","Defend_G","Defend_P","Ball Lightning+1","Storm+1","All For One","Biased Cognition","Electrodynamics","Regret","BootSequence","Echo Form","CurseOfTheBell","Melter","Redo","Ghostly","Ghostly","Ghostly","Ghostly","Ghostly","Steam","Hologram+1"],"relics":["Cracked Core","Bag of Preparation","Happy Flower","Potion Belt","Bag of Marbles","Gambling Chip","CaptainsWheel","Calling Bell","Akabeko","Question Card","Prayer Wheel","Nilry\u0027s Codex"],"acts_visited":["Exordium","TheCity"],"potions_floor_usage":[8],"damage_taken":[{"damage":0,"enemies":"2 Louse","floor":1,"turns":3},{"damage":0,"enemies":"Small Slimes","floor":2,"turns":2},{"damage":22,"enemies":"Gremlin Nob","floor":6,"turns":4},{"damage":23,"enemies":"3 Sentries","floor":8,"turns":6},{"damage":9,"enemies":"Gremlin Nob","floor":10,"turns":4},{"damage":11,"enemies":"Jaw Worm","floor":14,"turns":2},{"damage":53,"enemies":"The Guardian","floor":16,"turns":6},{"damage":13,"enemies":"Spheric Guardian","floor":18,"turns":3},{"damage":4,"enemies":"Shell Parasite","floor":20,"turns":5},{"damage":27,"enemies":"Book of Stabbing","floor":23,"turns":4}],"seed_played":"4728103701414758894","potions_obtained":[{"floor":2,"key":"SteroidPotion"},{"floor":6,"key":"Fruit Juice"},{"floor":10,"key":"CultistPotion"},{"floor":18,"key":"ColorlessPotion"}],"is_trial":false,"path_per_floor":["M","M","$","?","?","E","R","E","T","E","?","R","?","M","R","B",null,"M","?","M","?","?","E"],"character_chosen":"DEFECT","items_purchased":["Storm"],"campfire_rested":3,"item_purchase_floors":[3],"current_hp_per_floor":[75,75,75,75,60,38,60,42,42,33,33,57,54,43,67,14,80,67,40,36,40,24,0,0],"gold":341,"neow_bonus":"","is_daily":true,"chose_seed":false,"campfire_upgraded":0,"win_rate":0.0,"timestamp":1614384119,"path_taken":["M","M","$","?","?","E","R","E","T","E","?","R","?","?","R","BOSS","M","?","M","?","?","E"],"items_purchased_type":["Card"],"build_version":"2020-12-22","purchased_purges":0,"victory":false,"max_hp_per_floor":[75,75,75,75,75,75,75,80,80,80,80,80,80,80,80,80,80,80,40,40,40,40,40,40],"card_choices":[{"not_picked":["Go for the Eyes","Hologram","Skim"],"picked":"SKIP","floor":1},{"not_picked":["Redo","Sweeping Beam"],"picked":"Ball Lightning","floor":2},{"not_picked":["Reboot","Meteor Strike"],"picked":"All For One","floor":6},{"not_picked":["Machine Learning","Hyperbeam"],"picked":"Biased Cognition","floor":8},{"not_picked":["Multi-Cast","Meteor Strike"],"picked":"Electrodynamics","floor":10},{"not_picked":["Beam Cell","Redo"],"picked":"BootSequence","floor":14},{"not_picked":["All For One","Buffer"],"picked":"Echo Form","floor":16},{"not_picked":["Cold Snap","Heatsinks","Fusion"],"picked":"Melter","floor":18},{"not_picked":["Conserve Battery","Barrage","Reinforced Body"],"picked":"Redo","floor":18},{"not_picked":["Stack+1","Beam Cell","Scrape"],"picked":"Steam","floor":20},{"not_picked":["Barrage","Turbo","Seek"],"picked":"Hologram+1","floor":20}],"player_experience":124672,"relics_obtained":[{"floor":6,"key":"Bag of Preparation"},{"floor":8,"key":"Happy Flower"},{"floor":9,"key":"Potion Belt"},{"floor":10,"key":"Bag of Marbles"},{"floor":17,"key":"Akabeko"},{"floor":17,"key":"Question Card"},{"floor":17,"key":"Prayer Wheel"},{"floor":22,"key":"Nilry\u0027s Codex"}],"event_choices":[{"damage_healed":0,"gold_gain":0,"player_choice":"Grow","damage_taken":0,"max_hp_gain":0,"max_hp_loss":0,"event_name":"Living Wall","floor":4,"gold_loss":0,"cards_upgraded":["Storm"]},{"damage_healed":0,"gold_gain":0,"player_choice":"Entered Light","damage_taken":15,"max_hp_gain":0,"max_hp_loss":0,"event_name":"Shining Light","floor":5,"gold_loss":0,"cards_upgraded":["Defend_R","Ball Lightning"]},{"damage_healed":0,"gold_gain":0,"player_choice":"Box","damage_taken":0,"relics_obtained":["Gambling Chip"],"max_hp_gain":0,"max_hp_loss":0,"event_name":"Big Fish","floor":11,"gold_loss":0,"cards_obtained":["Regret"]},{"damage_healed":0,"gold_gain":0,"player_choice":"Success","damage_taken":3,"relics_obtained":["CaptainsWheel"],"max_hp_gain":0,"max_hp_loss":0,"event_name":"Scrap Ooze","floor":13,"gold_loss":0},{"damage_healed":0,"gold_gain":0,"player_choice":"Became a Ghost","damage_taken":0,"max_hp_gain":0,"max_hp_loss":40,"event_name":"Ghosts","floor":19,"gold_loss":0,"cards_obtained":["Ghostly","Ghostly","Ghostly","Ghostly","Ghostly"]},{"damage_healed":13,"gold_gain":0,"player_choice":"Heal","damage_taken":0,"max_hp_gain":0,"max_hp_loss":0,"event_name":"The Library","floor":21,"gold_loss":0},{"damage_healed":0,"gold_gain":0,"player_choice":"Obtained Book","damage_taken":16,"max_hp_gain":0,"max_hp_loss":0,"event_name":"Cursed Tome","floor":22,"gold_loss":0}],"is_beta":false,"boss_relics":[{"not_picked":["Runic Dome","Coffee Dripper"],"picked":"Calling Bell"}],"items_purged_floors":[],"is_endless":false,"potions_floor_spawned":[2,6,10,18],"killed_by":"Book of Stabbing","ascension_level":0}}