{"host":"x3q4ieql2tr7v8o6","time":1614442293,"event":{"mods":["BaseMod","Bestiary","Better Altar","Better Match","Better Note","Better Sensory Stone","Better Skull","Better Third Choice","Colored Map","Colored Powertips","Curses Come First","Minty Spire (QoL Compilation)","StSLib"],"gold_per_floor":[116,127,402,421,43,43,59,87,87,87,105,61,73,88,88,159,159,176,176,188,103,115,115,115],"floor_reached":23,"language":"ENG","playtime":689,"items_purged":["Regret"],"score":546,"play_id":"63a9b6e5-f659-480f-94b9-01978dc1f2f9","local_time":"20210227161133","is_ascension_mode":true,"campfire_choices":[{"data":"Bandage Up","floor":6.0,"key":"SMITH"},{"data":"Poisoned Stab","floor":10.0,"key":"SMITH"},{"data":"Noxious Fumes","floor":15.0,"key":"SMITH"}],"circlet_count":0,"master_deck":["AscendersBane","Strike_G","Strike_G","Strike_G","Strike_G","Strike_G","Defend_G","Defend_G","Defend_G","Defend_G","Defend_G","Survivor","Neutralize","Backstab","Blade Dance","Poisoned Stab+1","After Image","Blade Dance","Bandage Up+1","Dodge and Roll","Bane","Sucker Punch","Noxious Fumes+1","Corpse Explosion","Eviscerate","Bullet Time","Footwork","RitualDagger","Blade Dance+1","Prepared+1"],"relics":["Runic Pyramid","Nunchaku","Pen Nib","Fusion Hammer","Mercury Hourglass"],"acts_visited":["Exordium","TheCity"],"potions_floor_usage":[22,23,23],"damage_taken":[{"damage":1.0,"enemies":"Small Slimes","floor":1.0,"turns":4.0},{"damage":1.0,"enemies":"Cultist","floor":2.0,"turns":4.0},{"damage":7.0,"enemies":"Jaw Worm","floor":4.0,"turns":4.0},{"damage":0.0,"enemies":"2 Fungi Beasts","floor":7.0,"turns":2.0},{"damage":2.0,"enemies":"3 Sentries","floor":8.0,"turns":10.0},{"damage":0.0,"enemies":"Blue Slaver","floor":11.0,"turns":3.0},{"damage":0.0,"enemies":"Large Slime","floor":13.0,"turns":3.0},{"damage":7.0,"enemies":"Exordium Wildlife","floor":14.0,"turns":2.0},{"damage":25.0,"enemies":"The Guardian","floor":16.0,"turns":10.0},{"damage":22.0,"enemies":"2 Thieves","floor":18.0,"turns":4.0},{"damage":12.0,"enemies":"Spheric Guardian","floor":20.0,"turns":4.0},{"damage":4,"enemies":"Chosen and Byrds","floor":22,"turns":3},{"damage":29,"enemies":"Book of Stabbing","floor":23,"turns":4}],"seed_played":"8177510593623505452","potions_obtained":[{"floor":1.0,"key":"Energy Potion"},{"floor":7.0,"key":"AttackPotion"},{"floor":11.0,"key":"LiquidMemories"},{"floor":16.0,"key":"Weak Potion"},{"floor":20.0,"key":"Weak Potion"},{"floor":22,"key":"EssenceOfSteel"}],"is_trial":false,"path_per_floor":["M","M","?","M","$","R","M","E","T","R","M","$","M","M","R","B",null,"M","?","M","?","M","E"],"character_chosen":"THE_SILENT","items_purchased":["After Image","Blade Dance","Bandage Up","Noxious Fumes"],"campfire_rested":0,"item_purchase_floors":[5,5,5,12],"current_hp_per_floor":[58,57,57,50,50,50,50,54,54,54,54,54,54,47,47,28,57,41,35,23,23,19,0,0],"gold":115,"neow_bonus":"BOSS_RELIC","is_daily":false,"chose_seed":false,"campfire_upgraded":3,"win_rate":0.0,"timestamp":1614442293,"path_taken":["M","M","?","M","$","R","M","E","T","R","M","?","M","?","R","BOSS","M","?","M","?","M","E"],"items_purchased_type":["Card","Card","Card","Card"],"build_version":"2020-12-22","purchased_purges":1,"victory":false,"max_hp_per_floor":[66,66,66,66,66,66,66,66,66,66,66,66,66,66,66,66,66,66,66,66,66,66,66,66],"card_choices":[{"not_picked":["Accuracy","Dagger Spray"],"picked":"Backstab","floor":1.0},{"not_picked":["Blur","Catalyst"],"picked":"Blade Dance","floor":2.0},{"not_picked":["Catalyst","Masterful Stab"],"picked":"Poisoned Stab","floor":4.0},{"not_picked":["Concentrate","Infinite Blades"],"picked":"Dodge and Roll","floor":7.0},{"not_picked":["Underhanded Strike","Deflect"],"picked":"Bane","floor":8.0},{"not_picked":["Underhanded Strike","Poisoned Stab"],"picked":"Sucker Punch","floor":11.0},{"not_picked":["Heel Hook","Flying Knee"],"picked":"Corpse Explosion","floor":13.0},{"not_picked":["Distraction","Sucker Punch"],"picked":"Eviscerate","floor":14.0},{"not_picked":["Die Die Die","Corpse Explosion"],"picked":"Bullet Time","floor":16.0},{"not_picked":["Slice","Backflip"],"picked":"Footwork","floor":18.0},{"not_picked":["Quick Slash","Sucker Punch"],"picked":"Blade Dance+1","floor":20.0},{"not_picked":["Bane","Setup"],"picked":"Prepared+1","floor":22}],"player_experience":789131,"relics_obtained":[{"floor":8.0,"key":"Nunchaku"},{"floor":9.0,"key":"Pen Nib"}],"event_choices":[{"damage_healed":0.0,"max_hp_gain":0.0,"max_hp_loss":0.0,"gold_gain":275.0,"event_name":"Golden Shrine","player_choice":"Desecrate","floor":3.0,"gold_loss":0.0,"damage_taken":0.0,"cards_obtained":["Regret"]},{"damage_healed":0.0,"max_hp_gain":0.0,"max_hp_loss":0.0,"gold_gain":0.0,"event_name":"betterThird:BetterNest","player_choice":"Dagger","floor":19.0,"gold_loss":0.0,"damage_taken":6.0,"cards_obtained":["RitualDagger"]},{"damage_healed":0.0,"max_hp_gain":0.0,"max_hp_loss":0.0,"gold_gain":0.0,"event_name":"Addict","player_choice":"Obtained Relic","floor":21.0,"gold_loss":85.0,"damage_taken":0.0,"relics_obtained":["Mercury Hourglass"]}],"is_beta":false,"boss_relics":[{"not_picked":["SlaversCollar","Ectoplasm"],"picked":"Fusion Hammer"}],"items_purged_floors":[5],"is_endless":false,"potions_floor_spawned":[1,7,11,16,20,22],"killed_by":"Book of Stabbing","ascension_level":17}}