{"host":"qgrlfjrqk9z96gfi","time":1614387378,"event":{"mods":["BaseMod","Block Reminder","Colored Map","Custom Start","DeckTracker","Minty Spire (QoL Compilation)"],"gold_per_floor":[115,190,160,66,77,77,108,108,108,136,136,153,166,176,176,250,250,269,279,13,13,13,40,40,54,78,94,104,104,135,150,150,222,222,242,261,31,49,49,49,79,79,79,109,109,123,151,151,151,151,151,151,151,67,93,93,93],"floor_reached":56,"language":"ENG","playtime":2251,"items_purged":["Strike_G+1"],"score":2295,"play_id":"088872d9-5af2-4b72-8306-39b4a902b409","local_time":"20210226145618","is_ascension_mode":true,"campfire_choices":[{"data":"Blade Dance","floor":6.0,"key":"SMITH"},{"data":"Accuracy","floor":8.0,"key":"SMITH"},{"data":"Envenom","floor":11.0,"key":"SMITH"},{"data":"Well Laid Plans","floor":15.0,"key":"SMITH"},{"data":"After Image","floor":24.0,"key":"SMITH"},{"floor":29.0,"key":"REST"},{"data":"Wraith Form v2","floor":32.0,"key":"SMITH"},{"floor":40.0,"key":"RECALL"},{"floor":45.0,"key":"REST"},{"floor":49.0,"key":"REST"},{"floor":53.0,"key":"REST"}],"circlet_count":0,"master_deck":["AscendersBane","Strike_G+1","Strike_G+1","Defend_G+1","Defend_G+1","Defend_G+1","Defend_G+1","Defend_G+1","Survivor","Neutralize","Backstab","Blade Dance+1","Accuracy+1","Burst","Envenom+1","Glass Knife","Well Laid Plans+1","After Image+1","Calculated Gamble","Wraith Form v2+1","Blur","Blade Dance","Venomology","Masterful Stab+1","After Image","Acrobatics","Adrenaline","Master of Strategy","Blade Dance","Blade Dance","PiercingWail"],"relics":["Ring of the Snake","NeowsBlessing","Gremlin Horn","Ninja Scroll","PreservedInsect","Empty Cage","Ornamental Fan","MutagenicStrength","Art of War","Potion Belt","Bag of Preparation","Fusion Hammer","Shuriken","Pen Nib","Kunai","Incense Burner","Bottled Flame"],"acts_visited":["Exordium","TheCity","TheBeyond","TheEnding"],"potions_floor_usage":[56,56,56,56,56,56],"damage_taken":[{"damage":0.0,"enemies":"Cultist","floor":1.0,"turns":1.0},{"damage":0.0,"enemies":"Jaw Worm","floor":5.0,"turns":1.0},{"damage":0.0,"enemies":"Lagavulin","floor":7.0,"turns":1.0},{"damage":0.0,"enemies":"Gremlin Nob","floor":10.0,"turns":2.0},{"damage":0.0,"enemies":"2 Louse","floor":12.0,"turns":1.0},{"damage":0.0,"enemies":"2 Fungi Beasts","floor":13.0,"turns":3.0},{"damage":0.0,"enemies":"3 Louse","floor":14.0,"turns":1.0},{"damage":19.0,"enemies":"The Guardian","floor":16.0,"turns":12.0},{"damage":0.0,"enemies":"3 Byrds","floor":18.0,"turns":5.0},{"damage":0.0,"enemies":"Chosen","floor":19.0,"turns":3.0},{"damage":16.0,"enemies":"Book of Stabbing","floor":23.0,"turns":5.0},{"damage":5.0,"enemies":"Centurion and Healer","floor":25.0,"turns":5.0},{"damage":8.0,"enemies":"Snake Plant","floor":27.0,"turns":4.0},{"damage":0.0,"enemies":"3 Cultists","floor":28.0,"turns":4.0},{"damage":0.0,"enemies":"Slavers","floor":30.0,"turns":5.0},{"damage":0.0,"enemies":"Centurion and Healer","floor":31.0,"turns":5.0},{"damage":22.0,"enemies":"Champ","floor":33.0,"turns":11.0},{"damage":1.0,"enemies":"Orb Walker","floor":35.0,"turns":3.0},{"damage":12.0,"enemies":"3 Darklings","floor":36.0,"turns":10.0},{"damage":0.0,"enemies":"4 Shapes","floor":38.0,"turns":8.0},{"damage":0.0,"enemies":"Nemesis","floor":41.0,"turns":3.0},{"damage":0.0,"enemies":"Reptomancer","floor":44.0,"turns":3.0},{"damage":0.0,"enemies":"Sphere and 2 Shapes","floor":46.0,"turns":3.0},{"damage":3.0,"enemies":"Nemesis","floor":47.0,"turns":3.0},{"damage":19.0,"enemies":"Awakened One","floor":50.0,"turns":9.0},{"damage":0.0,"enemies":"Donu and Deca","floor":51.0,"turns":8.0},{"damage":33.0,"enemies":"Shield and Spear","floor":55.0,"turns":5.0},{"damage":44,"enemies":"The Heart","floor":56,"turns":3}],"seed_played":"8981290960200559970","potions_obtained":[{"floor":3.0,"key":"AttackPotion"},{"floor":3.0,"key":"Fruit Juice"},{"floor":7.0,"key":"GamblersBrew"},{"floor":13.0,"key":"CunningPotion"},{"floor":23.0,"key":"Ancient Potion"},{"floor":25.0,"key":"SpeedPotion"},{"floor":27.0,"key":"Swift Potion"},{"floor":28.0,"key":"SpeedPotion"},{"floor":35.0,"key":"Poison Potion"},{"floor":38.0,"key":"Dexterity Potion"},{"floor":41.0,"key":"LiquidMemories"},{"floor":47.0,"key":"Strength Potion"}],"is_trial":false,"path_per_floor":["M","?","?","$","M","R","E","R","T","E","R","M","M","M","R","B",null,"M","M","$","?","?","E","R","M","T","M","M","R","E","M","R","B",null,"M","M","$","M","?","R","E","?","T","E","R","M","E","T","R","B","B",null,"R","$","E","B"],"character_chosen":"THE_SILENT","items_purchased":["Blade Dance","Accuracy","Ornamental Fan","After Image","Ancient Potion"],"campfire_rested":4,"item_purchase_floors":[4,4,20,37,54],"current_hp_per_floor":[59,48,48,48,48,48,53,53,53,53,53,53,53,53,53,34,62,62,62,62,62,62,46,46,41,41,33,33,54,54,54,54,32,61,60,48,48,48,48,48,48,48,48,48,67,67,64,64,67,48,48,62,67,67,43,0,0],"gold":93,"neow_bonus":"THREE_ENEMY_KILL","is_daily":false,"chose_seed":false,"campfire_upgraded":6,"win_rate":0.0,"timestamp":1614387378,"path_taken":["M","?","?","$","?","R","E","R","T","E","R","M","M","M","R","BOSS","M","M","$","?","?","E","R","M","T","M","M","R","E","M","R","BOSS","M","M","$","M","?","R","E","?","T","E","R","M","E","?","R","BOSS","BOSS","R","$","E","BOSS"],"items_purchased_type":["Card","Card","Relic","Card","Potion"],"build_version":"2020-12-22","purchased_purges":1,"victory":false,"max_hp_per_floor":[66,66,66,66,66,66,71,71,71,71,71,71,71,71,71,71,71,71,71,71,71,71,71,71,71,71,71,71,71,71,71,71,71,71,71,71,71,71,67,67,67,67,67,67,67,67,67,67,67,67,67,67,67,67,67,67,67],"card_choices":[{"not_picked":["Slice","Dodge and Roll"],"picked":"Backstab","floor":1.0},{"not_picked":["Bane","Backflip","Prepared"],"picked":"SKIP","floor":5.0},{"not_picked":["Acrobatics","Riddle With Holes"],"picked":"Burst","floor":7.0},{"not_picked":["Prepared","Blur"],"picked":"Envenom","floor":10.0},{"not_picked":["Backflip","Quick Slash","Dodge and Roll"],"picked":"SKIP","floor":12.0},{"not_picked":["Infinite Blades","Backflip"],"picked":"Glass Knife","floor":13.0},{"not_picked":["Quick Slash","Backstab"],"picked":"Well Laid Plans","floor":14.0},{"not_picked":["Burst","Night Terror"],"picked":"After Image","floor":16.0},{"not_picked":["Blur","Backflip","Dagger Throw"],"picked":"SKIP","floor":18.0},{"not_picked":["Bouncing Flask","Dagger Throw"],"picked":"Calculated Gamble","floor":19.0},{"not_picked":["Flying Knee","Sucker Punch+1","Leg Sweep"],"picked":"SKIP","floor":23.0},{"not_picked":["Deflect","Dagger Spray+1"],"picked":"Wraith Form v2","floor":25.0},{"not_picked":["Dagger Throw","Underhanded Strike"],"picked":"Blur","floor":27.0},{"not_picked":["Choke","Underhanded Strike","Dagger Spray"],"picked":"SKIP","floor":28.0},{"not_picked":["Corpse Explosion","Flying Knee","Riddle With Holes"],"picked":"SKIP","floor":30.0},{"not_picked":["Slice","Noxious Fumes+1"],"picked":"Blade Dance","floor":31.0},{"not_picked":["Storm of Steel","Malaise"],"picked":"Venomology","floor":33.0},{"not_picked":["Dagger Throw","Infinite Blades","Sucker Punch"],"picked":"SKIP","floor":35.0},{"not_picked":["Cloak And Dagger","Choke"],"picked":"Masterful Stab+1","floor":36.0},{"not_picked":["Catalyst","Accuracy"],"picked":"Acrobatics","floor":38.0},{"not_picked":["Escape Plan+1","Underhanded Strike+1"],"picked":"Adrenaline","floor":41.0},{"not_picked":["Madness","Impatience"],"picked":"Master of Strategy","floor":42.0},{"not_picked":["Dagger Spray+1","Dagger Throw","Deflect"],"picked":"SKIP","floor":44.0},{"not_picked":["Slice","Deflect"],"picked":"Blade Dance","floor":46.0},{"not_picked":["Sucker Punch+1","Deadly Poison"],"picked":"Blade Dance","floor":47.0},{"not_picked":["Prepared","Backflip"],"picked":"PiercingWail","floor":55.0}],"player_experience":1201628,"relics_obtained":[{"floor":7.0,"key":"Gremlin Horn"},{"floor":9.0,"key":"Ninja Scroll"},{"floor":10.0,"key":"PreservedInsect"},{"floor":23.0,"key":"Art of War"},{"floor":26.0,"key":"Potion Belt"},{"floor":30.0,"key":"Bag of Preparation"},{"floor":41.0,"key":"Shuriken"},{"floor":44.0,"key":"Pen Nib"},{"floor":47.0,"key":"Kunai"},{"floor":48.0,"key":"Incense Burner"},{"floor":55.0,"key":"Bottled Flame"}],"event_choices":[{"damage_healed":0.0,"max_hp_gain":0.0,"max_hp_loss":0.0,"gold_gain":75.0,"event_name":"World of Goop","player_choice":"Gather Gold","floor":2.0,"gold_loss":0.0,"damage_taken":11.0},{"damage_healed":0.0,"max_hp_gain":0.0,"max_hp_loss":0.0,"gold_gain":0.0,"event_name":"The Woman in Blue","player_choice":"Bought 2 Potions","floor":3.0,"gold_loss":0.0,"damage_taken":0.0},{"damage_healed":0.0,"max_hp_gain":0.0,"max_hp_loss":0.0,"gold_gain":0.0,"event_name":"Drug Dealer","player_choice":"Inject Mutagens","floor":21.0,"gold_loss":0.0,"damage_taken":0.0,"relics_obtained":["MutagenicStrength"]},{"damage_healed":0.0,"max_hp_gain":0.0,"max_hp_loss":0.0,"gold_gain":0.0,"event_name":"Back to Basics","player_choice":"Simplicity","floor":22.0,"gold_loss":0.0,"damage_taken":0.0,"cards_upgraded":["Strike_G","Strike_G","Strike_G","Defend_G","Defend_G","Defend_G","Defend_G","Defend_G"]},{"damage_healed":0.0,"max_hp_gain":0.0,"max_hp_loss":4.0,"gold_gain":0.0,"event_name":"Winding Halls","player_choice":"Max HP","floor":39.0,"gold_loss":0.0,"damage_taken":0.0},{"damage_healed":0.0,"max_hp_gain":0.0,"max_hp_loss":0.0,"gold_gain":0.0,"event_name":"SensoryStone","player_choice":"Memory 1","floor":42.0,"gold_loss":0.0,"damage_taken":0.0}],"is_beta":false,"boss_relics":[{"not_picked":["Ectoplasm","Busted Crown"],"picked":"Empty Cage"},{"not_picked":["HoveringKite","Ring of the Serpent"],"picked":"Fusion Hammer"}],"items_purged_floors":[37],"is_endless":false,"potions_floor_spawned":[7,13,14,23,25,27,28,30,35,38,41,47],"killed_by":"The Heart","ascension_level":20}}