{"host":"7k2a2omxz3voj5ax","time":1614451273,"event":{"mods":["BaseMod","Marisa£¨ìFÓê¡¡Ä§ÀíÉ³£©","Minty Spire (QoL Compilation)","Quick Restart","Spicy Shops","StSLib","Starting Relic: Pandora\u0027s Box","Yakumo Yukari mod","¡¾ÒÅÎï¿¨ÅÆ¡¿REMEMod","óô»ðÖ¸ÄÏ"],"gold_per_floor":[16,32,32,44,59,69,94,94,19,52,72,72,72,72,72,99,99,115,115,115,132,132,132,211,211,224,224,224,72,88,103,129,129,154,154,154,180,16,116,130,144,10,21,21,21,92,92,107,126,76,76,87,98,98,129,129,142,159,159,159,172,204,70,81,113,128,128,38,38,38,38,38,38,63,63],"floor_reached":76,"language":"ZHS","playtime":3421,"items_purged":["Bane","Deflect+1","Reflex","Survivor","Eviscerate+1","Blade Dance+1"],"score":3652,"play_id":"50876ebe-9742-4d24-a321-f384674005aa","local_time":"20210228034113","is_ascension_mode":true,"campfire_choices":[{"data":"LoveAcrossDimensions_purple","floor":8.0,"key":"SMITH"},{"data":"Reflex","floor":12.0,"key":"SMITH"},{"data":"Prepared","floor":15.0,"key":"SMITH"},{"data":"REME_CopyPotion","floor":17.0,"key":"SMITH"},{"floor":19.0,"key":"REST"},{"data":"Eviscerate","floor":22.0,"key":"SMITH"},{"data":"Blade Dance","floor":23.0,"key":"SMITH"},{"data":"Acrobatics","floor":33.0,"key":"SMITH"},{"data":"Concentrate","floor":44.0,"key":"SMITH"},{"floor":45.0,"key":"RECALL"},{"data":"Calculated Gamble","floor":56.0,"key":"SMITH"},{"data":"Burst","floor":60.0,"key":"SMITH"},{"data":"Wraith Form v2","floor":67.0,"key":"SMITH"},{"floor":72,"key":"REST"}],"circlet_count":0,"master_deck":["AscendersBane","Acrobatics+1","Prepared+1","LoveAcrossDimensions_purple+1","REME_CopyPotion+1","Reflex+1","Concentrate+1","Wraith Form v2+1","Reflex+1","REME_GreenPollution","REME_GreenPollution","After Image","REME_CopyPotion+1","Adrenaline+1","Calculated Gamble+1","Burst+1","After Image","REME_GreenPollution","Escape Plan+1"],"relics":["Pandora\u0027s Box","REME_ComplimentaryCards","Odd Mushroom","Torii","Pantograph","Centennial Puzzle","Art of War","Astrolabe","Ornamental Fan","Whetstone","Smiling Mask","Prayer Wheel","Singing Bowl","DollysMirror","Black Star","Orichalcum","Eternal Feather","Shuriken","Vajra","Turnip","Orrery","Bag of Preparation","War Paint","Snake Skull","Pen Nib"],"acts_visited":["Exordium","TheCity","TheBeyond","TheEnding"],"potions_floor_usage":[75],"damage_taken":[{"damage":4.0,"enemies":"Cultist","floor":1.0,"turns":3.0},{"damage":0.0,"enemies":"Jaw Worm","floor":2.0,"turns":3.0},{"damage":3.0,"enemies":"2 Louse","floor":4.0,"turns":4.0},{"damage":14.0,"enemies":"Blue Slaver","floor":5.0,"turns":4.0},{"damage":12.0,"enemies":"Gremlin Gang","floor":6.0,"turns":4.0},{"damage":2.0,"enemies":"The Mushroom Lair","floor":7.0,"turns":5.0},{"damage":0.0,"enemies":"Lagavulin","floor":10.0,"turns":4.0},{"damage":0.0,"enemies":"Looter","floor":11.0,"turns":2.0},{"damage":7.0,"enemies":"3 Sentries","floor":16.0,"turns":4.0},{"damage":10.0,"enemies":"Exordium Thugs","floor":18.0,"turns":4.0},{"damage":1.0,"enemies":"Gremlin Gang","floor":21.0,"turns":4.0},{"damage":0.0,"enemies":"Hexaghost","floor":24.0,"turns":5.0},{"damage":0.0,"enemies":"Spheric Guardian","floor":26.0,"turns":2.0},{"damage":0.0,"enemies":"Chosen","floor":30.0,"turns":3.0},{"damage":0.0,"enemies":"Snecko","floor":31.0,"turns":3.0},{"damage":14.0,"enemies":"Book of Stabbing","floor":32.0,"turns":2.0},{"damage":0.0,"enemies":"Gremlin Leader","floor":34.0,"turns":2.0},{"damage":0.0,"enemies":"Colosseum Slavers","floor":39.0,"turns":1.0},{"damage":1.0,"enemies":"Colosseum Nobs","floor":39.0,"turns":2.0},{"damage":0.0,"enemies":"3 Cultists","floor":40.0,"turns":1.0},{"damage":26.0,"enemies":"Shelled Parasite and Fungi","floor":41.0,"turns":2.0},{"damage":9.0,"enemies":"Centurion and Healer","floor":43.0,"turns":2.0},{"damage":22.0,"enemies":"Collector","floor":46.0,"turns":3.0},{"damage":1.0,"enemies":"Orb Walker","floor":48.0,"turns":2.0},{"damage":8.0,"enemies":"3 Darklings","floor":49.0,"turns":2.0},{"damage":8.0,"enemies":"Transient","floor":52.0,"turns":6.0},{"damage":29.0,"enemies":"Jaw Worm Horde","floor":53.0,"turns":2.0},{"damage":0.0,"enemies":"Nemesis","floor":55.0,"turns":3.0},{"damage":0.0,"enemies":"Writhing Mass","floor":57.0,"turns":1.0},{"damage":0.0,"enemies":"Spire Growth","floor":58.0,"turns":2.0},{"damage":1.0,"enemies":"Sphere and 2 Shapes","floor":61.0,"turns":2.0},{"damage":0.0,"enemies":"Reptomancer","floor":62.0,"turns":4.0},{"damage":0.0,"enemies":"3 Darklings","floor":64.0,"turns":1.0},{"damage":0.0,"enemies":"Giant Head","floor":65.0,"turns":2.0},{"damage":0.0,"enemies":"Jaw Worm Horde","floor":66.0,"turns":2.0},{"damage":26.0,"enemies":"Awakened One","floor":69.0,"turns":3.0},{"damage":0.0,"enemies":"Time Eater","floor":70.0,"turns":2.0},{"damage":0,"enemies":"Shield and Spear","floor":74,"turns":1},{"damage":69,"enemies":"The Heart","floor":75,"turns":4}],"seed_played":"7132732829539084731","potions_obtained":[{"floor":4.0,"key":"Dexterity Potion"},{"floor":6.0,"key":"SkillPotion"},{"floor":7.0,"key":"Explosive Potion"},{"floor":16.0,"key":"Fruit Juice"},{"floor":30.0,"key":"DistilledChaos"}],"is_trial":false,"path_per_floor":["M","M","?","M","M","M","?","R","$","E","M","R","T","T","R","E","R","M","R","?","M","R","R","B",null,"M","?","?","$","M","M","E","R","E","?","T","T","R","?","M","M","R","M","R","R","B",null,"M","M","$","?","M","M","?","E","R","M","M","T","R","M","E","$","M","E","M","R","R","B","B",null,"R","$","E","B",null],"character_chosen":"THE_SILENT","items_purchased":["REME_GreenPollution","FairyPotion","DollysMirror","Orrery","REME_GreenPollution"],"campfire_rested":2,"item_purchase_floors":[29,38,42,63,68],"current_hp_per_floor":[55,55,46,43,29,17,15,15,15,15,15,15,15,15,15,8,8,3,24,17,21,21,21,51,74,79,79,96,96,101,106,97,97,102,102,102,102,102,113,122,103,103,108,108,108,121,156,169,175,175,175,179,162,162,172,181,195,209,209,218,231,243,253,267,279,293,302,311,308,343,344,344,344,354,300],"gold":63,"neow_bonus":"TRANSFORM_TWO_CARDS","is_daily":false,"chose_seed":false,"campfire_upgraded":11,"win_rate":0.0,"timestamp":1614451273,"path_taken":["M","?","?","M","?","M","?","R","$","E","M","R","T","T","R","E","R","M","R","?","M","R","R","BOSS","M","?","?","$","?","M","E","R","E","?","T","T","R","?","?","M","R","M","R","R","BOSS","M","?","$","?","M","M","?","E","R","M","?","T","R","M","E","$","M","E","M","R","R","BOSS","BOSS","R","$","E","BOSS"],"items_purchased_type":["Card","Potion","Relic","Relic","Card"],"build_version":"2020-12-22","purchased_purges":6,"victory":true,"max_hp_per_floor":[66,66,66,66,66,66,66,66,66,66,66,66,66,66,66,66,66,71,71,71,76,76,76,81,81,86,86,96,96,101,106,111,111,116,116,116,116,116,128,137,144,144,158,158,158,168,168,182,196,196,186,198,210,210,220,220,234,248,248,248,262,274,284,298,310,324,324,324,334,344,344,344,344,354,369],"card_choices":[{"not_picked":["Deflect","Dagger Throw"],"picked":"Concentrate","floor":1.0},{"not_picked":["All Out Attack","Backflip","Prepared"],"picked":"SKIP","floor":2.0},{"not_picked":["Distraction","REME_ShadowForm","Sucker Punch"],"picked":"SKIP","floor":4.0},{"not_picked":["Flechettes","Poisoned Stab","Deadly Poison"],"picked":"SKIP","floor":5.0},{"not_picked":["Well Laid Plans","PiercingWail","Prepared"],"picked":"SKIP","floor":6.0},{"not_picked":["Flying Knee","Outmaneuver"],"picked":"Blade Dance","floor":7.0},{"not_picked":["Dagger Throw","Underhanded Strike","Crippling Poison"],"picked":"SKIP","floor":10.0},{"not_picked":["Sucker Punch","REME_ShadowForm","Masterful Stab"],"picked":"SKIP","floor":11.0},{"not_picked":["Dodge and Roll","Sucker Punch"],"picked":"Wraith Form v2","floor":16.0},{"not_picked":["Riddle With Holes","Finisher"],"picked":"Reflex","floor":18.0},{"not_picked":["Dagger Throw","Outmaneuver","Quick Slash"],"picked":"SKIP","floor":21.0},{"not_picked":["Quick Slash","Underhanded Strike","Leg Sweep"],"picked":"SKIP","floor":26.0},{"not_picked":["Infinite Blades","Acrobatics","Flying Knee"],"picked":"SKIP","floor":30.0},{"not_picked":["Dagger Spray","Skewer","Prepared"],"picked":"SKIP","floor":31.0},{"not_picked":["Dagger Spray","Concentrate+1","Dagger Throw"],"picked":"SKIP","floor":32.0},{"not_picked":["Slice","REME_LeechingPoison"],"picked":"REME_GreenPollution","floor":34.0},{"not_picked":["REME_GreenPollution","Caltrops","Prepared"],"picked":"Singing Bowl","floor":39.0},{"not_picked":["All Out Attack","Dodge and Roll+1","Riddle With Holes"],"picked":"Singing Bowl","floor":40.0},{"not_picked":["Reflex","Skewer","REME_GreenPollution"],"picked":"Singing Bowl","floor":40.0},{"not_picked":["Dagger Throw","Cloak And Dagger","Acrobatics+1"],"picked":"Singing Bowl","floor":41.0},{"not_picked":["REME_ShadowStrike+1","Outmaneuver"],"picked":"After Image","floor":41.0},{"not_picked":["Bane","Dagger Spray","Flying Knee"],"picked":"Singing Bowl","floor":43.0},{"not_picked":["Dodge and Roll","Poisoned Stab","Eviscerate+1"],"picked":"Singing Bowl","floor":43.0},{"not_picked":["REME_GrazeFinale","Envenom"],"picked":"Adrenaline","floor":46.0},{"not_picked":["Dagger Spray","Cloak And Dagger","PiercingWail"],"picked":"Singing Bowl","floor":48.0},{"not_picked":["Dodge and Roll","Noxious Fumes","Deadly Poison"],"picked":"Singing Bowl","floor":48.0},{"not_picked":["Quick Slash","REME_ShadowStrike+1","Dagger Spray"],"picked":"Singing Bowl","floor":49.0},{"not_picked":["Flying Knee","Dagger Spray","Bouncing Flask"],"picked":"Singing Bowl","floor":49.0},{"not_picked":["Crippling Poison+1","Slice"],"picked":"Calculated Gamble","floor":52.0},{"not_picked":["Blade Dance","Blur+1","Backflip"],"picked":"Singing Bowl","floor":52.0},{"not_picked":["Quick Slash","Deflect"],"picked":"Burst","floor":53.0},{"not_picked":["Finisher","PiercingWail","Infinite Blades"],"picked":"Singing Bowl","floor":53.0},{"not_picked":["Leg Sweep","Predator"],"picked":"After Image","floor":55.0},{"not_picked":["Dagger Throw","Eviscerate","Blade Dance"],"picked":"Singing Bowl","floor":57.0},{"not_picked":["Deflect","Bouncing Flask","Caltrops"],"picked":"Singing Bowl","floor":57.0},{"not_picked":["Deflect","Flying Knee","Dagger Spray"],"picked":"Singing Bowl","floor":58.0},{"not_picked":["Distraction","REME_ShadowStrike","Well Laid Plans+1"],"picked":"Singing Bowl","floor":58.0},{"not_picked":["Dash","Escape Plan+1","Bane+1"],"picked":"Singing Bowl","floor":61.0},{"not_picked":["Quick Slash","Well Laid Plans","Terror"],"picked":"Singing Bowl","floor":61.0},{"not_picked":["Phantasmal Killer","Catalyst","Endless Agony"],"picked":"Singing Bowl","floor":62.0},{"not_picked":["Flying Knee+1","Night Terror","REME_ShadowStrike"],"picked":"Singing Bowl","floor":63.0},{"not_picked":["PiercingWail","Setup","Dodge and Roll"],"picked":"Singing Bowl","floor":63.0},{"not_picked":["Dodge and Roll","Deflect","Heel Hook+1"],"picked":"Singing Bowl","floor":63.0},{"not_picked":["Terror","Choke","Calculated Gamble+1"],"picked":"Singing Bowl","floor":63.0},{"not_picked":["Flying Knee+1","Expertise+1","Poisoned Stab"],"picked":"Singing Bowl","floor":63.0},{"not_picked":["Escape Plan+1","Outmaneuver","Heel Hook+1"],"picked":"Singing Bowl","floor":64.0},{"not_picked":["Endless Agony","Sucker Punch+1","Prepared"],"picked":"Singing Bowl","floor":64.0},{"not_picked":["Bane","Skewer","Deflect+1"],"picked":"Singing Bowl","floor":65.0},{"not_picked":["Deadly Poison+1","Caltrops","PiercingWail"],"picked":"Singing Bowl","floor":66.0},{"not_picked":["Blur","Prepared+1","Acrobatics"],"picked":"Singing Bowl","floor":66.0},{"not_picked":["Crippling Poison","Blade Dance"],"picked":"Escape Plan+1","floor":74}],"player_experience":285961,"relics_obtained":[{"floor":7.0,"key":"Odd Mushroom"},{"floor":10.0,"key":"Torii"},{"floor":13.0,"key":"Pantograph"},{"floor":14.0,"key":"Centennial Puzzle"},{"floor":16.0,"key":"Art of War"},{"floor":32.0,"key":"Ornamental Fan"},{"floor":34.0,"key":"Whetstone"},{"floor":37.0,"key":"Smiling Mask"},{"floor":39.0,"key":"Prayer Wheel"},{"floor":39.0,"key":"Singing Bowl"},{"floor":55.0,"key":"Orichalcum"},{"floor":55.0,"key":"Eternal Feather"},{"floor":59.0,"key":"Shuriken"},{"floor":62.0,"key":"Vajra"},{"floor":62.0,"key":"Turnip"},{"floor":65.0,"key":"Bag of Preparation"},{"floor":65.0,"key":"War Paint"},{"floor":74,"key":"Snake Skull"},{"floor":74,"key":"Pen Nib"}],"event_choices":[{"damage_healed":0.0,"max_hp_gain":0.0,"max_hp_loss":0.0,"gold_gain":0.0,"event_name":"Wheel of Change","player_choice":"Damaged","floor":3.0,"gold_loss":0.0,"damage_taken":9.0},{"damage_healed":0.0,"max_hp_gain":0.0,"max_hp_loss":0.0,"gold_gain":0.0,"event_name":"Mushrooms","player_choice":"Fought Mushrooms","floor":7.0,"gold_loss":0.0,"damage_taken":0.0},{"cards_removed":["Sucker Punch"],"damage_healed":0.0,"max_hp_gain":0.0,"max_hp_loss":0.0,"gold_gain":0.0,"event_name":"Golden Wing","player_choice":"Card Removal","floor":20.0,"gold_loss":0.0,"damage_taken":7.0},{"damage_healed":0.0,"max_hp_gain":0.0,"max_hp_loss":0.0,"gold_gain":0.0,"event_name":"Vampires","player_choice":"Ignored","floor":27.0,"gold_loss":0.0,"damage_taken":0.0},{"cards_removed":["REME_ShadowForm"],"damage_healed":7.0,"max_hp_gain":10.0,"max_hp_loss":0.0,"gold_gain":0.0,"event_name":"Bonfire Elementals","player_choice":"Offered Rare","floor":28.0,"gold_loss":0.0,"damage_taken":0.0},{"cards_removed":["Dash"],"damage_healed":0.0,"max_hp_gain":0.0,"max_hp_loss":0.0,"gold_gain":0.0,"event_name":"Back to Basics","player_choice":"Elegance","floor":35.0,"gold_loss":0.0,"damage_taken":0.0},{"damage_healed":0.0,"max_hp_gain":0.0,"max_hp_loss":0.0,"gold_gain":0.0,"event_name":"Colosseum","player_choice":"Fight","floor":39.0,"gold_loss":0.0,"damage_taken":0.0},{"damage_healed":0.0,"max_hp_gain":0.0,"max_hp_loss":0.0,"gold_gain":0.0,"event_name":"Colosseum","player_choice":"Fought Nobs","floor":39.0,"gold_loss":0.0,"damage_taken":0.0},{"damage_healed":0.0,"max_hp_gain":0.0,"max_hp_loss":10.0,"gold_gain":0.0,"event_name":"Winding Halls","player_choice":"Max HP","floor":51.0,"gold_loss":0.0,"damage_taken":0.0},{"damage_healed":0.0,"max_hp_gain":0.0,"max_hp_loss":0.0,"gold_gain":0.0,"event_name":"Transmorgrifier","player_choice":"Ignored","floor":54.0,"gold_loss":0.0,"damage_taken":0.0}],"is_beta":false,"boss_relics":[{"not_picked":["Sozu","Philosopher\u0027s Stone"],"picked":"Astrolabe"},{"not_picked":["Velvet Choker","Fusion Hammer"],"picked":"Black Star"}],"items_purged_floors":[9,38,42,50,63,68],"is_endless":false,"potions_floor_spawned":[4,6,7,16,18,26,30,39,41,46,52,55,57,61,64,65],"ascension_level":20}}