{"host":"2o9egglz3rc831ud","time":1614387240,"event":{"mods":["Act Like it!","BaseMod","Bestiary","BetterRewards","CapriCore","Colored Map","Colored Powertips","Gensokyo","HololiveMod","Hubris","Koishi","Marisa????????","Minty Spire (QoL Compilation)","Prisma Mod","Remilia??????","Spicy Shops","StSLib","The Immortal","TheBandit"],"gold_per_floor":[76,76,76,96,106,126,126,140,140,34,45,70,87,100,100,199,199,213,213,213,0,0,0,0,0,25,38,38,22,22,37,37,135,135,135,135],"floor_reached":35,"language":"ENG","playtime":2404,"items_purged":[],"score":507,"play_id":"ea649e86-98a6-4d8f-92d7-8261819e80ee","local_time":"20210226165400","is_ascension_mode":false,"campfire_choices":[{"data":"Hololive_CocoNews","floor":7.0,"key":"SMITH"},{"floor":15.0,"key":"REST"},{"data":"Hololive_CallUsadaPekora","floor":23.0,"key":"SMITH"},{"data":"Hololive_CallShiroganeNoel","floor":32.0,"key":"SMITH"}],"circlet_count":0,"master_deck":["Hololive_Strike","Hololive_Strike","Hololive_Defend+1","Hololive_Defend","Hololive_Sequa","Hololive_CallYozoraMel","Hololive_CallShirakamiFubuki","Hololive_CallUsadaPekora+1","Hololive_CallAmaneKanata","Hololive_CallRosalyn","Hololive_CocoNews+1","Hololive_Trident+1","Hololive_OvertimeWork","Hololive_CallHoushouMarine","Hololive_SoulCatcher","Hololive_StrengthChampion","Hololive_CallYuzukiChoco","Hololive_BringToTrial","Hololive_Rebound","Hololive_Breathe+1","Hololive_CallShiroganeNoel+1","Hololive_CallDoris","Hololive_IdolExercise+1","CurseOfTheBell","Hololive_CallHoshimachiSuisei+1","Hololive_SummonFox+1","Hololive_CallFriendA","Writhe","Hololive_HuntDinosaur+1","Hololive_DDD+1","Hololive_RevenueBasedLive+1","Hololive_MaximGun"],"relics":["Hololive_TheStar","hubris:Towel","Bottled Tornado","Toxic Egg 2","Calling Bell","Dream Catcher","Matryoshka","hubris:Spice","Regal Pillow","HornCleat","hubris:BottledRain","Orichalcum","Juzu Bracelet","hubris:Icosahedron"],"acts_visited":[],"potions_floor_usage":[],"damage_taken":[{"damage":0.0,"enemies":"Jaw Worm","floor":1.0,"turns":3.0},{"damage":0.0,"enemies":"2 Louse","floor":4.0,"turns":3.0},{"damage":0.0,"enemies":"Cultist","floor":5.0,"turns":3.0},{"damage":0.0,"enemies":"Exordium Wildlife","floor":6.0,"turns":3.0},{"damage":0.0,"enemies":"3 Louse","floor":8.0,"turns":1.0},{"damage":0.0,"enemies":"Large Slime","floor":11.0,"turns":3.0},{"damage":0.0,"enemies":"3 Sentries","floor":12.0,"turns":4.0},{"damage":10.0,"enemies":"Blue Slaver","floor":13.0,"turns":4.0},{"damage":0.0,"enemies":"Looter","floor":14.0,"turns":2.0},{"damage":0.0,"enemies":"Slime Boss","floor":16.0,"turns":3.0},{"damage":0.0,"enemies":"Chosen","floor":18.0,"turns":3.0},{"damage":0.0,"enemies":"Spheric Guardian","floor":27.0,"turns":3.0},{"damage":0.0,"enemies":"Snecko","floor":31.0,"turns":3.0},{"damage":4.0,"enemies":"hubris:MusketHawk","floor":33.0,"turns":6.0},{"damage":0,"enemies":"3 Darklings","floor":35,"turns":1}],"seed_played":"-1422236445049295840","potions_obtained":[{"floor":4.0,"key":"AttackPotion"},{"floor":5.0,"key":"DuplicationPotion"},{"floor":11.0,"key":"Swift Potion"}],"is_trial":false,"path_per_floor":["M","?","?","M","M","M","R","M","T","$","M","E","M","M","R","B",null,"M","?","?","?","?","R","T","?","T","M","$","$","?","M","R","B",null,"M"],"character_chosen":"Hololive_HololiveCharacter","items_purchased":["Hololive_CallYuzukiChoco","Hololive_BringToTrial","Hololive_DDD+1"],"campfire_rested":1,"item_purchase_floors":[10,10,29],"current_hp_per_floor":[35,28,28,28,28,28,28,28,28,28,28,28,23,23,33,33,43,43,43,43,43,43,43,43,43,43,43,43,43,43,43,43,39,51,51,51],"gold":135,"neow_bonus":"THREE_CARDS","is_daily":false,"chose_seed":false,"campfire_upgraded":3,"win_rate":0.0,"timestamp":1614387240,"path_taken":["M","?","?","M","?","M","R","M","T","?","M","E","M","M","R","BOSS","M","?","?","?","?","R","?","?","T","M","?","$","?","M","R","BOSS","M"],"items_purchased_type":["Card","Card","Card"],"build_version":"2020-12-22","purchased_purges":0,"victory":false,"max_hp_per_floor":[35,35,35,35,35,35,35,35,35,35,35,35,35,35,35,35,43,43,43,43,43,43,43,43,43,43,43,43,43,43,43,43,43,51,51,51],"card_choices":[{"not_picked":["Hololive_Trident","Hololive_OvertimeWork"],"picked":"Hololive_CocoNews","floor":0.0},{"not_picked":["Hololive_Rebound","Hololive_CallHoushouMarine","Hololive_RevenueBasedLive"],"picked":"Hololive_Trident","floor":1.0},{"not_picked":["Hololive_Trident","Hololive_RevenueBasedLive","Hololive_Breathe"],"picked":"Hololive_OvertimeWork","floor":4.0},{"not_picked":["Hololive_RevenueBasedLive","Hololive_Drill","Hololive_Trident"],"picked":"Hololive_CallHoushouMarine","floor":5.0},{"not_picked":["Hololive_OvertimeWork","Hololive_CallAZKi","Hololive_CallManoAloe"],"picked":"Hololive_SoulCatcher","floor":6.0},{"not_picked":["Hololive_HuntDinosaur","Hololive_Sequa","Hololive_RevenueBasedLive"],"picked":"Hololive_StrengthChampion","floor":8.0},{"not_picked":["Hololive_StrengthChampion","Hololive_CallTokinoSora","Hololive_OvertimeWork"],"picked":"Hololive_Rebound","floor":11.0},{"not_picked":["Hololive_LuckPotion+1","Hololive_Trident","Hololive_SoulCatcher"],"picked":"Hololive_Breathe+1","floor":12.0},{"not_picked":["Hololive_Drill","Hololive_LuckPotion+1","Hololive_CocoNews"],"picked":"Hololive_CallShiroganeNoel","floor":13.0},{"not_picked":["Hololive_Breathe+1","Hololive_Drill","Hololive_CallRosalyn"],"picked":"Hololive_CallDoris","floor":14.0},{"not_picked":["Hololive_ASMR","Hololive_WolfAndLamb+1","Hololive_HighAtkLowDef+1"],"picked":"Hololive_IdolExercise+1","floor":16.0},{"not_picked":["Hololive_Breathe+1","Hololive_Sequa+1","Hololive_OvertimeWork"],"picked":"Hololive_CallHoshimachiSuisei+1","floor":18.0},{"not_picked":["Hololive_Rebound+1","Hololive_CocoNews","Hololive_LuckPotion+1"],"picked":"Hololive_HuntDinosaur+1","floor":27.0},{"not_picked":["Hololive_OvertimeWork","Hololive_Rebound+1","Hololive_BringToTrial+1"],"picked":"Hololive_RevenueBasedLive+1","floor":31.0},{"not_picked":["Hololive_DurableLive+1","Hololive_WolfAndLamb+1","Hololive_FlareMind+1"],"picked":"Hololive_MaximGun","floor":33.0}],"player_experience":11998,"relics_obtained":[{"floor":9.0,"key":"Bottled Tornado"},{"floor":12.0,"key":"Toxic Egg 2"},{"floor":17.0,"key":"Dream Catcher"},{"floor":17.0,"key":"Matryoshka"},{"floor":17.0,"key":"hubris:Spice"},{"floor":24.0,"key":"Regal Pillow"},{"floor":24.0,"key":"HornCleat"},{"floor":26.0,"key":"Orichalcum"},{"floor":26.0,"key":"Juzu Bracelet"}],"event_choices":[{"damage_healed":0.0,"max_hp_gain":0.0,"max_hp_loss":0.0,"gold_gain":0.0,"event_name":"Shining Light","player_choice":"Entered Light","floor":2.0,"gold_loss":0.0,"damage_taken":7.0,"cards_upgraded":["Hololive_Trident","Hololive_Defend"]},{"damage_healed":0.0,"max_hp_gain":0.0,"max_hp_loss":0.0,"gold_gain":0.0,"event_name":"The Library","player_choice":"Read","floor":19.0,"gold_loss":0.0,"damage_taken":0.0,"cards_obtained":["Hololive_SummonFox"]},{"damage_healed":0.0,"max_hp_gain":0.0,"max_hp_loss":0.0,"gold_gain":0.0,"event_name":"Vampires","player_choice":"Ignored","floor":20.0,"gold_loss":0.0,"damage_taken":0.0},{"damage_healed":0.0,"max_hp_gain":0.0,"max_hp_loss":0.0,"gold_gain":0.0,"event_name":"Masked Bandits","player_choice":"Paid Fearfully","floor":21.0,"gold_loss":213.0,"damage_taken":0.0},{"damage_healed":0.0,"max_hp_gain":0.0,"max_hp_loss":0.0,"gold_gain":0.0,"event_name":"The Mausoleum","player_choice":"Opened","floor":25.0,"gold_loss":0.0,"damage_taken":0.0,"relics_obtained":["hubris:BottledRain"],"cards_obtained":["Writhe"]}],"is_beta":false,"boss_relics":[{"not_picked":["hubris:VirtuousBlindfold","Hololive_TopUpMoneyS"],"picked":"Calling Bell"},{"not_picked":["hubris:Spice","hubris:Spice"],"picked":"hubris:Spice"}],"items_purged_floors":[],"is_endless":false,"potions_floor_spawned":[4,5,11,18],"killed_by":"3 Darklings","ascension_level":0}}