{"host":"btkbr53c3gip0r7d","time":1614401951,"event":{"mods":["BaseMod","Better Altar","Better Match","Better Note","Better Sensory Stone","Better Skull","Better Third Choice","Colored Map","Curses Come First","Downfall","Minty Spire (QoL Compilation)","StSLib","The Cursed","The Marked"],"gold_per_floor":[99,111,131,131,141,51,51,80,80,180,80,80,80,114,133,237,246,146,165,328,355,382,417,442,442,479,488,514,62,62,82,107,212,212,212,231,291,291,309,309,318,318,336,336,378,405,405,444,461,461],"floor_reached":51,"language":"ENG","playtime":8205,"items_purged":["champ:Strike","downfall:Bewildered"],"score":799,"play_id":"1a1210ec-7d6d-41f9-b707-0195c156c27c","local_time":"20210226215911","is_ascension_mode":false,"campfire_choices":[{"floor":1.0,"key":"RECALL"},{"floor":11.0,"key":"REST"},{"floor":13.0,"key":"REST"},{"floor":18.0,"key":"REST"},{"floor":25.0,"key":"REST"},{"floor":30.0,"key":"REST"},{"floor":35.0,"key":"REST"},{"floor":42.0,"key":"REST"},{"floor":44.0,"key":"REST"}],"circlet_count":0,"master_deck":["champ:Strike","champ:Strike","champ:Strike","champ:Defend","champ:Defend","champ:Defend","champ:Defend+1","champ:Taunt+1","champ:Shatter","champ:CrownThrow","champ:SteelEdge+1","champ:Lariat+1","Jack Of All Trades+1","champ:TornadoPunch+1","Injury","champ:FancyFootwork","Regret","champ:FocusedBerserking","champ:Endure","champ:SwordThrow","CurseOfTheBell","champ:AdrenalArmor","champ:Taunt","champ:FlashCut","champ:DeathBlow","champ:StrikeOfGenius+1","Discovery","champ:FlashCut+1","champ:FaceSlap+1","champ:HoldFirm","champ:IronFortress+1","champ:SetATrap+1","champ:ArenaPreparation","champ:Shatter+1","champ:FaceSlap+1","champ:Encircle+1","champ:ShieldThrow+1","champ:HeartStrike+1","champ:DancingMaster+1","Trip+1","Shame","Master of Strategy","Panacea","champ:RecklessLeap+1","expansioncontent:PrepareCrush","expansioncontent:YouAreMine","expansioncontent:Chronoboost","champ:UltimateStance"],"relics":["Fusion Hammer","Matryoshka","Juzu Bracelet","Champion Belt","downfall:HeartBlessingRed","sneckomod:BlankCard","CeramicFish","Calling Bell","Blood Vial","Question Card","Torii","downfall:HeartBlessingGreen","downfall:GremlinSack","Toy Ornithopter","Molten Egg 2","Boot","Anchor","WarpedTongs","Singing Bowl","Cursed Key","Unceasing Top","Mercury Hourglass","hexamod:Sixitude","Nunchaku","Oddly Smooth Stone"],"acts_visited":["Exordium","TheCity","TheBeyond"],"potions_floor_usage":[50],"damage_taken":[{"damage":1.0,"enemies":"2 Louse","floor":2.0,"turns":3.0},{"damage":11.0,"enemies":"Cultist","floor":3.0,"turns":3.0},{"damage":28.0,"enemies":"Jaw Worm","floor":5.0,"turns":5.0},{"damage":5.0,"enemies":"downfall:FleeingMerchant","floor":6.0,"turns":4.0},{"damage":44.0,"enemies":"3 Sentries","floor":8.0,"turns":5.0},{"damage":24.0,"enemies":"3 Sentries","floor":10.0,"turns":3.0},{"damage":41.0,"enemies":"Lagavulin","floor":14.0,"turns":4.0},{"damage":0.0,"enemies":"Exordium Thugs","floor":15.0,"turns":2.0},{"damage":71.0,"enemies":"WA_ARCHETYPE_RETAIN","floor":16.0,"turns":6.0},{"damage":0.0,"enemies":"Spheric Guardian","floor":19.0,"turns":1.0},{"damage":30.0,"enemies":"Spheric Guardian","floor":20.0,"turns":6.0},{"damage":21.0,"enemies":"Shell Parasite","floor":21.0,"turns":4.0},{"damage":36.0,"enemies":"Chosen and Byrds","floor":22.0,"turns":5.0},{"damage":45.0,"enemies":"Slavers","floor":23.0,"turns":4.0},{"damage":86.0,"enemies":"Gremlin Leader","floor":26.0,"turns":7.0},{"damage":31.0,"enemies":"Cultist and Chosen","floor":28.0,"turns":4.0},{"damage":48.0,"enemies":"downfall:FleeingMerchant","floor":29.0,"turns":4.0},{"damage":47.0,"enemies":"Snecko","floor":31.0,"turns":4.0},{"damage":17.0,"enemies":"Snake Plant","floor":32.0,"turns":3.0},{"damage":85.0,"enemies":"IC_MUSHROOM_ARCHETYPE","floor":33.0,"turns":9.0},{"damage":10.0,"enemies":"3 Darklings","floor":36.0,"turns":4.0},{"damage":56.0,"enemies":"2 Orb Walkers","floor":37.0,"turns":4.0},{"damage":69.0,"enemies":"Giant Head","floor":45.0,"turns":7.0},{"damage":72.0,"enemies":"Reptomancer","floor":48.0,"turns":4.0},{"damage":14.0,"enemies":"3 Shapes","floor":49.0,"turns":3.0},{"damage":35,"enemies":"SI_POISON_ARCHETYPE","floor":50,"turns":9}],"seed_played":"-2034482184049751130","potions_obtained":[{"floor":2.0,"key":"AttackPotion"},{"floor":8.0,"key":"champ:CounterPotion"},{"floor":21.0,"key":"PowerPotion"},{"floor":22.0,"key":"Weak Potion"},{"floor":23.0,"key":"champ:TechniquePotion"},{"floor":32.0,"key":"Slimebound:ThreeZeroPotion"},{"floor":33.0,"key":"Ancient Potion"},{"floor":37.0,"key":"SkillPotion"},{"floor":49.0,"key":"Guardian:BlockOnCardUsePotion"}],"is_trial":false,"path_per_floor":["R","M","M","?","M","$","T","E","?","?","R","?","R","E","M","B",null,"R","M","?","M","M","E","T","R","E","?","M","$","R","M","M","B",null,"R","M","?","?","?","?","T","R","?","R","E","?","?","E","M","B",null],"character_chosen":"THE_CHAMP","items_purchased":["Singing Bowl","FairyPotion"],"campfire_rested":8,"item_purchase_floors":[29,29],"current_hp_per_floor":[90,89,88,88,85,80,80,51,51,37,64,64,90,74,74,38,90,90,90,65,66,52,44,44,71,62,62,58,52,79,59,59,5,90,90,92,61,53,53,53,53,80,80,92,53,43,43,56,56,53],"gold":461,"neow_bonus":"BOSS_RELIC","is_daily":false,"chose_seed":false,"campfire_upgraded":0,"win_rate":0.0,"timestamp":1614401951,"path_taken":["R","M","M","?","M","?","T","E","?","?","R","?","R","E","M","BOSS","R","M","?","M","M","E","T","R","E","?","M","$","R","M","M","BOSS","R","M","?","?","?","?","T","R","?","R","E","?","?","E","M","BOSS"],"items_purchased_type":["Relic","Potion"],"build_version":"2020-12-22","purchased_purges":2,"victory":true,"max_hp_per_floor":[90,90,90,90,90,90,90,90,90,90,90,90,90,90,90,90,90,90,90,90,90,90,90,90,90,90,90,90,90,90,90,90,90,90,90,92,92,92,92,92,92,92,92,92,92,92,92,92,94,94],"card_choices":[{"not_picked":["champ:EnGarde","champ:DefensiveShout"],"picked":"champ:Shatter","floor":2.0},{"not_picked":["champ:AdrenalArmor","champ:PreciseThrust"],"picked":"champ:CrownThrow","floor":3.0},{"not_picked":["champ:MurderStrike+1","champ:DancingMaster+1"],"picked":"champ:SteelEdge+1","floor":4.0},{"not_picked":["champ:CalledShot+1","champ:EnragedBash+1"],"picked":"champ:Lariat+1","floor":4.0},{"not_picked":["Blind+1","Flash of Steel+1"],"picked":"Jack Of All Trades+1","floor":4.0},{"not_picked":["champ:Haymaker","champ:SkillfulDodge","champ:BringItOn"],"picked":"SKIP","floor":5.0},{"not_picked":["champ:EnGarde","champ:Devastate"],"picked":"champ:TornadoPunch","floor":6.0},{"not_picked":["champ:CrownThrow","champ:AdrenalArmor","champ:HeartStrike"],"picked":"SKIP","floor":8.0},{"not_picked":["champ:AdrenalArmor","champ:FlashCut"],"picked":"champ:FancyFootwork","floor":10.0},{"not_picked":["champ:IronFortress","champ:DefensiveShout"],"picked":"champ:FocusedBerserking","floor":14.0},{"not_picked":["champ:HeartStrike","champ:PerfectedStrike"],"picked":"champ:Endure","floor":15.0},{"not_picked":["champ:CheapShot","champ:MurderStrike"],"picked":"champ:SwordThrow","floor":16.0},{"not_picked":["champ:Circumvent","champ:CrownThrow+1","champ:Shatter"],"picked":"champ:AdrenalArmor","floor":19.0},{"not_picked":["champ:Parry","champ:PerfectedStrike","champ:RapidStrikes"],"picked":"champ:FlashCut+1","floor":20.0},{"not_picked":["champ:Circumvent","champ:BerserkerStyle","champ:Duel"],"picked":"champ:FaceSlap+1","floor":21.0},{"not_picked":["champ:PerfectedStrike","champ:FalseCounter","champ:Encircle+1"],"picked":"champ:HoldFirm","floor":22.0},{"not_picked":["champ:AdrenalArmor","champ:DancingMaster","champ:CalledShot"],"picked":"champ:IronFortress+1","floor":23.0},{"not_picked":["champ:TornadoPunch+1","champ:AdrenalArmor","champ:CrownThrow+1"],"picked":"champ:SetATrap+1","floor":26.0},{"not_picked":["champ:PerfectedStrike+1","champ:StanceDance","champ:CrownThrow+1"],"picked":"champ:ArenaPreparation","floor":28.0},{"not_picked":["champ:BladeFlurry+1","champ:ArenaPreparation","champ:TornadoPunch+1"],"picked":"champ:Shatter+1","floor":29.0},{"not_picked":["champ:DefensiveShout","champ:Shatter+1","champ:StanceDance"],"picked":"champ:FaceSlap+1","floor":31.0},{"not_picked":["champ:Haymaker+1","champ:BerserkersShout","champ:CalledShot"],"picked":"champ:Encircle+1","floor":32.0},{"not_picked":["champ:HoldFirm","champ:UltimateStance","champ:Devastate+1"],"picked":"champ:ShieldThrow+1","floor":33.0},{"not_picked":["champ:Shatter+1","champ:SkillfulDodge+1","champ:FocusedBerserking","champ:TornadoPunch+1"],"picked":"Singing Bowl","floor":36.0},{"not_picked":["champ:BringItOn","champ:TornadoPunch+1","champ:DefensiveStyle+1"],"picked":"champ:HeartStrike+1","floor":37.0},{"not_picked":["champ:TripleStrike+1","champ:CheapShot+1","champ:SteelEdge+1"],"picked":"champ:DancingMaster+1","floor":39.0},{"not_picked":["Flash of Steel+1","Dark Shackles+1","Swift Strike+1"],"picked":"Trip+1","floor":39.0},{"not_picked":["Impatience","Panacea","Flash of Steel+1"],"picked":"Master of Strategy","floor":43.0},{"not_picked":["Blind","Jack Of All Trades","Thinking Ahead"],"picked":"Panacea","floor":43.0},{"not_picked":["champ:AdrenalArmor","champ:PerfectedStrike+1","champ:BladeFlurry+1"],"picked":"champ:RecklessLeap+1","floor":45.0},{"not_picked":["expansioncontent:PolyBeam","expansioncontent:InvincibleStrength"],"picked":"expansioncontent:PrepareCrush","floor":46.0},{"not_picked":["expansioncontent:InvincibleStrength","expansioncontent:PrepareCrush"],"picked":"expansioncontent:YouAreMine","floor":46.0},{"not_picked":["expansioncontent:PolyBeam","expansioncontent:AwakenDeath"],"picked":"expansioncontent:Chronoboost","floor":46.0},{"not_picked":["champ:TornadoPunch+1","champ:Duel+1","champ:FanOfKnives+1"],"picked":"champ:UltimateStance","floor":48.0},{"not_picked":["champ:PreciseThrust+1","champ:EnGarde+1","champ:ShieldSlam","champ:ViciousMockery"],"picked":"Singing Bowl","floor":49.0}],"player_experience":1544300,"relics_obtained":[{"floor":7.0,"key":"Matryoshka"},{"floor":8.0,"key":"Juzu Bracelet"},{"floor":10.0,"key":"Champion Belt"},{"floor":14.0,"key":"CeramicFish"},{"floor":17.0,"key":"Blood Vial"},{"floor":17.0,"key":"Question Card"},{"floor":17.0,"key":"Torii"},{"floor":20.0,"key":"downfall:GremlinSack"},{"floor":23.0,"key":"Toy Ornithopter"},{"floor":24.0,"key":"Molten Egg 2"},{"floor":24.0,"key":"Boot"},{"floor":26.0,"key":"Anchor"},{"floor":37.0,"key":"Unceasing Top"},{"floor":41.0,"key":"Mercury Hourglass"},{"floor":41.0,"key":"hexamod:Sixitude"},{"floor":45.0,"key":"Nunchaku"},{"floor":48.0,"key":"Oddly Smooth Stone"}],"event_choices":[{"damage_healed":0.0,"max_hp_gain":0.0,"max_hp_loss":0.0,"gold_gain":0.0,"event_name":"betterMatch:BetterMatch","player_choice":"2","floor":4.0,"gold_loss":0.0,"damage_taken":0.0,"cards_obtained":["betterMatch:RareCard","betterMatch:UncommonCard","betterMatch:ColorlessUncommonCard"]},{"damage_healed":0.0,"max_hp_gain":0.0,"max_hp_loss":0.0,"gold_gain":0.0,"event_name":"Big Fish","player_choice":"Box","floor":12.0,"gold_loss":0.0,"damage_taken":0.0,"relics_obtained":["sneckomod:BlankCard"],"cards_obtained":["Regret"]},{"damage_healed":0.0,"max_hp_gain":0.0,"max_hp_loss":0.0,"gold_gain":0.0,"event_name":"Accursed Blacksmith","player_choice":"Rummage","floor":27.0,"gold_loss":0.0,"damage_taken":0.0,"relics_obtained":["WarpedTongs"],"cards_obtained":["Pain"]},{"damage_healed":0.0,"max_hp_gain":0.0,"max_hp_loss":0.0,"gold_gain":0.0,"event_name":"Mysterious Sphere","player_choice":"Fight","floor":37.0,"gold_loss":0.0,"damage_taken":0.0},{"damage_healed":0.0,"max_hp_gain":0.0,"max_hp_loss":0.0,"gold_gain":0.0,"event_name":"betterMatch:BetterMatch","player_choice":"2","floor":39.0,"gold_loss":0.0,"damage_taken":0.0,"cards_obtained":["betterMatch:RareCard","betterMatch:ColorlessUncommonCard"]},{"damage_healed":0.0,"max_hp_gain":0.0,"max_hp_loss":0.0,"gold_gain":3.0,"event_name":"betterStone:BetterStone","player_choice":"1","floor":43.0,"gold_loss":0.0,"damage_taken":0.0},{"cards_removed":["champ:Execute"],"damage_healed":0.0,"max_hp_gain":0.0,"max_hp_loss":0.0,"gold_gain":0.0,"event_name":"Falling","player_choice":"Removed Attack","floor":47.0,"gold_loss":0.0,"damage_taken":0.0}],"is_beta":false,"boss_relics":[{"not_picked":["sneckomod:SneckoTalon","Snecko Eye"],"picked":"Calling Bell"},{"not_picked":["Philosopher\u0027s Stone","Runic Pyramid"],"picked":"Cursed Key"}],"items_purged_floors":[6,29],"is_endless":false,"potions_floor_spawned":[2,8,21,22,23,32,33,37,49],"ascension_level":0}}