{"host":"insagfzijja1377g","time":1614387957,"event":{"mods":["BaseMod","Bestiary","Highlight Path","Minty Spire (QoL Compilation)","Relic Stats","Slay the Relics Exporter"],"gold_per_floor":[118,128,128,138,138,138,206,24,24,46,83,83,122,192,192,276,276,307,341,341,23,59,68,99,99,125,150,159,196,230,261,261,343,343,381,445,445,473,500,536,536,102,152,161,189,212,250,80,80,80,80],"floor_reached":50,"language":"ENG","playtime":2759,"items_purged":["Defend_P"],"score":1189,"play_id":"858fb98c-b4df-4a4d-97f2-f55a000533ba","local_time":"20210226190557","is_ascension_mode":true,"campfire_choices":[{"floor":6,"key":"REST"},{"data":"CrushJoints","floor":12,"key":"SMITH"},{"data":"ForeignInfluence","floor":15,"key":"SMITH"},{"floor":23,"key":"REST"},{"floor":28,"key":"REST"},{"data":"MentalFortress","floor":32,"key":"SMITH"},{"data":"TalkToTheHand","floor":41,"key":"SMITH"},{"floor":44,"key":"REST"},{"floor":49,"key":"RECALL"}],"circlet_count":0,"master_deck":["AscendersBane","Strike_P+1","Strike_P+1","Strike_P+1","Strike_P+1","Defend_P+1","Defend_P+1","Defend_P+1","Eruption","Vigilance","Tantrum+1","ForeignInfluence+1","SpiritShield","CutThroughFate","FlurryOfBlows","CrushJoints+1","Halt","Adaptation","SpiritShield","MentalFortress+1","CutThroughFate","Nirvana","BowlingBash","Adaptation","EmptyMind","FlurryOfBlows","ThirdEye+1","Tantrum","ClearTheMind","EmptyMind+1","FearNoEvil","Collect+1","EmptyBody+1","DevaForm","Weave+1","CrushJoints+1","TalkToTheHand+1","ThirdEye+1","Scrawl","LikeWater","Apotheosis","CutThroughFate","Meditate","WheelKick+1","ThirdEye+1","FearNoEvil","Master of Strategy"],"relics":["PureWater","Dream Catcher","HornCleat","Ginger","CeramicFish","Lizard Tail","Mercury Hourglass","Prayer Wheel","Philosopher\u0027s Stone","Shuriken","MutagenicStrength","Sundial","Blue Candle","SlaversCollar","Bird Faced Urn","Omamori","Anchor","Sling","Damaru","Blood Vial"],"acts_visited":["Exordium","TheCity","TheBeyond"],"potions_floor_usage":[11,14,16,30,33,33,36,46,50],"damage_taken":[{"damage":1,"enemies":"Small Slimes","floor":1,"turns":3},{"damage":0,"enemies":"Cultist","floor":2,"turns":3},{"damage":0,"enemies":"Jaw Worm","floor":4,"turns":2},{"damage":13,"enemies":"3 Sentries","floor":7,"turns":5},{"damage":0,"enemies":"Exordium Wildlife","floor":10,"turns":3},{"damage":0,"enemies":"Gremlin Nob","floor":11,"turns":2},{"damage":0,"enemies":"3 Sentries","floor":13,"turns":3},{"damage":12,"enemies":"Lagavulin Event","floor":14,"turns":3},{"damage":60,"enemies":"The Guardian","floor":16,"turns":6},{"damage":0,"enemies":"3 Byrds","floor":18,"turns":4},{"damage":4,"enemies":"2 Thieves","floor":19,"turns":3},{"damage":20,"enemies":"Cultist and Chosen","floor":22,"turns":4},{"damage":0,"enemies":"Snecko","floor":24,"turns":3},{"damage":12,"enemies":"Centurion and Healer","floor":27,"turns":2},{"damage":0,"enemies":"Gremlin Leader","floor":29,"turns":2},{"damage":17,"enemies":"Shelled Parasite and Fungi","floor":30,"turns":2},{"damage":2,"enemies":"Slavers","floor":31,"turns":3},{"damage":14,"enemies":"Automaton","floor":33,"turns":6},{"damage":0,"enemies":"3 Shapes","floor":35,"turns":2},{"damage":14,"enemies":"2 Orb Walkers","floor":36,"turns":3},{"damage":22,"enemies":"Orb Walker","floor":38,"turns":5},{"damage":14,"enemies":"Nemesis","floor":40,"turns":5},{"damage":0,"enemies":"4 Shapes","floor":45,"turns":7},{"damage":25,"enemies":"Transient","floor":46,"turns":5},{"damage":5,"enemies":"Reptomancer","floor":47,"turns":7},{"damage":61,"enemies":"Time Eater","floor":50,"turns":3}],"seed_played":"2884339068443316553","potions_obtained":[{"floor":1,"key":"Dexterity Potion"},{"floor":11,"key":"SkillPotion"},{"floor":16,"key":"FearPotion"},{"floor":22,"key":"LiquidBronze"},{"floor":27,"key":"Ancient Potion"},{"floor":31,"key":"EntropicBrew"},{"floor":35,"key":"FearPotion"},{"floor":46,"key":"Regen Potion"}],"is_trial":false,"path_per_floor":["M","M","?","M","?","R","E","$","T","M","E","R","E","?","R","B",null,"M","M","?","$","M","R","M","?","T","M","R","E","M","E","R","B",null,"M","?","?","M","T","E","R","$","T","R","M","M","E","$","R","B"],"character_chosen":"WATCHER","items_purchased":["CutThroughFate","FearPotion","Adaptation","Shuriken","Sling","Apotheosis","PowerPotion","CutThroughFate","Master of Strategy"],"campfire_rested":4,"item_purchase_floors":[8,8,21,21,42,42,42,42,48],"current_hp_per_floor":[60,60,60,60,25,45,32,32,32,32,32,32,32,20,20,3,52,52,48,48,48,28,48,48,48,48,36,56,56,39,37,37,23,57,57,43,43,29,29,23,23,23,23,43,53,38,43,43,43,0,0],"gold":80,"neow_bonus":"RANDOM_COMMON_RELIC","is_daily":false,"chose_seed":false,"campfire_upgraded":4,"win_rate":0.0,"timestamp":1614387957,"path_taken":["M","M","?","?","?","R","E","$","T","M","E","R","E","?","R","BOSS","M","M","?","$","M","R","M","?","T","?","R","E","M","E","R","BOSS","M","?","?","M","?","E","R","$","T","R","M","M","E","?","R","BOSS"],"items_purchased_type":["Card","Potion","Card","Relic","Relic","Card","Potion","Card","Card"],"build_version":"2020-12-22","purchased_purges":1,"victory":false,"max_hp_per_floor":[68,68,68,68,68,68,68,68,68,68,68,68,68,68,68,68,68,68,68,68,68,68,68,68,68,68,68,68,68,68,68,68,68,68,68,68,68,68,68,68,68,68,68,68,68,68,68,68,68,68,68],"relic_stats":{"counters":[26,95],"CeramicFish":306,"Blue Candle":[1],"Ginger":[5],"Mercury Hourglass":[335],"Blood Vial":2,"Dream Catcher":4,"Lizard Tail":34,"Shuriken":[37],"Sundial":[0],"Bird Faced Urn":[50],"Prayer Wheel":10,"obtain_stats":[{"CeramicFish":9,"Blue Candle":31,"Damaru":43,"Omamori":39,"Ginger":7,"Sling":42,"Mercury Hourglass":13,"Blood Vial":47,"SlaversCollar":34,"Dream Catcher":0,"Lizard Tail":11,"Anchor":40,"HornCleat":5,"Shuriken":21,"Sundial":29,"MutagenicStrength":25,"Bird Faced Urn":36,"Prayer Wheel":14,"Philosopher\u0027s Stone":17,"PureWater":0},{"CeramicFish":4,"Blue Candle":17,"Damaru":22,"Omamori":21,"Ginger":4,"Sling":22,"Mercury Hourglass":7,"Blood Vial":25,"SlaversCollar":18,"Dream Catcher":0,"Lizard Tail":6,"Anchor":22,"HornCleat":3,"Shuriken":11,"Sundial":15,"MutagenicStrength":13,"Bird Faced Urn":20,"Prayer Wheel":8,"Philosopher\u0027s Stone":9,"PureWater":0},{"CeramicFish":13,"Blue Candle":53,"Damaru":74,"Omamori":69,"Ginger":13,"Sling":74,"Mercury Hourglass":21,"Blood Vial":92,"SlaversCollar":59,"Dream Catcher":0,"Lizard Tail":18,"Anchor":74,"HornCleat":8,"Shuriken":37,"Sundial":48,"MutagenicStrength":44,"Bird Faced Urn":64,"Prayer Wheel":24,"Philosopher\u0027s Stone":30,"PureWater":0}]},"card_choices":[{"not_picked":["SandsOfTime","Weave"],"picked":"Tantrum","floor":1},{"not_picked":["JustLucky","Prostrate","Sanctity"],"picked":"SKIP","floor":2},{"not_picked":["Halt","JustLucky","Collect"],"picked":"SKIP","floor":4},{"not_picked":["Weave","ClearTheMind"],"picked":"ForeignInfluence","floor":6},{"not_picked":["ThirdEye","WaveOfTheHand"],"picked":"SpiritShield","floor":7},{"not_picked":["Tantrum","EmptyFist"],"picked":"FlurryOfBlows","floor":10},{"not_picked":["EmptyBody","Evaluate"],"picked":"CrushJoints","floor":11},{"not_picked":["PathToVictory","Alpha"],"picked":"Halt","floor":13},{"not_picked":["CrushJoints","ClearTheMind"],"picked":"Adaptation","floor":14},{"not_picked":["Omniscience","Devotion"],"picked":"SpiritShield","floor":16},{"not_picked":["Conclude","WindmillStrike"],"picked":"MentalFortress","floor":18},{"not_picked":["EmptyBody","Halt"],"picked":"CutThroughFate","floor":18},{"not_picked":["Prostrate","Fasting2"],"picked":"Nirvana","floor":19},{"not_picked":["ThirdEye","Perseverance"],"picked":"BowlingBash","floor":19},{"not_picked":["ReachHeaven","Swivel"],"picked":"EmptyMind","floor":22},{"not_picked":["InnerPeace","Conclude"],"picked":"FlurryOfBlows","floor":22},{"not_picked":["FlyingSleeves","WaveOfTheHand"],"picked":"Scrawl","floor":23},{"not_picked":["SashWhip","Protect"],"picked":"ThirdEye+1","floor":24},{"not_picked":["FlyingSleeves","Prostrate"],"picked":"Tantrum","floor":24},{"not_picked":["EmptyBody","Fasting2"],"picked":"ClearTheMind","floor":27},{"not_picked":["WaveOfTheHand","EmptyBody","JustLucky"],"picked":"SKIP","floor":27},{"not_picked":["FlyingSleeves","PathToVictory"],"picked":"EmptyMind+1","floor":28},{"not_picked":["DeusExMachina","Weave"],"picked":"FearNoEvil","floor":29},{"not_picked":["PathToVictory","Vengeance"],"picked":"Collect+1","floor":30},{"not_picked":["SignatureMove","DeceiveReality"],"picked":"EmptyBody+1","floor":30},{"not_picked":["ThirdEye","Nirvana","SashWhip"],"picked":"SKIP","floor":31},{"not_picked":["SpiritShield","ConjureBlade"],"picked":"DevaForm","floor":33},{"not_picked":["Prostrate","ThirdEye"],"picked":"Weave+1","floor":35},{"not_picked":["BowlingBash","PathToVictory"],"picked":"CrushJoints+1","floor":35},{"not_picked":["EmptyFist","EmptyBody"],"picked":"TalkToTheHand","floor":36},{"not_picked":["Fasting2+1","JustLucky+1"],"picked":"ThirdEye+1","floor":38},{"not_picked":["BattleHymn+1","Crescendo"],"picked":"Scrawl","floor":38},{"not_picked":["SashWhip","FlurryOfBlows"],"picked":"LikeWater","floor":40},{"not_picked":["Consecrate","SashWhip"],"picked":"Meditate","floor":44},{"not_picked":["ClearTheMind","CrushJoints+1"],"picked":"WheelKick+1","floor":45},{"not_picked":["WheelKick","EmptyFist","WindmillStrike+1"],"picked":"SKIP","floor":45},{"not_picked":["Swivel","JustLucky"],"picked":"ThirdEye+1","floor":46},{"not_picked":["EmptyFist","Consecrate","Study"],"picked":"SKIP","floor":46},{"not_picked":["PathToVictory","Collect+1"],"picked":"FearNoEvil","floor":47}],"player_experience":2253887,"relics_obtained":[{"floor":7,"key":"Ginger"},{"floor":9,"key":"CeramicFish"},{"floor":11,"key":"Lizard Tail"},{"floor":13,"key":"Mercury Hourglass"},{"floor":14,"key":"Prayer Wheel"},{"floor":29,"key":"Sundial"},{"floor":31,"key":"Blue Candle"},{"floor":36,"key":"Bird Faced Urn"},{"floor":39,"key":"Omamori"},{"floor":40,"key":"Anchor"},{"floor":43,"key":"Damaru"},{"floor":47,"key":"Blood Vial"}],"event_choices":[{"damage_healed":0,"gold_gain":0,"player_choice":"Upgraded","damage_taken":0,"max_hp_gain":0,"max_hp_loss":0,"event_name":"Upgrade Shrine","floor":3,"gold_loss":0,"cards_upgraded":["Tantrum"]},{"damage_healed":0,"gold_gain":0,"player_choice":"Success","damage_taken":35,"relics_obtained":["HornCleat"],"max_hp_gain":0,"max_hp_loss":0,"event_name":"Scrap Ooze","floor":5,"gold_loss":0},{"damage_healed":0,"gold_gain":30,"player_choice":"Searched \u00273\u0027 times","damage_taken":0,"max_hp_gain":0,"max_hp_loss":0,"event_name":"Dead Adventurer","floor":14,"gold_loss":0},{"damage_healed":0,"gold_gain":0,"player_choice":"Simplicity","damage_taken":0,"max_hp_gain":0,"max_hp_loss":0,"event_name":"Back to Basics","floor":20,"gold_loss":0,"cards_upgraded":["Strike_P","Strike_P","Strike_P","Strike_P","Defend_P","Defend_P","Defend_P"]},{"damage_healed":0,"gold_gain":0,"player_choice":"Inject Mutagens","damage_taken":0,"relics_obtained":["MutagenicStrength"],"max_hp_gain":0,"max_hp_loss":0,"event_name":"Drug Dealer","floor":25,"gold_loss":0},{"damage_healed":0,"gold_gain":0,"player_choice":"Fight","damage_taken":0,"max_hp_gain":0,"max_hp_loss":0,"event_name":"Mysterious Sphere","floor":36,"gold_loss":0},{"cards_removed":["Scrawl"],"damage_healed":0,"gold_gain":0,"player_choice":"Removed Skill","damage_taken":0,"max_hp_gain":0,"max_hp_loss":0,"event_name":"Falling","floor":37,"gold_loss":0}],"is_beta":false,"boss_relics":[{"not_picked":["Sozu","Cursed Key"],"picked":"Philosopher\u0027s Stone"},{"not_picked":["SacredBark","Pandora\u0027s Box"],"picked":"SlaversCollar"}],"items_purged_floors":[8],"is_endless":false,"potions_floor_spawned":[1,11,13,16,22,27,29,31,35,46],"killed_by":"Time Eater","ascension_level":16}}