{"host":"npubv26u89aif4fa","time":1614439389,"event":{"mods":["Astrologer","BaseMod","Better Vampires","Better-Laid Plans","CapriCore","Colored Powertips","GifTheSpireLib","GungeonMod","HornydragonMod","Hubris","Jedi Mod","Library of Ruina","Library of Ruina Extra","Minty Spire (QoL Compilation)","Potionbrewer","Quick Restart","Remilia（蕾米莉亚）","Replay The Spire","StSLib","The Administrix","The Alterego","The Blackbeard","The Bug Knight","The Cursed","The Immortal","The Marked","The Runesmith","Yuri Mod","残留之物"],"gold_per_floor":[112,125,138,149,165,197,197,229,229,229,263,263,278,308,308,405,405,424,444,444,459,470,470,380,406,429,442,474,485,485,518,518,613,613,628,638,675,675,689,715,734,805,805,805,834,844,317,344,344,344,344,344,344,11,36,36],"floor_reached":57,"language":"ZHS","playtime":4373,"items_purged":["HollowMod:NailStrikeStart"],"score":2119,"play_id":"972367c4-7dc0-42dc-9ba2-dfea4f142604","local_time":"20210227232309","is_ascension_mode":true,"campfire_choices":[{"floor":7.0,"key":"RECALL"},{"floor":12.0,"key":"REST"},{"data":"HollowMod:SiblingsSouls","floor":15.0,"key":"SMITH"},{"data":"HollowMod:Weaversong","floor":23.0,"key":"SMITH"},{"data":"HollowMod:ZotesMagnificence","floor":30.0,"key":"SMITH"},{"data":"HollowMod:LifebloodCore","floor":32.0,"key":"SMITH"},{"floor":38.0,"key":"REST"},{"data":"HollowMod:GrimmsGift","floor":44.0,"key":"SMITH"},{"floor":49.0,"key":"REST"},{"data":"LevelSlash","floor":53.0,"key":"SMITH"}],"circlet_count":0,"master_deck":["LevelSlash+1","HollowMod:NailStrikeStart+1","HollowMod:QuickDashStart+1","HollowMod:QuickDashStart","HollowMod:QuickDashStart","HollowMod:QuickDashStart+1","HollowMod:FocusHealStart","HollowMod:PogoStrike","HollowMod:SiblingsSouls+1","HollowMod:ChannelNail","HollowMod:CloakDash+1","HollowMod:PerfectDash","HollowMod:VengefulSpirit","HollowMod:ZotesMagnificence+1","HollowMod:Weaversong+1","HollowMod:RecoilStrike+1","HollowMod:LifebloodCore+1","HollowMod:PerfectDash+1","HollowMod:GrimmsGift+1","HollowMod:LifebloodCocoon+1"],"relics":["HollowMod:VesselMask","Gremlin Food","Orichalcum","PageOfSpiderBud","ReplayTheSpireMod:Ring of Addiction","hubris:EmptyBottle","White Beast Statue","PageOfFairyFestival","potionbrewer:WarMedal","SacredBark","jedi:arcanewood","Tiny Chest","Bottled Lightning","HollowMod:MillibellesNoteRelic","Painkiller Herb","Simple Rune","Mercury Hourglass","Golden Egg","Runesmith:AutoHammer","Turnip","Ancient Tea Set","Kunai","Membership Card","Counterbalance","Blood Vial"],"acts_visited":["Exordium","TheCity","TheBeyond","TheEnding"],"potions_floor_usage":[56,56,56,56,56],"damage_taken":[{"damage":0.0,"enemies":"Cultist","floor":1.0,"turns":2.0},{"damage":0.0,"enemies":"2 Louse","floor":2.0,"turns":2.0},{"damage":0.0,"enemies":"Small Slimes","floor":3.0,"turns":2.0},{"damage":0.0,"enemies":"Exordium Thugs","floor":4.0,"turns":3.0},{"damage":13.0,"enemies":"Gremlin Gang","floor":5.0,"turns":5.0},{"damage":5.0,"enemies":"Gremlin Nob","floor":6.0,"turns":4.0},{"damage":18.0,"enemies":"3 Sentries","floor":8.0,"turns":7.0},{"damage":0.0,"enemies":"Lagavulin","floor":11.0,"turns":5.0},{"damage":0.0,"enemies":"3 Louse","floor":13.0,"turns":2.0},{"damage":0.0,"enemies":"Replay:BlueRogue","floor":14.0,"turns":2.0},{"damage":0.0,"enemies":"Slime Boss","floor":16.0,"turns":3.0},{"damage":0.0,"enemies":"Shell Parasite","floor":18.0,"turns":2.0},{"damage":0.0,"enemies":"2 Thieves","floor":19.0,"turns":4.0},{"damage":0.0,"enemies":"Sentry and Sphere","floor":21.0,"turns":4.0},{"damage":0.0,"enemies":"Snecko","floor":22.0,"turns":1.0},{"damage":0.0,"enemies":"Replay:Snechameleon","floor":25.0,"turns":4.0},{"damage":0.0,"enemies":"Shelled Parasite and Fungi","floor":27.0,"turns":3.0},{"damage":0.0,"enemies":"HollowMod:Nosk","floor":28.0,"turns":6.0},{"damage":0.0,"enemies":"Snake Plant","floor":29.0,"turns":1.0},{"damage":0.0,"enemies":"Replay:Snechameleon","floor":31.0,"turns":5.0},{"damage":0.0,"enemies":"Pondfish","floor":33.0,"turns":7.0},{"damage":0.0,"enemies":"Orb Walker","floor":35.0,"turns":3.0},{"damage":0.0,"enemies":"3 Darklings","floor":36.0,"turns":6.0},{"damage":0.0,"enemies":"Writhing Mass","floor":39.0,"turns":5.0},{"damage":0.0,"enemies":"Nemesis","floor":40.0,"turns":9.0},{"damage":0.0,"enemies":"Jaw Worm Horde","floor":41.0,"turns":4.0},{"damage":0.0,"enemies":"Reptomancer","floor":45.0,"turns":2.0},{"damage":0.0,"enemies":"3 Darklings","floor":46.0,"turns":3.0},{"damage":8.0,"enemies":"Nemesis","floor":48.0,"turns":1.0},{"damage":0.0,"enemies":"HollowMod:Radiance","floor":50.0,"turns":9.0},{"damage":0.0,"enemies":"Shield and Spear","floor":55.0,"turns":3.0},{"damage":8,"enemies":"The Heart","floor":56,"turns":8}],"seed_played":"7348123970152754043","potions_obtained":[{"floor":5.0,"key":"Elixir"},{"floor":6.0,"key":"DemoMod:LeadSkinPotion"},{"floor":8.0,"key":"Elixir"},{"floor":10.0,"key":"BlessingOfTheForge"},{"floor":11.0,"key":"Fire Potion"},{"floor":13.0,"key":"FearPotion"},{"floor":14.0,"key":"Toxic Potion"},{"floor":16.0,"key":"Energy Potion"},{"floor":18.0,"key":"EssenceOfSteel"},{"floor":19.0,"key":"DemoMod:LeadSkinPotion"},{"floor":21.0,"key":"DistilledChaos"},{"floor":22.0,"key":"Languid Potion"},{"floor":25.0,"key":"DemoMod:LeadSkinPotion"},{"floor":28.0,"key":"potionbrewer:DiscountPotion"},{"floor":29.0,"key":"Dexterity Potion"},{"floor":31.0,"key":"Swift Potion"},{"floor":35.0,"key":"EssenceOfSteel"},{"floor":36.0,"key":"potionbrewer:BarricadePotion"},{"floor":37.0,"key":"Death Potion"},{"floor":39.0,"key":"BlessingOfTheForge"},{"floor":40.0,"key":"potionbrewer:InfectionPotion"},{"floor":41.0,"key":"AttackPotion"},{"floor":45.0,"key":"potionbrewer:NoxiousPotion"},{"floor":46.0,"key":"Explosive Potion"},{"floor":48.0,"key":"ColorlessPotion"},{"floor":55.0,"key":"PowerPotion"}],"is_trial":false,"path_per_floor":["M","M","M","M","M","E","R","E","T","?","E","R","M","E","R","B",null,"M","M","?","M","M","R","?","E","T","M","E","M","R","E","R","B",null,"?","?","?","T","?","E","?","T","T","T","E","?","T","E","T","B",null,null,"T","T","E","B",null],"character_chosen":"THE_BUGKNIGHT","items_purchased":["Turnip","Ancient Tea Set","Membership Card","Counterbalance","Fire Potion"],"campfire_rested":3,"item_purchase_floors":[47,47,54,54,54],"current_hp_per_floor":[75,75,75,75,62,63,63,51,51,51,57,75,75,75,75,75,75,75,75,75,75,75,75,75,75,75,75,75,75,75,75,75,75,75,75,75,57,75,75,75,75,75,75,75,73,73,73,65,73,73,73,73,73,71,71,71],"gold":36,"neow_bonus":"RANDOM_COMMON_RELIC","is_daily":false,"chose_seed":false,"campfire_upgraded":6,"win_rate":0.0,"timestamp":1614439389,"path_taken":["M","M","M","M","M","E","R","E","T","?","E","R","M","E","R","BOSS","M","M","?","?","M","R","?","E","T","?","E","M","R","E","R","BOSS","?","?","?","?","?","E","?","?","T","T","E","?","T","E","T","BOSS","T","T","E","BOSS"],"items_purchased_type":["Relic","Relic","Relic","Relic","Potion"],"build_version":"2020-12-22","purchased_purges":1,"victory":true,"max_hp_per_floor":[75,75,75,75,75,75,75,75,75,75,75,75,75,75,75,75,75,75,75,75,75,75,75,75,75,75,75,75,75,75,75,75,75,75,75,75,75,75,75,75,75,75,75,75,73,73,73,73,73,73,73,73,73,71,71,71],"card_choices":[{"not_picked":["HollowMod:WraithStrike","HollowMod:SharpenedNail","HollowMod:GoodIntentions"],"picked":"SKIP","floor":1.0},{"not_picked":["HollowMod:SoulStrike","HollowMod:HeavyBlow"],"picked":"HollowMod:SiblingsSouls","floor":2.0},{"not_picked":["HollowMod:BrokenVessel","HollowMod:SharpenedNail"],"picked":"HollowMod:ChannelNail","floor":3.0},{"not_picked":["HollowMod:VengefulVoid","HollowMod:BrokenVessel"],"picked":"HollowMod:CloakDash","floor":4.0},{"not_picked":["HollowMod:SoulStrike","HollowMod:DoubleDash"],"picked":"HollowMod:PerfectDash","floor":5.0},{"not_picked":["HollowMod:InfectionAssault","HollowMod:MonarchWings","HollowMod:ChannelNail"],"picked":"SKIP","floor":6.0},{"not_picked":["HollowMod:SiblingsSouls","HollowMod:Grubsong","HollowMod:ShapeofUnn"],"picked":"SKIP","floor":8.0},{"not_picked":["HollowMod:SiblingsSouls","HollowMod:Grubsong","HollowMod:ShapeofUnn"],"picked":"SKIP","floor":8.0},{"not_picked":["HollowMod:DashSlash","HollowMod:TaintedHusks","HollowMod:LifebloodCocoon"],"picked":"SKIP","floor":11.0},{"not_picked":["HollowMod:LifebloodCocoon","HollowMod:CycloneSlash"],"picked":"HollowMod:VengefulSpirit","floor":13.0},{"not_picked":["HollowMod:SharpenedNail","HollowMod:SiblingsSouls","HollowMod:SoulEater"],"picked":"SKIP","floor":14.0},{"not_picked":["HollowMod:SoulMaster","HollowMod:HerrahsAnger"],"picked":"HollowMod:ZotesMagnificence","floor":16.0},{"not_picked":["HollowMod:MawleksShell","HollowMod:DoubleDash","HollowMod:NewJinnsSoul"],"picked":"SKIP","floor":18.0},{"not_picked":["HollowMod:TaintedHusks","HollowMod:MonarchWings+1","HollowMod:InfectedCysts"],"picked":"SKIP","floor":19.0},{"not_picked":["HollowMod:DoubleDash+1","HollowMod:NewLittleFool","HollowMod:BrokenVessel"],"picked":"SKIP","floor":21.0},{"not_picked":["HollowMod:InfectedAttack+1","HollowMod:TaintedHusks+1","HollowMod:SoulSplash"],"picked":"SKIP","floor":22.0},{"not_picked":["HollowMod:ShapeofUnn","HollowMod:CoiledNail"],"picked":"HollowMod:RecoilStrike+1","floor":25.0},{"not_picked":["HollowMod:DashSlash","HollowMod:InfectedCysts"],"picked":"HollowMod:LifebloodCore","floor":27.0},{"not_picked":["HollowMod:DashSlash+1","HollowMod:DescendingDark","HollowMod:DreamGate"],"picked":"SKIP","floor":28.0},{"not_picked":["HollowMod:SoulStrike+1","HollowMod:MawleksShell","HollowMod:DoubleDash"],"picked":"SKIP","floor":29.0},{"not_picked":["HollowMod:DungDefenderAura+1","HollowMod:MawleksShell"],"picked":"HollowMod:PerfectDash+1","floor":31.0},{"not_picked":["HollowMod:LifebloodCocoon","HollowMod:DoubleDash","HollowMod:CycloneSlash+1"],"picked":"SKIP","floor":35.0},{"not_picked":["HollowMod:SoulSplash","HollowMod:LuriensSpire","HollowMod:HeavyBlow"],"picked":"SKIP","floor":36.0},{"not_picked":["HollowMod:ChannelNail+1","HollowMod:SoulStrike","HollowMod:NewLittleFool+1"],"picked":"SKIP","floor":39.0},{"not_picked":["HollowMod:HornetsHelp","HollowMod:InfectedCysts+1","HollowMod:SoulEater+1"],"picked":"SKIP","floor":40.0},{"not_picked":["HollowMod:CornifersMapStart","HollowMod:HeavyBlow+1"],"picked":"HollowMod:GrimmsGift","floor":41.0},{"not_picked":["HollowMod:ChannelNail","HollowMod:VengefulSpirit","HollowMod:SharpenedNail+1"],"picked":"SKIP","floor":45.0},{"not_picked":["HollowMod:FallenFury+1","HollowMod:SoulVessel+1"],"picked":"HollowMod:LifebloodCocoon+1","floor":46.0},{"not_picked":["HollowMod:AbyssShriek+1","HollowMod:Grubsong","HollowMod:TaintedHusks"],"picked":"SKIP","floor":48.0},{"not_picked":["HollowMod:NewJinnsSoul+1","HollowMod:VengefulSpirit","HollowMod:SharpenedNail+1"],"picked":"SKIP","floor":55.0}],"player_experience":443845,"relics_obtained":[{"floor":6.0,"key":"Orichalcum"},{"floor":8.0,"key":"PageOfSpiderBud"},{"floor":10.0,"key":"ReplayTheSpireMod:Ring of Addiction"},{"floor":10.0,"key":"hubris:EmptyBottle"},{"floor":10.0,"key":"White Beast Statue"},{"floor":11.0,"key":"PageOfFairyFestival"},{"floor":14.0,"key":"potionbrewer:WarMedal"},{"floor":25.0,"key":"jedi:arcanewood"},{"floor":26.0,"key":"Tiny Chest"},{"floor":28.0,"key":"Bottled Lightning"},{"floor":31.0,"key":"HollowMod:MillibellesNoteRelic"},{"floor":40.0,"key":"Simple Rune"},{"floor":42.0,"key":"Mercury Hourglass"},{"floor":43.0,"key":"Golden Egg"},{"floor":45.0,"key":"Runesmith:AutoHammer"},{"floor":48.0,"key":"Kunai"},{"floor":55.0,"key":"Blood Vial"}],"event_choices":[{"damage_healed":0.0,"max_hp_gain":0.0,"max_hp_loss":0.0,"gold_gain":0.0,"cards_transformed":["HollowMod:NailStrikeStart"],"event_name":"Transmorgrifier","player_choice":"Transformed","floor":20.0,"gold_loss":0.0,"damage_taken":0.0,"cards_obtained":["HollowMod:Weaversong"]},{"cards_removed":["HollowMod:NailStrikeStart"],"damage_healed":0.0,"max_hp_gain":0.0,"max_hp_loss":0.0,"gold_gain":0.0,"event_name":"Designer","player_choice":"Upgrade and Remove","floor":24.0,"gold_loss":90.0,"damage_taken":0.0,"cards_upgraded":["HollowMod:QuickDashStart"]}],"is_beta":false,"boss_relics":[{"not_picked":["hubris:TerracottaHorce","Ring of Chaos"],"picked":"SacredBark"},{"not_picked":["jedi:battlestandard","jedi:paperlyon"],"picked":"Painkiller Herb"}],"items_purged_floors":[47],"is_endless":false,"potions_floor_spawned":[5,6,8,11,13,14,16,18,19,21,22,25,27,28,29,31,33,35,36,39,40,41,45,46,48,55],"ascension_level":1}}