{"host":"xdbac5uiks898er5","time":1614422096,"event":{"mods":["2.2 Compatiblity","BaseMod","Become a monster ???","Lobotomy","LobotomyExtend","Minty Spire (QoL Compilation)","Spire Arcade","StSLib","SuperFastMode","Unknown Chances"],"gold_per_floor":[279,299,312,326,326,353,353,353,425,385,419,438,464,484,484,484,484],"floor_reached":16,"language":"ENG","playtime":344,"items_purged":[],"score":149,"play_id":"ac05006a-071a-4609-8b77-eeabbaa31249","local_time":"20210227113456","is_ascension_mode":false,"campfire_choices":[{"data":"Uppercut","floor":7,"key":"SMITH"},{"data":"Inflame","floor":15,"key":"SMITH"}],"circlet_count":0,"master_deck":["Strike_R","Strike_R","Strike_R","Defend_R","Inflame+1","Uppercut+1","Seeing Red","Heavy Blade","Reaper"],"relics":["Burning Blood","CogitoBucket","LetterFromLob","CaptainsWheel","Letter Opener","Unceasing Top","Lantern"],"acts_visited":["Exordium"],"potions_floor_usage":[6,8,11,11,11,16],"damage_taken":[{"damage":6,"enemies":"Cultist","floor":1,"turns":3},{"damage":6,"enemies":"Small Slimes","floor":2,"turns":5},{"damage":12,"enemies":"2 Louse","floor":3,"turns":3},{"damage":42,"enemies":"Exordium Thugs","floor":4,"turns":6},{"damage":36,"enemies":"Lagavulin","floor":6,"turns":6},{"damage":0,"enemies":"Large Slime","floor":8,"turns":1},{"damage":18,"enemies":"3 Sentries","floor":11,"turns":3},{"damage":8,"enemies":"Exordium Wildlife","floor":12,"turns":4},{"damage":0,"enemies":"Lagavulin","floor":13,"turns":4},{"damage":20,"enemies":"Exordium Thugs","floor":14,"turns":5},{"damage":26,"enemies":"Hexaghost","floor":16,"turns":7}],"seed_played":"1730957637196318412","potions_obtained":[{"floor":3,"key":"ColorlessPotion"},{"floor":6,"key":"SmokeBomb"},{"floor":10,"key":"LiquidMemories"},{"floor":10,"key":"Explosive Potion"},{"floor":10,"key":"CultistPotion"},{"floor":14,"key":"GamblersBrew"}],"is_trial":false,"path_per_floor":["M","M","M","M","?","E","R","M","T","?","E","M","E","M","R","B"],"character_chosen":"IRONCLAD","items_purchased":[],"campfire_rested":0,"item_purchase_floors":[],"current_hp_per_floor":[80,80,74,38,58,28,28,34,34,34,22,20,26,20,20,0,0],"gold":484,"neow_bonus":"","is_daily":false,"chose_seed":false,"campfire_upgraded":2,"win_rate":0.0,"timestamp":1614422096,"path_taken":["M","?","M","M","?","E","R","M","T","?","E","M","E","M","R","BOSS"],"items_purchased_type":[],"build_version":"2020-12-22","purchased_purges":0,"victory":false,"max_hp_per_floor":[80,80,80,80,80,80,80,80,80,80,80,80,80,80,80,80,80],"card_choices":[{"not_picked":["BeautyBeast","FieryBird"],"picked":"CherryBlossoms","floor":1},{"not_picked":["Perfected Strike","Metallicize","Anger"],"picked":"SKIP","floor":1},{"not_picked":["OldLady","BeautyBeast"],"picked":"BigBadWolf","floor":2},{"not_picked":["Intimidate","Headbutt","Armaments"],"picked":"SKIP","floor":2},{"not_picked":["Clash","Dark Embrace"],"picked":"Inflame","floor":3},{"not_picked":["Clash","Anger","Bludgeon"],"picked":"SKIP","floor":4},{"not_picked":["Warcry","Sever Soul"],"picked":"Uppercut","floor":6},{"not_picked":["Flex","Flame Barrier"],"picked":"Seeing Red","floor":11},{"not_picked":["Cleave","Sword Boomerang"],"picked":"Heavy Blade","floor":12},{"not_picked":["Flame Barrier","Armaments"],"picked":"Reaper","floor":13},{"not_picked":["Burning Pact","Cleave","Metallicize"],"picked":"SKIP","floor":14}],"player_experience":6305,"relics_obtained":[{"floor":1,"key":"LetterFromLob"},{"floor":6,"key":"CaptainsWheel"},{"floor":9,"key":"Letter Opener"},{"floor":11,"key":"Unceasing Top"},{"floor":13,"key":"Lantern"}],"event_choices":[{"damage_healed":0,"gold_gain":0,"player_choice":"Bought 3 Potions","damage_taken":0,"max_hp_gain":0,"max_hp_loss":0,"event_name":"The Woman in Blue","floor":10,"gold_loss":0}],"is_beta":false,"boss_relics":[],"items_purged_floors":[],"is_endless":false,"potions_floor_spawned":[3,6,8,14],"killed_by":"Hexaghost","ascension_level":0}}