{"host":"359hz4210ybch7ku","time":1614443775,"event":{"mods":["BaseMod","Block Reminder","Colored Map","Colored Powertips","Highlight Path","Minty Spire (QoL Compilation)","Slay the Relics Exporter","StSLib"],"gold_per_floor":[111,111,286,361,331,331,347,382,382,417,417,11,21,40,40,40,40],"floor_reached":16,"language":"ENG","playtime":664,"items_purged":["Doubt"],"score":145,"play_id":"4ec35e4d-21c9-45bb-b6f8-a4e0ddbf0558","local_time":"20210227083615","is_ascension_mode":true,"campfire_choices":[{"data":"Conserve Battery","floor":6,"key":"SMITH"},{"data":"Coolheaded","floor":15,"key":"SMITH"}],"circlet_count":0,"master_deck":["Strike_B","Strike_B","Strike_B","Strike_B","Defend_B","Defend_B","Defend_B","Defend_B","Zap","Dualcast","Conserve Battery+1","Coolheaded+1","Double Energy","Scrape","Defragment","Scrape","Rebound"],"relics":["Cracked Core","NeowsBlessing","Ginger","Mummified Hand","HornCleat","Vajra","Spirit Poop","Ornamental Fan"],"acts_visited":["Exordium"],"potions_floor_usage":[10,10,10,10,14,16],"damage_taken":[{"damage":0,"enemies":"Jaw Worm","floor":1,"turns":1},{"damage":0,"enemies":"Small Slimes","floor":7,"turns":1},{"damage":0,"enemies":"3 Sentries","floor":8,"turns":1},{"damage":10,"enemies":"Lagavulin","floor":10,"turns":10},{"damage":0,"enemies":"2 Louse","floor":13,"turns":2},{"damage":5,"enemies":"Large Slime","floor":14,"turns":5},{"damage":51,"enemies":"Hexaghost","floor":16,"turns":18}],"seed_played":"-5402969070999037599","potions_obtained":[{"floor":1,"key":"Swift Potion"},{"floor":5,"key":"Weak Potion"},{"floor":5,"key":"EntropicBrew"}],"is_trial":false,"path_per_floor":["M","?","?","?","?","R","M","E","T","E","?","$","M","M","R","B"],"character_chosen":"DEFECT","items_purchased":["Defragment","Ornamental Fan"],"campfire_rested":0,"item_purchase_floors":[12,12],"current_hp_per_floor":[75,75,75,64,64,64,64,64,64,54,54,54,54,49,49,0,0],"gold":40,"neow_bonus":"THREE_ENEMY_KILL","is_daily":false,"chose_seed":false,"campfire_upgraded":2,"win_rate":0.0,"timestamp":1614443775,"path_taken":["M","?","?","?","?","R","?","E","T","E","?","$","M","M","R","BOSS"],"items_purchased_type":["Card","Relic"],"build_version":"2020-12-22","purchased_purges":1,"victory":false,"max_hp_per_floor":[75,75,75,75,75,75,75,75,75,75,75,75,75,75,75,75,75],"card_choices":[{"not_picked":["BootSequence","Barrage"],"picked":"Conserve Battery","floor":1},{"not_picked":["Reinforced Body","Compile Driver"],"picked":"Coolheaded","floor":7},{"not_picked":["Stack","Barrage"],"picked":"Double Energy","floor":8},{"not_picked":["Rip and Tear","Ball Lightning"],"picked":"Scrape","floor":10},{"not_picked":["Double Energy","Cold Snap"],"picked":"Scrape","floor":13},{"not_picked":["Cold Snap","Ball Lightning"],"picked":"Rebound","floor":14}],"player_experience":376210,"relics_obtained":[{"floor":8,"key":"Mummified Hand"},{"floor":9,"key":"HornCleat"},{"floor":10,"key":"Vajra"}],"event_choices":[{"damage_healed":0,"gold_gain":0,"player_choice":"Box","damage_taken":0,"relics_obtained":["Ginger"],"max_hp_gain":0,"max_hp_loss":0,"event_name":"Big Fish","floor":2,"gold_loss":0,"cards_obtained":["Regret"]},{"damage_healed":0,"gold_gain":175,"player_choice":"AGREE","damage_taken":0,"max_hp_gain":0,"max_hp_loss":0,"event_name":"Liars Game","floor":3,"gold_loss":0,"cards_obtained":["Doubt"]},{"damage_healed":0,"gold_gain":75,"player_choice":"Gather Gold","damage_taken":11,"max_hp_gain":0,"max_hp_loss":0,"event_name":"World of Goop","floor":4,"gold_loss":0},{"damage_healed":0,"gold_gain":0,"player_choice":"Bought 2 Potions","damage_taken":0,"max_hp_gain":0,"max_hp_loss":0,"event_name":"The Woman in Blue","floor":5,"gold_loss":0},{"cards_removed":["Regret"],"damage_healed":0,"gold_gain":0,"player_choice":"Offered Curse","damage_taken":0,"relics_obtained":["Spirit Poop"],"max_hp_gain":0,"max_hp_loss":0,"event_name":"Bonfire Elementals","floor":11,"gold_loss":0}],"is_beta":false,"boss_relics":[],"items_purged_floors":[12],"is_endless":false,"potions_floor_spawned":[1,8],"killed_by":"Hexaghost","ascension_level":2}}