{"host":"ur8591ivwt16uwtw","time":1614433514,"event":{"mods":["BaseMod","Hubris","Minty Spire (QoL Compilation)","Rare Cards Sparkle","Replay The Spire","StSLib","The Disciple","The Necromancer","The Runesmith","The Servant 0.9.4"],"gold_per_floor":[111,123,135,150,150,179,179,179,179,189,207,207,240,258,258,360,360,370,380,149,169,188,188,218,218,295,295,330,430,430,430,430,527,527,538,538,538,175,175,175,201,247,273,283,283,300,300,313,313,313],"floor_reached":51,"language":"ENG","playtime":2358,"items_purged":["Strike_W","Strike_W"],"score":965,"play_id":"aa9001c2-4361-4b29-9199-c65775b83f49","local_time":"20210227144514","is_ascension_mode":true,"campfire_choices":[{"data":"Vampiric_Strike","floor":8.0,"key":"SMITH"},{"data":"Blood_Whip","floor":12.0,"key":"SMITH"},{"data":"Uncharnel","floor":15.0,"key":"SMITH"},{"data":"Necromantic_Selection","floor":23.0,"key":"SMITH"},{"data":"Blood_for_Blood","floor":25.0,"key":"SMITH"},{"data":"Corrupt","floor":27.0,"key":"SMITH"},{"data":"Hellfire","floor":30.0,"key":"SMITH"},{"data":"Strike_from_Beyond","floor":40.0,"key":"SMITH"},{"data":"Uncharnel","floor":45.0,"key":"SMITH"},{"data":"Hellfire","floor":49,"key":"SMITH"}],"circlet_count":0,"master_deck":["Defend_W","Defend_W","Defend_W","Negative_Energy_Arrows","Bone_Wall","Blood_Whip+1","Bone_Armor","Vampiric_Strike+1","Strike_from_Beyond+1","Hellfire+1","Uncharnel+1","Corrupt+1","Vampiric_Strike+1","Necromantic_Selection+1","Blood_for_Blood+1","Bone_Prison","Hellfire+1","Violent_Necrosis+1","Summon_Death_Knight","Violent_Necrosis+1","Uncharnel+1"],"relics":["Vampire_Amulet","Calipers","Pear","PreservedInsect","hubris:VirtuousBlindfold","Sling","hubris:Zylophone","Question Card","Replay:Kaleidoscope","hubris:Spice","Replay:Bottled Snecko","hubris:Backtick","Membership Card","Thread and Needle","Runesmith:Nanobots","Toy Ornithopter","Durian"],"acts_visited":["Exordium","TheCity","TheBeyond"],"potions_floor_usage":[50],"damage_taken":[{"damage":2.0,"enemies":"Small Slimes","floor":1.0,"turns":4.0},{"damage":3.0,"enemies":"Cultist","floor":2.0,"turns":3.0},{"damage":4.0,"enemies":"Jaw Worm","floor":3.0,"turns":4.0},{"damage":3.0,"enemies":"Large Slime","floor":4.0,"turns":5.0},{"damage":43.0,"enemies":"Gremlin Nob","floor":6.0,"turns":5.0},{"damage":4.0,"enemies":"Exordium Wildlife","floor":10.0,"turns":4.0},{"damage":3.0,"enemies":"2 Fungi Beasts","floor":11.0,"turns":3.0},{"damage":21.0,"enemies":"Lagavulin","floor":13.0,"turns":6.0},{"damage":2.0,"enemies":"3 Louse","floor":14.0,"turns":2.0},{"damage":8.0,"enemies":"Slime Boss","floor":16.0,"turns":5.0},{"damage":18.0,"enemies":"3 Byrds","floor":18.0,"turns":3.0},{"damage":0.0,"enemies":"Spheric Guardian","floor":19.0,"turns":3.0},{"damage":9.0,"enemies":"Shelled Parasite and Fungi","floor":21.0,"turns":4.0},{"damage":13.0,"enemies":"Snecko","floor":22.0,"turns":4.0},{"damage":24.0,"enemies":"Book of Stabbing","floor":24.0,"turns":3.0},{"damage":19.0,"enemies":"Slavers","floor":28.0,"turns":4.0},{"damage":25.0,"enemies":"Colosseum Slavers","floor":29.0,"turns":4.0},{"damage":30.0,"enemies":"Colosseum Nobs","floor":29.0,"turns":3.0},{"damage":76.0,"enemies":"hubris:MusketHawk","floor":33.0,"turns":8.0},{"damage":24.0,"enemies":"Orb Walker","floor":35.0,"turns":4.0},{"damage":0.0,"enemies":"3 Shapes","floor":37.0,"turns":1.0},{"damage":24.0,"enemies":"Giant Head","floor":41.0,"turns":6.0},{"damage":25.0,"enemies":"2 Orb Walkers","floor":42.0,"turns":5.0},{"damage":9.0,"enemies":"3 Darklings","floor":44.0,"turns":4.0},{"damage":22.0,"enemies":"Spire Growth","floor":46.0,"turns":5.0},{"damage":0,"enemies":"Maw","floor":48,"turns":4},{"damage":41,"enemies":"Time Eater","floor":50,"turns":7}],"seed_played":"-7108027862506830997","potions_obtained":[{"floor":2.0,"key":"AttackPotion"},{"floor":6.0,"key":"ColorlessPotion"},{"floor":13.0,"key":"SpeedPotion"},{"floor":14.0,"key":"Adrenaline Potion"},{"floor":18.0,"key":"EntropicBrew"},{"floor":22.0,"key":"Adrenaline Potion"},{"floor":24.0,"key":"Block Potion"},{"floor":29.0,"key":"Death Potion"},{"floor":35.0,"key":"SmokeBomb"},{"floor":44.0,"key":"Adrenaline Potion"}],"is_trial":false,"path_per_floor":["M","M","M","M","?","E","?","R","T","M","M","R","E","M","R","B",null,"M","M","$","M","M","R","E","R","T","R","E","?","R","?","R","B",null,"M","?","M","$","?","R","E","?","T","M","R","M","?","M","R","B",null],"character_chosen":"NECROMANCER","items_purchased":["Sling","Thread and Needle","Runesmith:Nanobots","Summon_Death_Knight"],"campfire_rested":0,"item_purchase_floors":[20,38,38,38],"current_hp_per_floor":[70,69,67,70,63,26,26,26,36,42,46,46,30,37,37,38,99,87,89,89,87,82,82,66,66,66,66,53,22,22,117,117,55,117,95,95,95,95,95,95,82,81,89,89,89,69,69,75,75,41],"gold":313,"neow_bonus":"TWENTY_PERCENT_HP_BONUS","is_daily":false,"chose_seed":false,"campfire_upgraded":10,"win_rate":0.0,"timestamp":1614433514,"path_taken":["M","M","M","M","?","E","?","R","T","M","M","R","E","M","R","BOSS","M","M","$","?","M","R","E","R","T","R","E","?","R","?","R","BOSS","M","?","M","$","?","R","E","?","T","M","R","?","?","M","R","BOSS"],"items_purchased_type":["Relic","Relic","Relic","Card"],"build_version":"2020-12-22","purchased_purges":2,"victory":true,"max_hp_per_floor":[89,89,89,89,89,89,89,89,99,99,99,99,99,99,99,99,99,99,99,99,99,99,99,99,99,99,99,99,107,107,117,117,117,117,117,117,117,117,117,117,117,122,130,122,122,122,122,122,122,122],"card_choices":[{"not_picked":["Consume_Illness","Finger_Of_Death"],"picked":"Blood_Whip","floor":1.0},{"not_picked":["Scare","Chill_Blood"],"picked":"Bone_Armor","floor":2.0},{"not_picked":["Summon_Lich","Bones_to_Steel"],"picked":"Blood_Wake","floor":3.0},{"not_picked":["Bone_Spikes","Negative_Energy_Mist"],"picked":"Vampiric_Strike","floor":4.0},{"not_picked":["Chill_Blood","Negative_Energy_Javelin"],"picked":"Strike_from_Beyond","floor":6.0},{"not_picked":["Plague_Bolt","Deaths_Shadow"],"picked":"Hellfire","floor":10.0},{"not_picked":["Death_Coil","Bone_Spikes","Consume_Illness"],"picked":"SKIP","floor":11.0},{"not_picked":["Epidemic","Negative_Energy_Mist"],"picked":"Uncharnel","floor":13.0},{"not_picked":["Bone_Bullets","Finger_Of_Death"],"picked":"Corrupt","floor":14.0},{"not_picked":["Scare","Flesh_Made_Foul","Bone_Shift"],"picked":"SKIP","floor":18.0},{"not_picked":["Bone_Shift","Finger_Of_Death"],"picked":"Vampiric_Strike+1","floor":19.0},{"not_picked":["Necrotic_Claws","Chill_Blood","Scare"],"picked":"SKIP","floor":21.0},{"not_picked":["Bones_to_Steel","Bone_Spikes"],"picked":"Necromantic_Selection","floor":22.0},{"not_picked":["Blood_Magic","Bone_Bullets"],"picked":"Blood_for_Blood","floor":24.0},{"not_picked":["Negative_Energy_Mist","Blood_for_Blood","Slay_Living","Negative_Energy_Sphere"],"picked":"SKIP","floor":28.0},{"not_picked":["Skeleton_Dragon","Requiem","Detonate_Bones"],"picked":"Hellfire","floor":33.0},{"not_picked":["Stop_Heart","Summon_Undead_Army+1","Epidemic+1"],"picked":"Violent_Necrosis+1","floor":35.0},{"not_picked":["Finger_Of_Death+1","Flesh_Made_Foul","Bone_Shift+1"],"picked":"Violent_Necrosis+1","floor":41.0},{"not_picked":["Chill_Blood+1","Blood_Curse","Reap_The_Weak"],"picked":"Uncharnel","floor":42.0},{"not_picked":["Bone_Armory","Consume_Illness+1","Negative_Energy_Shield+1"],"picked":"hubris:SpiceAddiction","floor":44.0},{"not_picked":["Bone_Shift+1","Blood_Curse+1","Vampiric_Strike","Flesh_Made_Foul+1"],"picked":"SKIP","floor":46.0},{"not_picked":["Death_March_Dance+1","Life_Tap+1","Bone_Bullets+1","Exploit+1"],"picked":"SKIP","floor":48}],"player_experience":2362890,"relics_obtained":[{"floor":6.0,"key":"Calipers"},{"floor":9.0,"key":"Pear"},{"floor":13.0,"key":"PreservedInsect"},{"floor":24.0,"key":"hubris:Zylophone"},{"floor":26.0,"key":"Question Card"},{"floor":28.0,"key":"Replay:Kaleidoscope"},{"floor":29.0,"key":"hubris:Spice"},{"floor":29.0,"key":"Replay:Bottled Snecko"},{"floor":41.0,"key":"Toy Ornithopter"},{"floor":42.0,"key":"Durian"},{"floor":43.0,"key":"hubris:Spice"}],"event_choices":[{"cards_removed":["Strike_W"],"damage_healed":0.0,"max_hp_gain":0.0,"max_hp_loss":0.0,"gold_gain":0.0,"event_name":"Golden Wing","player_choice":"Card Removal","floor":5.0,"gold_loss":0.0,"damage_taken":7.0},{"damage_healed":0.0,"max_hp_gain":0.0,"max_hp_loss":0.0,"gold_gain":0.0,"event_name":"The Woman in Blue","player_choice":"Bought 0 Potions","floor":7.0,"gold_loss":0.0,"damage_taken":0.0},{"damage_healed":0.0,"max_hp_gain":0.0,"max_hp_loss":0.0,"gold_gain":0.0,"event_name":"Colosseum","player_choice":"Fight","floor":29.0,"gold_loss":0.0,"damage_taken":0.0},{"damage_healed":0.0,"max_hp_gain":0.0,"max_hp_loss":0.0,"gold_gain":0.0,"event_name":"Colosseum","player_choice":"Fought Nobs","floor":29.0,"gold_loss":0.0,"damage_taken":0.0},{"cards_removed":["Blood_Wake"],"damage_healed":85.0,"max_hp_gain":10.0,"max_hp_loss":0.0,"gold_gain":0.0,"event_name":"Bonfire Elementals","player_choice":"Offered Rare","floor":31.0,"gold_loss":0.0,"damage_taken":0.0},{"cards_removed":["Defend_W"],"damage_healed":0.0,"max_hp_gain":0.0,"max_hp_loss":0.0,"gold_gain":0.0,"event_name":"Falling","player_choice":"Removed Skill","floor":36.0,"gold_loss":0.0,"damage_taken":0.0},{"damage_healed":0.0,"max_hp_gain":0.0,"max_hp_loss":0.0,"gold_gain":0.0,"event_name":"Mysterious Sphere","player_choice":"Fight","floor":42.0,"gold_loss":0.0,"damage_taken":0.0},{"damage_healed":0.0,"max_hp_gain":0.0,"max_hp_loss":0.0,"gold_gain":0.0,"event_name":"Tomb of Lord Red Mask","player_choice":"Ignored","floor":47.0,"gold_loss":0.0,"damage_taken":0.0}],"is_beta":false,"boss_relics":[{"not_picked":["Busted Crown","Philosopher\u0027s Stone"],"picked":"hubris:VirtuousBlindfold"},{"not_picked":["Abe\u0027s Treasure","Runic Dome"],"picked":"hubris:Backtick"}],"items_purged_floors":[20,38],"is_endless":false,"potions_floor_spawned":[2,6,13,14,18,22,24,29,35,44],"ascension_level":3}}