{"host":"9gxprskaw0c5jpbt","time":1614395421,"event":{"mods":["AchievementEnabler","BaseMod","Colored Map","Highlight Path","KOR Keyword Fix","Minty Spire (QoL Compilation)","Rare Cards Sparkle","StSLib","SuperFastMode","everything is the same but u backflip on backflip"],"gold_per_floor":[110,23,34,9,9,40,40,53,53,71,91,107,123,137,137,137,137],"floor_reached":16,"language":"KOR","playtime":264,"items_purged":[],"score":249,"play_id":"d72aca0f-6f10-45bd-9207-22795f52c5f1","local_time":"20210227121021","is_ascension_mode":true,"campfire_choices":[{"data":"Zap","floor":7,"key":"SMITH"},{"floor":15,"key":"REST"}],"circlet_count":0,"master_deck":["AscendersBane","Strike_B","Strike_B","Strike_B","Strike_B","Defend_B","Defend_B","Defend_B","Defend_B","Zap+1","Dualcast","Sweeping Beam","Capacitor","Electrodynamics","Rebound","Regret","Coolheaded","White Noise","Stack","BootSequence","Turbo","Amplify","Cold Snap"],"relics":["Cracked Core","NeowsBlessing","Centennial Puzzle","Tiny Chest","Symbiotic Virus"],"acts_visited":["Exordium"],"potions_floor_usage":[11,16,16],"damage_taken":[{"damage":0,"enemies":"Jaw Worm","floor":1,"turns":1},{"damage":0,"enemies":"2 Louse","floor":3,"turns":1},{"damage":0,"enemies":"Lagavulin","floor":6,"turns":1},{"damage":9,"enemies":"Small Slimes","floor":8,"turns":3},{"damage":24,"enemies":"Red Slaver","floor":10,"turns":3},{"damage":20,"enemies":"Blue Slaver","floor":11,"turns":3},{"damage":0,"enemies":"2 Fungi Beasts","floor":12,"turns":2},{"damage":0,"enemies":"Looter","floor":13,"turns":3},{"damage":14,"enemies":"Large Slime","floor":14,"turns":3},{"damage":22,"enemies":"The Guardian","floor":16,"turns":6}],"seed_played":"-4723238917780554156","potions_obtained":[{"floor":1,"key":"Regen Potion"},{"floor":3,"key":"FearPotion"},{"floor":11,"key":"ColorlessPotion"},{"floor":14,"key":"BlessingOfTheForge"}],"is_trial":false,"path_per_floor":["M","$","M","$","?","E","R","M","T","M","M","M","M","M","R","B"],"character_chosen":"DEFECT","items_purchased":["Capacitor","Rebound"],"campfire_rested":1,"item_purchase_floors":[2,4],"current_hp_per_floor":[64,64,64,64,64,64,64,55,55,31,16,16,16,2,23,1,1],"gold":137,"neow_bonus":"THREE_ENEMY_KILL","is_daily":false,"chose_seed":false,"campfire_upgraded":1,"win_rate":0.0,"timestamp":1614395421,"path_taken":["M","$","M","$","?","E","R","M","T","M","M","M","M","M","R","BOSS"],"items_purchased_type":["Card","Card"],"build_version":"2020-12-22","purchased_purges":0,"victory":false,"max_hp_per_floor":[71,71,71,71,71,71,71,71,71,71,71,71,71,71,71,71,71],"card_choices":[{"not_picked":["BootSequence","Rebound"],"picked":"Sweeping Beam","floor":1},{"not_picked":["Turbo","Double Energy"],"picked":"Electrodynamics","floor":3},{"not_picked":["Sweeping Beam","Aggregate"],"picked":"Coolheaded","floor":6},{"not_picked":["Coolheaded","Streamline"],"picked":"White Noise","floor":8},{"not_picked":["Ball Lightning","Tempest"],"picked":"Stack","floor":10},{"not_picked":["Ball Lightning","Rebound"],"picked":"BootSequence","floor":11},{"not_picked":["Beam Cell","Undo"],"picked":"Turbo","floor":12},{"not_picked":["Coolheaded","Streamline"],"picked":"Amplify","floor":13},{"not_picked":["Static Discharge","Steam"],"picked":"Cold Snap","floor":14}],"player_experience":1007943,"relics_obtained":[{"floor":6,"key":"Tiny Chest"},{"floor":9,"key":"Symbiotic Virus"}],"event_choices":[{"damage_healed":0,"gold_gain":0,"player_choice":"Box","damage_taken":0,"relics_obtained":["Centennial Puzzle"],"max_hp_gain":0,"max_hp_loss":0,"event_name":"Big Fish","floor":5,"gold_loss":0,"cards_obtained":["Regret"]}],"is_beta":false,"boss_relics":[],"items_purged_floors":[],"is_endless":false,"potions_floor_spawned":[1,3,11,14],"killed_by":"The Guardian","ascension_level":18}}