{"host":"3sqvgza1l4ip9ny1","time":1614391761,"event":{"mods":["BaseMod","Minty Spire (QoL Compilation)"],"gold_per_floor":[115,215,225,243,42,42,75,91,118,152,181,181,210,230,230,334,334,334,334,334,334,334,334,334,334,334,334,334,334,334,334,334,334,334,334,334,334,334,334,334,334,12,12,12,12,12,12,12,12,12,12,12,12,12,12,12],"floor_reached":55,"language":"ENG","playtime":3581,"items_purged":[],"score":983,"play_id":"2c5eae54-273a-46d4-9874-a099a2d37392","local_time":"20210227020921","is_ascension_mode":true,"campfire_choices":[{"data":"Fusion","floor":6,"key":"SMITH"},{"data":"Hologram","floor":12,"key":"SMITH"},{"data":"Seek","floor":15,"key":"SMITH"},{"floor":32,"key":"REST"},{"floor":40,"key":"REST"},{"floor":44,"key":"RECALL"},{"data":"Aggregate","floor":49,"key":"PURGE"},{"data":"Dualcast","floor":52,"key":"PURGE"}],"circlet_count":0,"master_deck":["Strike_B","Strike_B","Strike_B","Defend_B","Defend_B","Defend_B","Defend_B","Zap","Gash","Beam Cell","Gash","All For One","Fusion+1","Go for the Eyes","Loop","Seek+1","Hologram+1","FTL","Beam Cell","Reboot+1","Reinforced Body","Beam Cell","Hologram+1","Gash","Hologram","Buffer","Reprogram+1","Rebound","Go for the Eyes","Seek+1","Scrape","Self Repair","Writhe"],"relics":["Cracked Core","NeowsBlessing","Boot","Blood Vial","MealTicket","Odd Mushroom","DataDisk","Ectoplasm","Potion Belt","Red Mask","Cables","Bottled Flame","The Courier","Busted Crown","Gambling Chip","War Paint","Pantograph","Bronze Scales","Peace Pipe","Lizard Tail"],"acts_visited":["Exordium","TheCity","TheBeyond","TheEnding"],"potions_floor_usage":[7,16,16,16,23,23,24,24,27,28,28,28,31,33,33,45,47,50,50,55,55],"damage_taken":[{"damage":0,"enemies":"Small Slimes","floor":1,"turns":1},{"damage":0,"enemies":"Cultist","floor":3,"turns":1},{"damage":0,"enemies":"2 Louse","floor":4,"turns":1},{"damage":19,"enemies":"3 Sentries","floor":7,"turns":5},{"damage":3,"enemies":"Large Slime","floor":8,"turns":3},{"damage":5,"enemies":"Lagavulin","floor":10,"turns":4},{"damage":11,"enemies":"The Mushroom Lair","floor":11,"turns":3},{"damage":10,"enemies":"3 Sentries","floor":13,"turns":4},{"damage":0,"enemies":"Red Slaver","floor":14,"turns":2},{"damage":39,"enemies":"The Guardian","floor":16,"turns":7},{"damage":3,"enemies":"3 Byrds","floor":18,"turns":3},{"damage":1,"enemies":"Spheric Guardian","floor":20,"turns":3},{"damage":7,"enemies":"Snecko","floor":21,"turns":4},{"damage":13,"enemies":"3 Cultists","floor":22,"turns":4},{"damage":5,"enemies":"Gremlin Leader","floor":23,"turns":2},{"damage":7,"enemies":"Masked Bandits","floor":24,"turns":3},{"damage":0,"enemies":"Book of Stabbing","floor":25,"turns":4},{"damage":6,"enemies":"Centurion and Healer","floor":27,"turns":4},{"damage":37,"enemies":"Slavers","floor":28,"turns":5},{"damage":8,"enemies":"Cultist and Chosen","floor":29,"turns":3},{"damage":1,"enemies":"Sentry and Sphere","floor":30,"turns":3},{"damage":8,"enemies":"Shelled Parasite and Fungi","floor":31,"turns":3},{"damage":11,"enemies":"Champ","floor":33,"turns":7},{"damage":46,"enemies":"3 Darklings","floor":35,"turns":5},{"damage":21,"enemies":"3 Shapes","floor":36,"turns":3},{"damage":9,"enemies":"Mind Bloom Boss Battle","floor":38,"turns":4},{"damage":0,"enemies":"Nemesis","floor":41,"turns":3},{"damage":0,"enemies":"Giant Head","floor":45,"turns":4},{"damage":10,"enemies":"2 Orb Walkers","floor":47,"turns":3},{"damage":52,"enemies":"Donu and Deca","floor":50,"turns":8},{"damage":6,"enemies":"Shield and Spear","floor":54,"turns":4},{"damage":140,"enemies":"The Heart","floor":55,"turns":6}],"seed_played":"-8030666489831826035","potions_obtained":[{"floor":1,"key":"Strength Potion"},{"floor":4,"key":"Dexterity Potion"},{"floor":7,"key":"Regen Potion"},{"floor":10,"key":"PotionOfCapacity"},{"floor":11,"key":"Block Potion"},{"floor":16,"key":"GamblersBrew"},{"floor":18,"key":"Ancient Potion"},{"floor":20,"key":"Block Potion"},{"floor":22,"key":"EntropicBrew"},{"floor":25,"key":"PowerPotion"},{"floor":29,"key":"Fire Potion"},{"floor":30,"key":"SteroidPotion"},{"floor":31,"key":"SteroidPotion"},{"floor":36,"key":"Fire Potion"},{"floor":38,"key":"GamblersBrew"},{"floor":41,"key":"GamblersBrew"},{"floor":54,"key":"PowerPotion"}],"is_trial":false,"path_per_floor":["M","?","M","M","$","R","E","M","T","E","?","R","E","M","R","B",null,"M","?","M","M","M","E","?","E","T","M","E","M","M","M","R","B",null,"M","M","?","?","?","R","E","$","T","R","E","?","?","$","R","B",null,"R","$","E","B"],"character_chosen":"DEFECT","items_purchased":["All For One","Fusion","Self Repair","Pantograph","LiquidMemories","BlessingOfTheForge"],"campfire_rested":2,"item_purchase_floors":[5,5,42,42,42,42],"current_hp_per_floor":[75,75,75,75,75,75,56,53,53,50,41,41,33,35,35,13,75,72,72,73,68,57,54,49,51,51,47,12,6,7,1,23,14,75,29,10,10,3,3,25,27,42,42,42,44,63,62,75,75,30,75,75,75,75,0,0],"gold":12,"neow_bonus":"THREE_ENEMY_KILL","is_daily":false,"chose_seed":false,"campfire_upgraded":3,"win_rate":0.0,"timestamp":1614391761,"path_taken":["M","?","?","M","?","R","E","M","T","E","?","R","E","M","R","BOSS","M","?","?","M","M","E","?","E","T","M","E","M","M","M","R","BOSS","M","M","?","?","?","R","E","?","T","R","E","?","?","?","R","BOSS","R","$","E","BOSS"],"items_purchased_type":["Card","Card","Card","Relic","Potion","Potion"],"build_version":"2020-12-22","purchased_purges":0,"victory":false,"max_hp_per_floor":[75,75,75,75,75,75,75,75,75,75,75,75,75,75,75,75,75,75,75,75,75,75,75,75,75,75,75,75,75,75,75,75,75,75,75,75,75,75,75,75,75,75,75,75,75,75,75,75,75,75,75,75,75,75,75,75],"card_choices":[{"not_picked":["Reprogram","FTL"],"picked":"Gash","floor":1},{"not_picked":["Stack","Consume"],"picked":"Beam Cell","floor":3},{"not_picked":["Coolheaded","Stack"],"picked":"Gash","floor":4},{"not_picked":["Loop","Leap"],"picked":"Go for the Eyes","floor":7},{"not_picked":["Sweeping Beam","Stack"],"picked":"Loop","floor":8},{"not_picked":["Compile Driver","Leap"],"picked":"Seek","floor":10},{"not_picked":["Heatsinks","Self Repair"],"picked":"Hologram","floor":11},{"not_picked":["Steam","White Noise"],"picked":"FTL","floor":13},{"not_picked":["Conserve Battery","Fusion"],"picked":"Beam Cell","floor":14},{"not_picked":["Machine Learning","Multi-Cast"],"picked":"Reboot","floor":16},{"not_picked":["Redo","Doom and Gloom"],"picked":"Reinforced Body","floor":18},{"not_picked":["Consume","Cold Snap"],"picked":"Beam Cell","floor":20},{"not_picked":["Auto Shields","Steam+1"],"picked":"Hologram+1","floor":21},{"not_picked":["White Noise+1","Storm+1"],"picked":"Gash","floor":22},{"not_picked":["Conserve Battery","Streamline"],"picked":"Hologram","floor":23},{"not_picked":["Cold Snap","Ball Lightning"],"picked":"Buffer","floor":24},{"not_picked":["Steam","Genetic Algorithm+1"],"picked":"Aggregate","floor":25},{"not_picked":["Turbo+1","Chaos","Redo"],"picked":"SKIP","floor":27},{"not_picked":["Melter","Thunder Strike"],"picked":"Reprogram","floor":28},{"not_picked":["Doom and Gloom","Redo","Sweeping Beam"],"picked":"SKIP","floor":29},{"not_picked":["Darkness","Ball Lightning+1"],"picked":"Rebound","floor":30},{"not_picked":["Capacitor","Hello World"],"picked":"Go for the Eyes","floor":31},{"not_picked":["Fission","Thunder Strike"],"picked":"Seek","floor":33},{"not_picked":["Cold Snap"],"picked":"SKIP","floor":35},{"not_picked":["Rip and Tear+1"],"picked":"SKIP","floor":36},{"not_picked":[],"picked":"Scrape","floor":41},{"not_picked":["Chaos+1"],"picked":"SKIP","floor":45},{"not_picked":["Barrage+1"],"picked":"SKIP","floor":54}],"player_experience":245581,"relics_obtained":[{"floor":7,"key":"Boot"},{"floor":9,"key":"Blood Vial"},{"floor":10,"key":"MealTicket"},{"floor":11,"key":"Odd Mushroom"},{"floor":13,"key":"DataDisk"},{"floor":23,"key":"Potion Belt"},{"floor":24,"key":"Red Mask"},{"floor":25,"key":"Cables"},{"floor":26,"key":"Bottled Flame"},{"floor":28,"key":"The Courier"},{"floor":38,"key":"Gambling Chip"},{"floor":41,"key":"War Paint"},{"floor":45,"key":"Bronze Scales"},{"floor":47,"key":"Peace Pipe"},{"floor":54,"key":"Lizard Tail"}],"event_choices":[{"damage_healed":0,"gold_gain":100,"player_choice":"Pray","damage_taken":0,"max_hp_gain":0,"max_hp_loss":0,"event_name":"Golden Shrine","floor":2,"gold_loss":0},{"damage_healed":0,"gold_gain":0,"player_choice":"Fought Mushrooms","damage_taken":0,"max_hp_gain":0,"max_hp_loss":0,"event_name":"Mushrooms","floor":11,"gold_loss":0},{"damage_healed":0,"gold_gain":0,"player_choice":"Forge","damage_taken":0,"max_hp_gain":0,"max_hp_loss":0,"event_name":"Accursed Blacksmith","floor":19,"gold_loss":0,"cards_upgraded":["Reboot"]},{"damage_healed":0,"gold_gain":0,"player_choice":"Fought Bandits","damage_taken":0,"max_hp_gain":0,"max_hp_loss":0,"event_name":"Masked Bandits","floor":24,"gold_loss":0},{"cards_removed":["Strike_B"],"damage_healed":0,"gold_gain":0,"player_choice":"Removed Attack","damage_taken":0,"max_hp_gain":0,"max_hp_loss":0,"event_name":"Falling","floor":37,"gold_loss":0},{"damage_healed":0,"gold_gain":0,"player_choice":"Fight","damage_taken":0,"max_hp_gain":0,"max_hp_loss":0,"event_name":"MindBloom","floor":38,"gold_loss":0},{"damage_healed":0,"gold_gain":222,"player_choice":"Wore Mask","damage_taken":0,"max_hp_gain":0,"max_hp_loss":0,"event_name":"Tomb of Lord Red Mask","floor":39,"gold_loss":0},{"damage_healed":19,"gold_gain":0,"player_choice":"Writhe","damage_taken":0,"max_hp_gain":0,"max_hp_loss":0,"event_name":"Winding Halls","floor":46,"gold_loss":0,"cards_obtained":["Writhe"]},{"damage_healed":0,"gold_gain":0,"player_choice":"Fight","damage_taken":0,"max_hp_gain":0,"max_hp_loss":0,"event_name":"Mysterious Sphere","floor":47,"gold_loss":0}],"is_beta":false,"boss_relics":[{"not_picked":["Pandora\u0027s Box","SacredBark"],"picked":"Ectoplasm"},{"not_picked":["Runic Pyramid","Runic Dome"],"picked":"Busted Crown"}],"items_purged_floors":[],"is_endless":false,"potions_floor_spawned":[1,4,7,10,11,16,18,20,22,25,29,30,31,36,38,41,54],"killed_by":"The Heart","ascension_level":3}}