{"host":"konjmgczbcns2r3g","time":1614451104,"event":{"mods":["AchievementEnabler","BaseMod","Chen","Colored Powertips","Hermit","Infinite Spire","Koishi","Marisa????????","Minty Spire (QoL Compilation)","Replay The Spire","StSLib","The Cursed","The Gatherer","The Necromancer","The Servant 0.9.4"],"gold_per_floor":[111,211,224,84,99,109,109,109,109,122,122,132,163,174,174,274,274,291,291,304,319,338,366,385,420,490,503,503,533,533,564,564,564,564,564],"floor_reached":33,"language":"ENG","playtime":2654,"items_purged":[],"score":423,"play_id":"b7e44249-46ce-4ed4-bc5e-cb475a810c0b","local_time":"20210227133824","is_ascension_mode":true,"metric_token":977,"campfire_choices":[{"floor":7,"key":"RECALL"},{"floor":15,"key":"REST"},{"floor":28,"key":"REST"},{"floor":30,"key":"REST"},{"floor":32,"key":"REST"}],"circlet_count":0,"master_deck":["Gatherer:Strike_Gatherer","Gatherer:Strike_Gatherer","Gatherer:Strike_Gatherer","Gatherer:Strike_Gatherer","Gatherer:Strike_Gatherer","Gatherer:Defend_Gatherer","Gatherer:Defend_Gatherer+1","Gatherer:Defend_Gatherer","Gatherer:Defend_Gatherer","Gatherer:Defend_Gatherer","Gatherer:Centralize","Gatherer:FlowerWhip+1","Gatherer:RottenStipe","Gatherer:VenomBarrier+1","Gatherer:Misfortune","Gatherer:EnergyBasket","Gatherer:PotentialSlash","Gatherer:FruitForce","Gatherer:FlowerShield","Gatherer:FragileHammer+1","Gatherer:LuckyClover","Gatherer:GlowingPlant","Gatherer:Shadow","Gatherer:Light+1","Gatherer:HeartToFruit","Gatherer:Misfortune+1","Gatherer:RecipeChange","Gatherer:PotentialSlash","Gatherer:WoolGloves+1","Gatherer:GlowingPlant+1","Gatherer:Shadow","Gatherer:Light+1","Gatherer:SealedBomb","Gatherer:Uplift","Gatherer:Duplicator+1","Pot Of Greed+1","Pot Of Greed+1","Pot Of Greed+1","Gatherer:Liquidism","Pot Of Greed+1","Gatherer:BigPouch+1"],"relics":["Gatherer:AlchemyBag","Gremlin Food","Bag of Preparation","Mercury Hourglass","Busted Crown","Toxic Egg 2","Incense Burner","Grinning Jar","Darkstone Periapt"],"acts_visited":["Exordium","TheCity"],"potions_floor_usage":[12,13,23,25,33,33,33],"damage_taken":[{"damage":1,"enemies":"Cultist","floor":1,"turns":4},{"damage":3,"enemies":"Jaw Worm","floor":3,"turns":3},{"damage":0,"enemies":"Small Slimes","floor":5,"turns":3},{"damage":7,"enemies":"Gremlin Gang","floor":6,"turns":4},{"damage":0,"enemies":"Red Slaver","floor":10,"turns":3},{"damage":0,"enemies":"Blue Slaver","floor":12,"turns":2},{"damage":37,"enemies":"Lagavulin","floor":13,"turns":8},{"damage":0,"enemies":"2 Fungi Beasts","floor":14,"turns":2},{"damage":27,"enemies":"Slime Boss","floor":16,"turns":11},{"damage":12,"enemies":"2 Thieves","floor":18,"turns":4},{"damage":2,"enemies":"Chosen","floor":20,"turns":2},{"damage":5,"enemies":"Centurion and Healer","floor":21,"turns":6},{"damage":17,"enemies":"Chosen and Byrds","floor":22,"turns":6},{"damage":26,"enemies":"Slavers","floor":23,"turns":7},{"damage":3,"enemies":"Snake Plant","floor":24,"turns":2},{"damage":1,"enemies":"Replay:Snechameleon","floor":25,"turns":3},{"damage":0,"enemies":"Centurion and Healer","floor":27,"turns":5},{"damage":22,"enemies":"Book of Stabbing","floor":29,"turns":5},{"damage":5,"enemies":"Replay:Snechameleon","floor":31,"turns":4},{"damage":102,"enemies":"Automaton","floor":33,"turns":8}],"seed_played":"4038234718254973072","potions_obtained":[{"floor":1,"key":"SmokeBomb"},{"floor":6,"key":"FearPotion"},{"floor":10,"key":"Regen Potion"},{"floor":16,"key":"BloodPotion"},{"floor":22,"key":"Adrenaline Potion"},{"floor":24,"key":"FearPotion"},{"floor":27,"key":"Elixir"},{"floor":29,"key":"Milkshake"},{"floor":31,"key":"SkillPotion"}],"is_trial":false,"path_per_floor":["M","?","M","$","M","M","R","?","T","M","?","M","E","M","R","B",null,"M","?","M","M","M","E","M","E","T","M","R","E","R","E","R","B"],"character_chosen":"THE_GATHERER","items_purchased":["Gatherer:Misfortune","Gatherer:EnergyBasket","Gatherer:PotentialSlash"],"campfire_rested":4,"item_purchase_floors":[4,4,4],"current_hp_per_floor":[71,71,68,68,72,65,65,70,70,70,81,81,53,53,77,50,81,69,69,71,66,49,23,20,22,22,22,48,29,56,51,78,0,0,0],"gold":564,"neow_bonus":"RANDOM_COMMON_RELIC","is_daily":false,"chose_seed":false,"campfire_upgraded":0,"win_rate":0.0,"timestamp":1614451104,"path_taken":["M","?","M","?","M","M","R","?","T","M","?","M","E","?","R","BOSS","M","?","M","M","M","E","M","E","T","M","R","E","R","E","R","BOSS"],"items_purchased_type":["Card","Card","Card"],"build_version":"2020-12-22","purchased_purges":0,"victory":false,"max_hp_per_floor":[72,72,72,72,76,76,76,81,81,81,81,81,81,81,81,81,81,81,81,85,85,85,85,85,88,88,88,88,91,91,91,91,91,91,91],"card_choices":[{"not_picked":["Gatherer:TreeGrowth","Gatherer:Convert"],"picked":"Gatherer:RottenStipe","floor":1},{"not_picked":["Gatherer:ScrollOfWall","Gatherer:DrugPower"],"picked":"Gatherer:VenomBarrier","floor":3},{"not_picked":["Gatherer:Convert","Gatherer:FlowerFalling"],"picked":"Gatherer:FruitForce","floor":5},{"not_picked":["Gatherer:Duplicator","Gatherer:CollectorsShot"],"picked":"Gatherer:Nutrients","floor":6},{"not_picked":["Gatherer:SaveValuables","Gatherer:TreeGrowth"],"picked":"Gatherer:FlowerShield","floor":10},{"not_picked":["Gatherer:Frenzy","Gatherer:AromaProtection"],"picked":"Gatherer:FragileHammer","floor":12},{"not_picked":["Gatherer:Herbalism","Gatherer:Frenzy"],"picked":"Gatherer:LuckyClover","floor":13},{"not_picked":["Gatherer:SaveValuables","Gatherer:EchoOfNature"],"picked":"Gatherer:GlowingPlant","floor":14},{"not_picked":["Gatherer:Bulldoze","Gatherer:Examine"],"picked":"Gatherer:HeartToFruit","floor":16},{"not_picked":[],"picked":"Gatherer:Misfortune+1","floor":18},{"not_picked":[],"picked":"Gatherer:RecipeChange","floor":20},{"not_picked":[],"picked":"Gatherer:PotentialSlash","floor":21},{"not_picked":[],"picked":"Gatherer:WoolGloves+1","floor":22},{"not_picked":[],"picked":"Gatherer:GlowingPlant+1","floor":23},{"not_picked":[],"picked":"Gatherer:SealedBomb","floor":24},{"not_picked":[],"picked":"Gatherer:Uplift","floor":25},{"not_picked":[],"picked":"Gatherer:Duplicator+1","floor":27},{"not_picked":[],"picked":"Gatherer:Liquidism","floor":29},{"not_picked":[],"picked":"Gatherer:BigPouch+1","floor":31}],"player_experience":362924,"relics_obtained":[{"floor":9,"key":"Bag of Preparation"},{"floor":13,"key":"Mercury Hourglass"},{"floor":23,"key":"Toxic Egg 2"},{"floor":25,"key":"Incense Burner"},{"floor":29,"key":"Grinning Jar"},{"floor":31,"key":"Darkstone Periapt"}],"event_choices":[{"damage_healed":0,"gold_gain":100,"player_choice":"Pray","damage_taken":0,"max_hp_gain":0,"max_hp_loss":0,"event_name":"Golden Shrine","floor":2,"gold_loss":0},{"damage_healed":0,"gold_gain":0,"player_choice":"Donut","damage_taken":0,"max_hp_gain":5,"max_hp_loss":0,"event_name":"Big Fish","floor":8,"gold_loss":0},{"cards_removed":["Gatherer:Nutrients"],"damage_healed":11,"gold_gain":0,"player_choice":"Offered Uncommon","damage_taken":0,"max_hp_gain":0,"max_hp_loss":0,"event_name":"Bonfire Elementals","floor":11,"gold_loss":0},{"damage_healed":0,"gold_gain":0,"player_choice":"Ignored","damage_taken":0,"max_hp_gain":0,"max_hp_loss":0,"event_name":"Vampires","floor":19,"gold_loss":0}],"is_beta":false,"boss_relics":[{"not_picked":["Coffee Dripper","Pandora\u0027s Box"],"picked":"Busted Crown"}],"items_purged_floors":[],"is_endless":false,"potions_floor_spawned":[1,6,10,16,22,24,27,29,31],"killed_by":"Automaton","ascension_level":1}}