{"host":"nwyj08ts91jkyezn","time":1614430833,"event":{"mods":["AchievementEnabler","BaseMod","Colored Map","DeckTracker","Minty Spire (QoL Compilation)","Rare Cards Sparkle","StSLib","SuperFastMode","everything is the same but u backflip on backflip"],"gold_per_floor":[119,119,52,66,84,84,114,114,196,40,40,40],"floor_reached":11,"language":"KOR","playtime":291,"items_purged":[],"score":89,"play_id":"2661958d-d7c4-4caf-ac90-05d1e8d3530c","local_time":"20210227220033","is_ascension_mode":true,"campfire_choices":[{"data":"Creative AI","floor":6,"key":"SMITH"},{"data":"Dualcast","floor":8,"key":"SMITH"}],"circlet_count":0,"master_deck":["Strike_B","Strike_B","Strike_B","Defend_B","Defend_B","Defend_B","Defend_B","Zap","Dualcast+1","Creative AI+1","Double Energy","Doom and Gloom"],"relics":["Cracked Core","Oddly Smooth Stone","White Beast Statue","Medical Kit"],"acts_visited":["Exordium"],"potions_floor_usage":[5,7],"damage_taken":[{"damage":6,"enemies":"2 Louse","floor":1,"turns":2},{"damage":8,"enemies":"Cultist","floor":4,"turns":6},{"damage":6,"enemies":"Small Slimes","floor":5,"turns":4},{"damage":23,"enemies":"Gremlin Nob","floor":7,"turns":4},{"damage":34,"enemies":"3 Sentries","floor":11,"turns":4}],"seed_played":"-3377518045913751102","potions_obtained":[{"floor":1,"key":"Energy Potion"},{"floor":4,"key":"Fire Potion"}],"is_trial":false,"path_per_floor":["M","?","$","M","M","R","E","R","T","$","E"],"character_chosen":"DEFECT","items_purchased":["Doom and Gloom","Medical Kit"],"campfire_rested":0,"item_purchase_floors":[3,10],"current_hp_per_floor":[69,69,69,61,55,55,32,32,32,32,0,0],"gold":40,"neow_bonus":"ONE_RANDOM_RARE_CARD","is_daily":false,"chose_seed":false,"campfire_upgraded":2,"win_rate":0.0,"timestamp":1614430833,"path_taken":["M","?","$","M","?","R","E","R","T","$","E"],"items_purchased_type":["Card","Relic"],"build_version":"2020-12-22","purchased_purges":0,"victory":false,"max_hp_per_floor":[75,75,75,75,75,75,75,75,75,75,75,75],"card_choices":[{"not_picked":["Leap","Redo"],"picked":"Double Energy","floor":1},{"not_picked":["Conserve Battery","Cold Snap","Reprogram"],"picked":"SKIP","floor":4},{"not_picked":["Stack","Sweeping Beam","Barrage"],"picked":"SKIP","floor":5},{"not_picked":["Thunder Strike","Force Field","Turbo"],"picked":"SKIP","floor":7}],"player_experience":1072507,"relics_obtained":[{"floor":7,"key":"Oddly Smooth Stone"},{"floor":9,"key":"White Beast Statue"}],"event_choices":[{"cards_removed":["Strike_B"],"damage_healed":0,"gold_gain":0,"player_choice":"Offered Basic","damage_taken":0,"max_hp_gain":0,"max_hp_loss":0,"event_name":"Bonfire Elementals","floor":2,"gold_loss":0}],"is_beta":false,"boss_relics":[],"items_purged_floors":[],"is_endless":false,"potions_floor_spawned":[1,4],"killed_by":"3 Sentries","ascension_level":5}}