{"host":"vyjryxuuuxkt43k4","time":1614438640,"event":{"mods":["AchievementEnabler","BaseMod","Colored Map","DeckTracker","Keyboard Shortcuts","Minty Spire (QoL Compilation)","Permanent Neow","Quick Restart","StSLib","SuperFastMode","everything is the same but u backflip on backflip"],"gold_per_floor":[13,13,33,44,63,63,94,104,104,104,154,14,27,60,60,135,135,145,70,70,86,104,104,18,18,18,30,80,94,19,34,34,34,34],"floor_reached":33,"language":"KOR","playtime":1225,"items_purged":["Strike_R"],"score":568,"play_id":"80959420-176a-49b1-a7f4-0f5c46a17b86","local_time":"20210228001040","is_ascension_mode":true,"campfire_choices":[{"data":"Whirlwind","floor":6.0,"key":"SMITH"},{"data":"Body Slam","floor":10.0,"key":"SMITH"},{"data":"Battle Trance","floor":15.0,"key":"SMITH"},{"floor":23.0,"key":"REST"},{"data":"Feel No Pain","floor":25.0,"key":"SMITH"},{"floor":32.0,"key":"REST"}],"circlet_count":0,"master_deck":["AscendersBane","Strike_R","Strike_R","Strike_R","Defend_R","Defend_R","Defend_R","Defend_R+1","Bash","Combust","Whirlwind+1","Second Wind+1","Second Wind","Body Slam+1","Battle Trance+1","Impervious+1","True Grit+1","Power Through","Feel No Pain+1","Armaments"],"relics":["Burning Blood","Gambling Chip","Ancient Tea Set","Lantern","Art of War","Runic Pyramid","Tiny Chest","War Paint"],"acts_visited":["Exordium","TheCity"],"potions_floor_usage":[33],"damage_taken":[{"damage":7.0,"enemies":"Cultist","floor":1.0,"turns":4.0},{"damage":5.0,"enemies":"2 Louse","floor":3.0,"turns":3.0},{"damage":7.0,"enemies":"Jaw Worm","floor":4.0,"turns":4.0},{"damage":0.0,"enemies":"Lots of Slimes","floor":5.0,"turns":1.0},{"damage":22.0,"enemies":"Lagavulin","floor":7.0,"turns":4.0},{"damage":15.0,"enemies":"Red Slaver","floor":8.0,"turns":4.0},{"damage":0.0,"enemies":"Exordium Thugs","floor":13.0,"turns":1.0},{"damage":22.0,"enemies":"3 Sentries","floor":14.0,"turns":3.0},{"damage":30.0,"enemies":"Hexaghost","floor":16.0,"turns":6.0},{"damage":35.0,"enemies":"Shell Parasite","floor":18.0,"turns":6.0},{"damage":3.0,"enemies":"Spheric Guardian","floor":21.0,"turns":3.0},{"damage":17.0,"enemies":"Centurion and Healer","floor":22.0,"turns":5.0},{"damage":33.0,"enemies":"Shelled Parasite and Fungi","floor":27.0,"turns":7.0},{"damage":9.0,"enemies":"Cultist and Chosen","floor":29.0,"turns":9.0},{"damage":0.0,"enemies":"3 Cultists","floor":31.0,"turns":5.0},{"damage":43,"enemies":"Champ","floor":33,"turns":15}],"seed_played":"-8585969485892035165","potions_obtained":[{"floor":1.0,"key":"SpeedPotion"},{"floor":3.0,"key":"Energy Potion"},{"floor":5.0,"key":"SteroidPotion"},{"floor":13.0,"key":"DuplicationPotion"},{"floor":31.0,"key":"ColorlessPotion"}],"is_trial":false,"path_per_floor":["M","$","M","M","M","R","E","M","T","R","?","$","M","E","R","B",null,"M","?","?","M","M","R","$","R","T","M","T","M","$","M","R","B"],"character_chosen":"IRONCLAD","items_purchased":["DistilledChaos","Dexterity Potion","Feel No Pain"],"campfire_rested":2,"item_purchase_floors":[12,12,24],"current_hp_per_floor":[67,67,68,67,73,73,57,48,48,48,48,48,54,38,38,14,60,31,31,31,34,23,45,45,45,45,18,18,15,15,21,43,0,0],"gold":34,"neow_bonus":"ONE_RARE_RELIC","is_daily":false,"chose_seed":false,"campfire_upgraded":4,"win_rate":0.0,"timestamp":1614438640,"path_taken":["M","$","M","M","M","R","E","M","T","R","?","?","M","E","R","BOSS","M","?","?","M","?","R","?","R","T","?","?","M","$","M","R","BOSS"],"items_purchased_type":["Potion","Potion","Card"],"build_version":"2020-12-22","purchased_purges":1,"victory":false,"max_hp_per_floor":[75,75,75,75,75,75,75,75,75,75,75,75,75,75,75,75,75,75,75,75,75,75,75,75,75,75,75,75,75,75,75,75,75,75],"card_choices":[{"not_picked":["Clash","Heavy Blade"],"picked":"Combust","floor":1.0},{"not_picked":["Pommel Strike","Fire Breathing"],"picked":"Whirlwind","floor":3.0},{"not_picked":["Armaments","Wild Strike"],"picked":"Second Wind","floor":4.0},{"not_picked":["Thunderclap","Iron Wave","Dropkick"],"picked":"SKIP","floor":5.0},{"not_picked":["Rupture","Rage"],"picked":"Second Wind","floor":7.0},{"not_picked":["True Grit","Anger"],"picked":"Body Slam","floor":8.0},{"not_picked":["Sever Soul","Intimidate","Rampage"],"picked":"SKIP","floor":13.0},{"not_picked":["Cleave","Blood for Blood"],"picked":"Battle Trance","floor":14.0},{"not_picked":["Reaper","Feed"],"picked":"Impervious","floor":16.0},{"not_picked":["Heavy Blade","Thunderclap"],"picked":"True Grit+1","floor":18.0},{"not_picked":["Rupture+1","Cleave+1"],"picked":"Power Through","floor":21.0},{"not_picked":["Thunderclap","Dual Wield","Anger"],"picked":"SKIP","floor":22.0},{"not_picked":["Combust","Perfected Strike","Anger"],"picked":"SKIP","floor":27.0},{"not_picked":["Body Slam","Immolate"],"picked":"Armaments","floor":29.0},{"not_picked":["Metallicize","Heavy Blade","Pommel Strike"],"picked":"SKIP","floor":31.0}],"player_experience":1063712,"relics_obtained":[{"floor":7.0,"key":"Ancient Tea Set"},{"floor":9.0,"key":"Lantern"},{"floor":14.0,"key":"Art of War"},{"floor":26.0,"key":"Tiny Chest"},{"floor":28.0,"key":"War Paint"}],"event_choices":[{"damage_healed":0.0,"max_hp_gain":0.0,"max_hp_loss":0.0,"gold_gain":50.0,"event_name":"Golden Shrine","player_choice":"Pray","floor":11.0,"gold_loss":0.0,"damage_taken":0.0},{"cards_removed":["Strike_R"],"damage_healed":0.0,"max_hp_gain":0.0,"max_hp_loss":0.0,"gold_gain":0.0,"event_name":"Beggar","player_choice":"Gave Gold","floor":19.0,"gold_loss":75.0,"damage_taken":0.0},{"damage_healed":0.0,"max_hp_gain":0.0,"max_hp_loss":0.0,"gold_gain":0.0,"event_name":"Upgrade Shrine","player_choice":"Upgraded","floor":20.0,"gold_loss":0.0,"damage_taken":0.0,"cards_upgraded":["Impervious"]}],"is_beta":false,"boss_relics":[{"not_picked":["Black Star","Busted Crown"],"picked":"Runic Pyramid"}],"items_purged_floors":[30],"is_endless":false,"potions_floor_spawned":[1,3,5,13,14,31],"killed_by":"Champ","ascension_level":20}}