{"host":"avslt7aiq2nxuk8h","time":1614410547,"event":{"mods":["AchievementEnabler","BaseMod","Better Match","Better Skull","Colored Map","Colored Powertips","Downfall","GifTheSpireLib","Minty Spire (QoL Compilation)","Quick Restart","Random Character Button","Rare Cards Sparkle","Relic Stats","StSLib","SuperFastMode"],"gold_per_floor":[99,99,99,99,99,99,99,99,8,28,47,79,79,108,121,121,121,121],"floor_reached":16,"language":"ENG","playtime":612,"items_purged":[],"score":106,"play_id":"bc24686b-6183-466d-92bd-ff6adf5ba30a","local_time":"20210227022227","is_ascension_mode":false,"campfire_choices":[{"data":"Slimebound:CorrosiveSpit","floor":1,"key":"SMITH"},{"data":"Slimebound:ItLooksTasty","floor":6,"key":"SMITH"},{"data":"Slimebound:Split","floor":8,"key":"SMITH"}],"circlet_count":0,"master_deck":["Slimebound:Strike_Slimebound","Slimebound:Strike_Slimebound","Slimebound:Strike_Slimebound","Slimebound:Tackle","Slimebound:Defend_Slimebound","Slimebound:Defend_Slimebound","Slimebound:Defend_Slimebound","Slimebound:Defend_Slimebound","Slimebound:Split+1","Slimebound:CorrosiveSpit+1","Slimebound:ItLooksTasty+1","Slimebound:LeechEnergy","Slimebound:ItLooksTasty","Slimebound:BestDefense+1","Slimebound:FinishingTackle","Slimebound:MegaLick","Slimebound:LevelUp+1","Slimebound:SplitSpecialist","Slimebound:SplitMire","Slimebound:GoopSpray"],"relics":["Slimebound:AbsorbEndCombat","downfall:HeartsMalice","Frozen Egg 2","StoneCalendar","Bottled Flame","Darkstone Periapt"],"acts_visited":["Exordium"],"potions_floor_usage":[11,12,12],"damage_taken":[{"damage":0,"enemies":"Small Slimes","floor":3,"turns":1},{"damage":0,"enemies":"Jaw Worm","floor":5,"turns":1},{"damage":0,"enemies":"downfall:FleeingMerchant","floor":9,"turns":1},{"damage":3,"enemies":"Cultist","floor":10,"turns":2},{"damage":9,"enemies":"Exordium Wildlife","floor":11,"turns":5},{"damage":30,"enemies":"Gremlin Nob","floor":12,"turns":4},{"damage":21,"enemies":"3 Sentries","floor":14,"turns":6},{"damage":6,"enemies":"Large Slime","floor":15,"turns":5},{"damage":33,"enemies":"WA_ARCHETYPE_RETAIN","floor":16,"turns":4}],"seed_played":"-7545509931162719270","potions_obtained":[{"floor":4,"key":"BlessingOfTheForge"},{"floor":4,"key":"hexamod:SoulburnPotion"},{"floor":4,"key":"GamblersBrew"},{"floor":10,"key":"DistilledChaos"},{"floor":11,"key":"Guardian:BlockOnCardUsePotion"},{"floor":12,"key":"Weak Potion"},{"floor":14,"key":"Block Potion"}],"is_trial":false,"path_per_floor":["R","?","M","?","M","R","T","R","$","M","M","E","T","E","M","B"],"character_chosen":"SLIMEBOUND","items_purchased":["Slimebound:BestDefense+1","Slimebound:FinishingTackle"],"campfire_rested":0,"item_purchase_floors":[9,9],"current_hp_per_floor":[65,65,65,65,65,65,65,65,65,65,60,32,32,19,17,0,0,0],"gold":121,"neow_bonus":"THREE_ENEMY_KILL","is_daily":false,"chose_seed":false,"campfire_upgraded":3,"win_rate":0.0,"timestamp":1614410547,"path_taken":["R","?","M","?","M","R","T","R","$","M","?","E","?","E","M","BOSS"],"items_purchased_type":["Card","Card"],"build_version":"2020-12-22","purchased_purges":0,"victory":false,"max_hp_per_floor":[65,65,65,65,65,65,65,65,65,65,65,65,65,65,65,65,65,65],"relic_stats":{"Darkstone Periapt":0,"counters":[9,24],"StoneCalendar":[0],"obtain_stats":[{"Darkstone Periapt":14,"Bottled Flame":13,"downfall:HeartsMalice":0,"StoneCalendar":12,"Slimebound:AbsorbEndCombat":0,"Frozen Egg 2":7},{"Darkstone Periapt":7,"Bottled Flame":6,"downfall:HeartsMalice":0,"StoneCalendar":6,"Slimebound:AbsorbEndCombat":0,"Frozen Egg 2":2},{"Darkstone Periapt":15,"Bottled Flame":10,"downfall:HeartsMalice":0,"StoneCalendar":10,"Slimebound:AbsorbEndCombat":0,"Frozen Egg 2":0}]},"card_choices":[{"not_picked":["Slimebound:GoopTackle","Slimebound:HungryTackle"],"picked":"Slimebound:ItLooksTasty","floor":3},{"not_picked":["Slimebound:SlimeBrawl","Slimebound:AcidTongue"],"picked":"Slimebound:LeechEnergy","floor":5},{"not_picked":["Slimebound:HauntingLick","Slimebound:SlimeSpikes"],"picked":"Slimebound:ItLooksTasty","floor":9},{"not_picked":["Slimebound:PressTheAttack","Slimebound:SlimeBrawl"],"picked":"Slimebound:MegaLick","floor":10},{"not_picked":["Slimebound:ProtectTheBoss+1","Slimebound:Dissolve"],"picked":"Slimebound:LevelUp+1","floor":11},{"not_picked":["Slimebound:Nibble","Slimebound:ComboTackle"],"picked":"Slimebound:SplitSpecialist","floor":12},{"not_picked":["Slimebound:TongueLash","Slimebound:ViciousTackle"],"picked":"Slimebound:SplitMire","floor":14},{"not_picked":["Slimebound:RollThrough","Slimebound:LeechEnergy"],"picked":"Slimebound:GoopSpray","floor":15}],"player_experience":593701,"relics_obtained":[{"floor":7,"key":"Frozen Egg 2"},{"floor":12,"key":"StoneCalendar"},{"floor":13,"key":"Bottled Flame"},{"floor":14,"key":"Darkstone Periapt"}],"event_choices":[{"damage_healed":0,"gold_gain":0,"player_choice":"Got Potions","damage_taken":0,"max_hp_gain":0,"max_hp_loss":0,"event_name":"Lab","floor":4,"gold_loss":0}],"is_beta":false,"boss_relics":[],"items_purged_floors":[],"is_endless":false,"potions_floor_spawned":[10,11,12,14],"killed_by":"WA_ARCHETYPE_RETAIN","ascension_level":0}}