{"host":"liu","time":1614394704,"event":{"mods":["100% Spire Juice","ATMod(∞¢Ë™Mod)","Act Like it!","Arknights","BaseMod","KinomotoSakuraMod(ƒæ÷Æ±æ”£)","Lobotomy","Marisa£®ÏF”Í°°ƒß¿Ì…≥£©","Minty Spire (QoL Compilation)","Reimu£®≤©¿ˆ¡È√Œ£©","Remilia£®¿Ÿ√◊¿Ú—«£©","StSLib","TestMod","The Construct","The Senshi","Youmu£®ªÍ∆«—˝√Œ£©","°æ“≈ŒÔø®≈∆°øREMEMod"],"gold_per_floor":[109,127,145,145,164,190,190,223,249,249,268,268,268,268,268],"floor_reached":14,"language":"ZHS","playtime":481,"items_purged":[],"score":180,"play_id":"72a2d982-7af1-408e-9aa5-f5991e2cf390","local_time":"20210227105824","is_ascension_mode":true,"campfire_choices":[{"data":"AT_IchimonjiDouble","floor":7.0,"key":"SMITH"},{"data":"Prepared","floor":10.0,"key":"SMITH"}],"circlet_count":0,"master_deck":["AscendersBane","Strike_G","Strike_G","Strike_G","Strike_G","Defend_G","Defend_G","Defend_G","Defend_G","Defend_G","Survivor","Neutralize","SlashOfSaigyouSpringWind","AT_IchimonjiDouble+1","Blade Dance","Footwork","Prepared+1"],"relics":["Ring of the Snake","AT_ATBox","testmod-TestBox","REME_ComplimentaryCards","testmod-Hope","AT_LudenTempest","Happy Flower","AT_BellDemon","AT_ChloranthyRing","MealTicket","testmod-LifeArmor"],"acts_visited":["Exordium"],"potions_floor_usage":[14,14],"damage_taken":[{"damage":3.0,"enemies":"ats:Genji","floor":1.0,"turns":3.0},{"damage":0.0,"enemies":"2 Louse","floor":2.0,"turns":1.0},{"damage":0.0,"enemies":"Cultist","floor":3.0,"turns":2.0},{"damage":0.0,"enemies":"Blue Slaver","floor":5.0,"turns":3.0},{"damage":2.0,"enemies":"Gremlin Nob","floor":6.0,"turns":3.0},{"damage":17.0,"enemies":"3 Sentries","floor":8.0,"turns":5.0},{"damage":0.0,"enemies":"2 Fungi Beasts","floor":11.0,"turns":2.0},{"damage":51,"enemies":"Lagavulin","floor":14,"turns":3}],"seed_played":"7527608162017724619","potions_obtained":[{"floor":1.0,"key":"CultistPotion"},{"floor":5.0,"key":"Strength Potion"},{"floor":8.0,"key":"Block Potion"}],"is_trial":false,"path_per_floor":["M","M","M","?","M","E","R","E","T","R","M","?","?","E"],"character_chosen":"THE_SILENT","items_purchased":[],"campfire_rested":0,"item_purchase_floors":[],"current_hp_per_floor":[56,56,56,61,61,59,59,42,42,42,42,24,24,0,0],"gold":268,"neow_bonus":"ONE_RARE_RELIC","is_daily":false,"chose_seed":false,"campfire_upgraded":2,"win_rate":0.0,"timestamp":1614394704,"path_taken":["M","M","M","?","M","E","R","E","T","R","M","?","?","E"],"items_purchased_type":[],"build_version":"2020-12-18","purchased_purges":0,"victory":false,"max_hp_per_floor":[60,60,60,65,65,65,65,65,65,65,65,65,65,65,65],"card_choices":[{"not_picked":["Backflip","Flying Knee"],"picked":"Blade Dance","floor":1.0},{"not_picked":["Blade Dance","Deadly Poison"],"picked":"Footwork","floor":2.0},{"not_picked":["Quick Slash","Corpse Explosion","Dodge and Roll"],"picked":"SKIP","floor":3.0},{"not_picked":["Dagger Spray","Riddle With Holes","Dagger Throw"],"picked":"SKIP","floor":5.0},{"not_picked":["Dagger Spray","AT_FocusSwordFire"],"picked":"Prepared","floor":6.0},{"not_picked":["PiercingWail","Catalyst","AT_TinkerSharpsword"],"picked":"SKIP","floor":8.0},{"not_picked":["Flying Knee","REME_ShadowStrike","Sucker Punch"],"picked":"SKIP","floor":11.0}],"player_experience":416734,"relics_obtained":[{"floor":6.0,"key":"Happy Flower"},{"floor":8.0,"key":"AT_BellDemon"},{"floor":9.0,"key":"AT_ChloranthyRing"},{"floor":11.0,"key":"MealTicket"}],"event_choices":[{"damage_healed":0.0,"max_hp_gain":5.0,"max_hp_loss":0.0,"gold_gain":0.0,"event_name":"Big Fish","player_choice":"Donut","floor":4.0,"gold_loss":0.0,"damage_taken":0.0},{"damage_healed":0.0,"max_hp_gain":0.0,"max_hp_loss":0.0,"gold_gain":0.0,"event_name":"Scrap Ooze","player_choice":"Success","floor":12.0,"gold_loss":0.0,"damage_taken":18.0,"relics_obtained":["testmod-LifeArmor"]},{"cards_removed":["Strike_G"],"damage_healed":0.0,"max_hp_gain":0.0,"max_hp_loss":0.0,"gold_gain":0.0,"event_name":"Living Wall","player_choice":"Forget","floor":13.0,"gold_loss":0.0,"damage_taken":0.0}],"is_beta":true,"boss_relics":[],"items_purged_floors":[],"is_endless":false,"potions_floor_spawned":[1,5,8],"killed_by":"Lagavulin","ascension_level":16}}