{"host":"xsuxkwaivmtd234a","time":1614445521,"event":{"mods":["BaseMod","Bestiary","Colored Map","Filter the Spire","Minty Spire (QoL Compilation)","Relic Stats","StSLib"],"gold_per_floor":[112,122,135,155,166,192,192,225,237,249,302,314,326,115,115,246,246,260,275,293,293,293],"floor_reached":21,"language":"ENG","playtime":1049,"items_purged":["Injury"],"score":302,"play_id":"ed23d740-a488-4243-86c8-e30a733eac4b","local_time":"20210227120521","is_ascension_mode":true,"campfire_choices":[{"floor":10.0,"key":"REST"},{"data":"Barrage","floor":15.0,"key":"SMITH"}],"circlet_count":0,"master_deck":["AscendersBane","Zap+1","Dualcast","Conserve Battery","Fission","Undo","Amplify","Core Surge","FTL","Double Energy+1","Sweeping Beam","Ball Lightning","Coolheaded","Barrage+1","Ball Lightning","Electrodynamics","Streamline+1","White Noise","Loop"],"relics":["Pandora\u0027s Box","War Paint","Golden Idol","MawBank","Eternal Feather","Shuriken","Dream Catcher","ClockworkSouvenir","Inserter"],"acts_visited":["Exordium","TheCity"],"potions_floor_usage":[20,20],"damage_taken":[{"damage":0.0,"enemies":"2 Louse","floor":1.0,"turns":2.0},{"damage":0.0,"enemies":"Jaw Worm","floor":2.0,"turns":2.0},{"damage":0.0,"enemies":"Small Slimes","floor":3.0,"turns":2.0},{"damage":14.0,"enemies":"Gremlin Gang","floor":4.0,"turns":3.0},{"damage":0.0,"enemies":"Blue Slaver","floor":5.0,"turns":3.0},{"damage":21.0,"enemies":"Lagavulin","floor":6.0,"turns":5.0},{"damage":13.0,"enemies":"3 Sentries","floor":8.0,"turns":4.0},{"damage":9.0,"enemies":"Gremlin Nob","floor":11.0,"turns":3.0},{"damage":13.0,"enemies":"Hexaghost","floor":16.0,"turns":5.0},{"damage":2.0,"enemies":"Spheric Guardian","floor":18.0,"turns":3.0},{"damage":44.0,"enemies":"2 Thieves","floor":19.0,"turns":3.0},{"damage":17,"enemies":"Cultist and Chosen","floor":20,"turns":4},{"damage":16,"enemies":"Snake Plant","floor":21,"turns":2}],"seed_played":"7438119320138405232","potions_obtained":[{"floor":3.0,"key":"PotionOfCapacity"},{"floor":4.0,"key":"ColorlessPotion"},{"floor":5.0,"key":"AttackPotion"},{"floor":8.0,"key":"SneckoOil"},{"floor":13.0,"key":"DistilledChaos"},{"floor":13.0,"key":"DistilledChaos"},{"floor":13.0,"key":"Explosive Potion"},{"floor":16.0,"key":"Regen Potion"},{"floor":19.0,"key":"EssenceOfDarkness"}],"is_trial":false,"path_per_floor":["M","M","M","M","M","E","?","E","T","R","E","?","?","$","R","B",null,"M","M","M","M"],"character_chosen":"DEFECT","items_purchased":["ClockworkSouvenir"],"campfire_rested":1,"item_purchase_floors":[14],"current_hp_per_floor":[68,68,68,54,54,33,33,20,20,51,42,35,35,35,44,31,64,62,18,13,0,0],"gold":293,"neow_bonus":"BOSS_RELIC","is_daily":false,"chose_seed":false,"campfire_upgraded":1,"win_rate":0.0,"timestamp":1614445521,"path_taken":["M","M","M","M","M","E","?","E","T","R","E","?","?","$","R","BOSS","M","?","M","?"],"items_purchased_type":["Relic"],"build_version":"2020-12-22","purchased_purges":1,"victory":false,"max_hp_per_floor":[75,75,75,75,75,75,75,75,75,75,75,75,75,75,75,75,75,75,75,75,75,75],"relic_stats":{"Dream Catcher":0,"Inserter":[6],"counters":[13,41],"Golden Idol":51,"Shuriken":[6],"Pandora\u0027s Box":["Conserve Battery","Fission","Undo","Amplify","Core Surge","FTL","Double Energy","Sweeping Beam"],"Eternal Feather":18,"War Paint":["Double Energy","Zap"],"MawBank":72,"obtain_stats":[{"Dream Catcher":12,"Inserter":17,"Golden Idol":7,"Shuriken":11,"Pandora\u0027s Box":0,"Eternal Feather":9,"War Paint":6,"Cracked Core":0,"MawBank":8,"ClockworkSouvenir":14},{"Dream Catcher":8,"Inserter":9,"Golden Idol":6,"Shuriken":8,"Pandora\u0027s Box":0,"Eternal Feather":7,"War Paint":6,"Cracked Core":0,"MawBank":7,"ClockworkSouvenir":8},{"Dream Catcher":24,"Inserter":29,"Golden Idol":17,"Shuriken":24,"Pandora\u0027s Box":0,"Eternal Feather":21,"War Paint":17,"Cracked Core":0,"MawBank":21,"ClockworkSouvenir":24}]},"card_choices":[{"not_picked":["Gash","Aggregate"],"picked":"Ball Lightning","floor":1.0},{"not_picked":["Redo","Steam","Compile Driver"],"picked":"SKIP","floor":2.0},{"not_picked":["Lockon","Redo","Blizzard"],"picked":"SKIP","floor":3.0},{"not_picked":["Force Field","Leap"],"picked":"Coolheaded","floor":4.0},{"not_picked":["Gash","Steam"],"picked":"Barrage","floor":5.0},{"not_picked":["Machine Learning","Beam Cell"],"picked":"Ball Lightning","floor":6.0},{"not_picked":["Sweeping Beam","Compile Driver","Redo"],"picked":"SKIP","floor":8.0},{"not_picked":["Leap","Beam Cell","Ball Lightning"],"picked":"SKIP","floor":11.0},{"not_picked":["Amplify","Echo Form"],"picked":"Electrodynamics","floor":16.0},{"not_picked":["Coolheaded","Reprogram"],"picked":"Streamline+1","floor":18.0},{"not_picked":["Stack+1","Beam Cell"],"picked":"White Noise","floor":19.0},{"not_picked":["Go for the Eyes","Ball Lightning"],"picked":"Loop","floor":20}],"player_experience":1400051,"relics_obtained":[{"floor":6.0,"key":"War Paint"},{"floor":8.0,"key":"MawBank"},{"floor":9.0,"key":"Eternal Feather"},{"floor":11.0,"key":"Shuriken"}],"event_choices":[{"damage_healed":0.0,"max_hp_gain":0.0,"max_hp_loss":0.0,"gold_gain":0.0,"event_name":"Golden Idol","player_choice":"Take Wound","floor":7.0,"gold_loss":0.0,"damage_taken":0.0,"relics_obtained":["Golden Idol"],"cards_obtained":["Injury"]},{"damage_healed":0.0,"max_hp_gain":0.0,"max_hp_loss":0.0,"gold_gain":0.0,"event_name":"Scrap Ooze","player_choice":"Success","floor":12.0,"gold_loss":0.0,"damage_taken":7.0,"relics_obtained":["Dream Catcher"]},{"damage_healed":0.0,"max_hp_gain":0.0,"max_hp_loss":0.0,"gold_gain":0.0,"event_name":"Lab","player_choice":"Got Potions","floor":13.0,"gold_loss":0.0,"damage_taken":0.0}],"is_beta":false,"boss_relics":[{"not_picked":["Runic Dome","Nuclear Battery"],"picked":"Inserter"}],"items_purged_floors":[14],"is_endless":false,"potions_floor_spawned":[3,4,5,8,16,19],"killed_by":"Snake Plant","ascension_level":10}}