{"host":"ty9fb48q9oru32qm","time":1614439456,"event":{"mods":["2.2 Compatiblity","AchievementEnabler","Act Like it!","Aspiration","Astrologer","BaseMod","Beaked The Cultist","Better Synergies","Block Reminder","Colored Powertips","Conspire","DeckTracker","Downfall","Friendly Minions","GifTheSpireLib","Halation","Hermit","Hubris","Infinite Spire","Jorbs\u0027s Wanderer Trilogy","Marisa????????","Minty Spire (QoL Compilation)","Permanent Neow","Quick Restart","Random Character Button","Reliquary","Replay The Spire","Somnambulant","StSLib","Stuff the Spire","The Cursed","The Jungle","The Marked","The Runesmith","TheVacant","Wandering Minibosses"],"gold_per_floor":[110,110,60,76,76,101,101,101,128,139,173,173,207,225,225,322,322,322,322],"floor_reached":18,"language":"ENG","playtime":1361,"items_purged":[],"score":187,"play_id":"82e7137b-a3ee-42ca-87b5-e9c14a8a87df","local_time":"20210227162416","is_ascension_mode":true,"campfire_choices":[{"floor":8,"key":"REST"},{"data":"Hologram","floor":12,"key":"SMITH"},{"floor":15,"key":"REST"}],"circlet_count":0,"master_deck":["Strike_B","Strike_B","Strike_B","Defend_B","Defend_B","Defend_B","Zap+1","Dualcast","ReplayTheSpireMod:System Scan","Gash","Leap","Hologram+1","White Noise","Coolheaded"],"relics":["Cracked Core","aspiration:Nostalgia","champ:ChampionCrown","halation:Gekota","Pocketwatch","ReplayTheSpireMod:Ninjato","halation:MonkeysPaw"],"acts_visited":["Exordium","TheCity"],"potions_floor_usage":[6,16],"damage_taken":[{"damage":8,"enemies":"Jaw Worm","floor":1,"turns":3},{"damage":1,"enemies":"2 Louse","floor":4,"turns":3},{"damage":29,"enemies":"Gremlin Nob","floor":6,"turns":5},{"damage":2,"enemies":"Small Slimes","floor":10,"turns":4},{"damage":21,"enemies":"3 Sentries","floor":11,"turns":8},{"damage":9,"enemies":"Lagavulin","floor":13,"turns":8},{"damage":5,"enemies":"Looter","floor":14,"turns":3},{"damage":37,"enemies":"Slime Boss","floor":16,"turns":12},{"damage":14,"enemies":"3 Byrds","floor":18,"turns":3}],"seed_played":"4209844274446185814","potions_obtained":[{"floor":4,"key":"Weak Potion"},{"floor":10,"key":"Fruit Juice"},{"floor":13,"key":"hexamod:SoulburnPotion"}],"is_trial":false,"path_per_floor":["M","?","?","M","?","E","?","R","T","M","E","R","E","M","R","B",null,"M"],"character_chosen":"DEFECT","items_purchased":[],"campfire_rested":2,"item_purchase_floors":[],"current_hp_per_floor":[67,67,67,66,66,37,30,52,52,50,29,29,20,15,37,5,80,66,66],"gold":322,"neow_bonus":"NOSTALGIA","is_daily":false,"chose_seed":false,"campfire_upgraded":1,"win_rate":0.0,"timestamp":1614439456,"path_taken":["M","?","?","M","?","E","?","R","T","M","E","R","E","M","R","BOSS","M"],"items_purchased_type":[],"build_version":"2020-12-22","purchased_purges":0,"victory":false,"max_hp_per_floor":[75,75,75,75,75,75,75,75,75,75,75,75,75,75,75,80,80,80,80],"card_choices":[{"not_picked":["Hello World","Capacitor"],"picked":"ReplayTheSpireMod:System Scan","floor":1},{"not_picked":["StuffTheSpire:Plugnplay","Streamline"],"picked":"Gash","floor":4},{"not_picked":["StuffTheSpire:LoadUp","hubris:DoWhile"],"picked":"Leap","floor":6},{"not_picked":["Barrage","BasicCrystalCard","Steam"],"picked":"SKIP","floor":10},{"not_picked":["hubris:PowerSurge","Go for the Eyes"],"picked":"Hologram","floor":11},{"not_picked":["Meteor Strike","ReplayTheSpireMod:Calculation Training"],"picked":"White Noise","floor":13},{"not_picked":["Leap","Panic Button"],"picked":"Coolheaded","floor":14}],"player_experience":359961,"relics_obtained":[{"floor":6,"key":"halation:Gekota"},{"floor":11,"key":"Pocketwatch"},{"floor":13,"key":"ReplayTheSpireMod:Ninjato"}],"event_choices":[{"cards_removed":["Strike_B"],"damage_healed":0,"gold_gain":0,"player_choice":"Card Removal","damage_taken":0,"max_hp_gain":0,"max_hp_loss":0,"event_name":"The Cleric","floor":3,"gold_loss":50},{"cards_removed":["Defend_B"],"damage_healed":0,"gold_gain":0,"player_choice":"Card Removal","damage_taken":7,"max_hp_gain":0,"max_hp_loss":0,"event_name":"Golden Wing","floor":7,"gold_loss":0}],"is_beta":false,"boss_relics":[{"not_picked":["Tiny House","aspiration:MobileForge"],"picked":"halation:MonkeysPaw"}],"items_purged_floors":[],"is_endless":false,"potions_floor_spawned":[4,10,13],"killed_by":"3 Byrds","ascension_level":1}}