{"host":"8av5he6utbys9oi5","time":1614417244,"event":{"mods":["BaseMod","GungeonMod","Marisa£®ÏF”Í°°ƒß¿Ì…≥£©","Minty Spire (QoL Compilation)","Replay The Spire","StSLib"],"gold_per_floor":[119,119,137,150,150,150,223,248,248,248,292,292,317,367,367,492,492,515,535,535,535,200,200,221,30,30,71,87,87,128,141,141,265,265,288,288,108,122,0,44,69,104,104,104,104,127,127,151,167,333,333,333],"floor_reached":53,"language":"ZHS","playtime":3977,"items_purged":["DemoMod:Defend_Huntress","DemoMod:Defend_Huntress","DemoMod:Defend_Huntress"],"score":996,"play_id":"7eed7058-c5fd-4f50-b8db-ecb4c166b802","local_time":"20210227171404","is_ascension_mode":true,"campfire_choices":[{"data":"DemoMod:SniperShot","floor":6.0,"key":"SMITH"},{"data":"DemoMod:PotionOfGunFriendShip","floor":10.0,"key":"SMITH"},{"floor":12.0,"key":"REST"},{"data":"DemoMod:ShadowBullets","floor":15.0,"key":"SMITH"},{"data":"DemoMod:Slinger","floor":23.0,"key":"SMITH"},{"data":"DemoMod:ManualReload","floor":29.0,"key":"SMITH"},{"data":"Pot Of Greed","floor":32.0,"key":"SMITH"},{"floor":51,"key":"REST"}],"circlet_count":0,"master_deck":["DemoMod:Strike_Huntress","DemoMod:Strike_Huntress","DemoMod:Strike_Huntress","DemoMod:Defend_Huntress","DemoMod:Roll","DemoMod:ManualReload+1","DemoMod:RustySidearm","DemoMod:CrossBow","DemoMod:EasyReloadBullets","DemoMod:SniperShot+1","DemoMod:PotionOfGunFriendShip+1","DemoMod:Camera","DemoMod:Behold!","DemoMod:ShadowBullets+1","DemoMod:Slinger+1","DemoMod:HighKaliber","DemoMod:FastSwitch","DemoMod:SAA","DemoMod:Elimentaler","DemoMod:HungryBullets","DemoMod:SpreadAmmo","DemoMod:FeignSurrender","DemoMod:BattleInHaste","Pot Of Greed","Pot Of Greed","Pot Of Greed+1","DemoMod:Behold!","DemoMod:BlankBullets","DemoMod:ChanceBullets+1","Finesse","DemoMod:ChanceBullets+1","DemoMod:FastSwitch+1","DemoMod:Eureka","DemoMod:AWP+1","DemoMod:Ejector+1","DemoMod:GunShield+1","Pot Of Greed"],"relics":["DemoMod:Dog","NeowsBlessing","Nunchaku","FaceOfCleric","Golden Idol","Centennial Puzzle","Question Card","Vajra","DemoMod:Orange","DemoMod:Test1","DemoMod:Ammonomicon","Snack Pack","BargainBundle","Replay:Bottled Flurry","StrikeDummy","DemoMod:PoisonVial","Grinning Jar","Replay:Grab Bag","Cursed Key","Fusion Hammer","DemoMod:Wolf","Red Mask","Shuriken","Anchor","Bottled Lightning","Bottled Tornado"],"acts_visited":["Exordium","TheCity","TheBeyond"],"potions_floor_usage":[48,52,52],"damage_taken":[{"damage":0.0,"enemies":"2 Louse","floor":1.0,"turns":1.0},{"damage":0.0,"enemies":"Cultist","floor":3.0,"turns":1.0},{"damage":0.0,"enemies":"Small Slimes","floor":4.0,"turns":1.0},{"damage":25.0,"enemies":"Lagavulin","floor":7.0,"turns":6.0},{"damage":6.0,"enemies":"2 Fungi Beasts","floor":8.0,"turns":4.0},{"damage":23.0,"enemies":"Gremlin Nob","floor":11.0,"turns":4.0},{"damage":1.0,"enemies":"Blue Slaver","floor":13.0,"turns":2.0},{"damage":1.0,"enemies":"Lagavulin","floor":14.0,"turns":5.0},{"damage":17.0,"enemies":"Fading Forest","floor":16.0,"turns":12.0},{"damage":1.0,"enemies":"Spheric Guardian","floor":18.0,"turns":3.0},{"damage":11.0,"enemies":"2 Thieves","floor":19.0,"turns":2.0},{"damage":0.0,"enemies":"3 Cultists","floor":24.0,"turns":3.0},{"damage":0.0,"enemies":"Book of Stabbing","floor":27.0,"turns":3.0},{"damage":3.0,"enemies":"Chosen and Byrds","floor":28.0,"turns":3.0},{"damage":26.0,"enemies":"Slavers","floor":30.0,"turns":4.0},{"damage":0.0,"enemies":"Snake Plant","floor":31.0,"turns":4.0},{"damage":0.0,"enemies":"Champ","floor":33.0,"turns":6.0},{"damage":0.0,"enemies":"3 Shapes","floor":35.0,"turns":2.0},{"damage":0.0,"enemies":"3 Darklings","floor":38.0,"turns":4.0},{"damage":0.0,"enemies":"R_Hoarder","floor":40.0,"turns":3.0},{"damage":21.0,"enemies":"4 Shapes","floor":41.0,"turns":2.0},{"damage":0.0,"enemies":"Nemesis","floor":42.0,"turns":3.0},{"damage":0.0,"enemies":"Writhing Mass","floor":46.0,"turns":4.0},{"damage":14,"enemies":"Maw","floor":48,"turns":4},{"damage":3,"enemies":"3 Darklings","floor":49,"turns":3},{"damage":0,"enemies":"Giant Head","floor":50,"turns":3},{"damage":4,"enemies":"Replay:Hell Engine","floor":52,"turns":4}],"seed_played":"6674423219193130498","potions_obtained":[{"floor":3.0,"key":"DemoMod:LeadSkinPotion"},{"floor":4.0,"key":"FearPotion"},{"floor":7.0,"key":"Explosive Potion"},{"floor":11.0,"key":"SpeedPotion"},{"floor":13.0,"key":"FearPotion"},{"floor":16.0,"key":"SkillPotion"},{"floor":28.0,"key":"Adrenaline Potion"},{"floor":42.0,"key":"EssenceOfSteel"},{"floor":49,"key":"DistilledChaos"}],"is_trial":false,"path_per_floor":["M","?","M","M","?","R","E","M","T","R","E","R","M","E","R","B",null,"M","M","?","?","$","R","M","$","T","E","M","R","E","M","R","B",null,"M","?","$","M","?","E","M","E","T","PTL","PTL","M","?","M","M","E","R","B",null],"character_chosen":"HUNTRESS","items_purchased":["DemoMod:SAA","Snack Pack","BargainBundle","DemoMod:HungryBullets","DemoMod:SpreadAmmo","DemoMod:ChanceBullets+1"],"campfire_rested":2,"item_purchase_floors":[22,22,25,25,25,37],"current_hp_per_floor":[70,70,71,72,67,67,43,38,38,38,16,37,37,37,37,39,73,73,63,63,49,49,49,54,54,54,61,63,63,44,53,53,68,86,87,87,87,88,88,89,71,78,78,78,78,85,85,78,80,89,95,106],"gold":333,"neow_bonus":"THREE_ENEMY_KILL","is_daily":false,"chose_seed":false,"campfire_upgraded":6,"win_rate":0.0,"timestamp":1614417244,"path_taken":["M","?","M","?","?","R","E","M","T","R","E","R","M","E","R","BOSS","M","M","?","?","$","R","M","$","T","E","M","R","E","M","R","BOSS","M","?","$","M","?","E","M","E","T","PTL","PTL","M","?","?","M","E","R","BOSS"],"items_purchased_type":["Card","Relic","Relic","Card","Card","Card"],"build_version":"2020-12-22","purchased_purges":3,"victory":true,"max_hp_per_floor":[70,70,71,72,67,67,68,69,69,69,70,70,71,72,72,73,73,74,75,75,80,80,80,81,81,81,82,83,83,84,85,85,86,86,87,87,87,88,88,89,90,91,91,91,91,92,92,93,94,95,95,108],"card_choices":[{"not_picked":["DemoMod:TableSutra","DemoMod:EasyReloadBullets"],"picked":"DemoMod:DirectionalPad","floor":1.0},{"not_picked":["DemoMod:HardPowerCard","DemoMod:Rummage"],"picked":"DemoMod:EasyReloadBullets","floor":3.0},{"not_picked":["DemoMod:CursedBullets","DemoMod:HardPowerCard"],"picked":"DemoMod:SniperShot","floor":4.0},{"not_picked":["DemoMod:SpreadAmmo","DemoMod:FastSwitch"],"picked":"DemoMod:PotionOfGunFriendShip","floor":7.0},{"not_picked":["DemoMod:ChanceBullets","DemoMod:LifeOrb","DemoMod:TableSutra"],"picked":"SKIP","floor":7.0},{"not_picked":["DemoMod:BoxingGlove","DemoMod:GunstockTap"],"picked":"DemoMod:Camera","floor":8.0},{"not_picked":["DemoMod:PotionOfGunFriendShip","DemoMod:Unmoved","DemoMod:TeaPot"],"picked":"DemoMod:Behold!","floor":11.0},{"not_picked":["DemoMod:ConditionalReflex","DemoMod:StickyCrossBow","DemoMod:GunstockTap"],"picked":"DemoMod:DirectionalPad","floor":13.0},{"not_picked":["DemoMod:ChanceBullets","DemoMod:FeignSurrender","DemoMod:PotionOfGunFriendShip"],"picked":"DemoMod:ShadowBullets","floor":14.0},{"not_picked":["DemoMod:Ejector","DemoMod:DoubleSwitch","DemoMod:AWP"],"picked":"DemoMod:DirectionalPad","floor":14.0},{"not_picked":["DemoMod:BlankBullets","DemoMod:Desperate","DemoMod:Elimentaler"],"picked":"DemoMod:Slinger","floor":16.0},{"not_picked":["DemoMod:SkilledReload","DemoMod:MachoBrace","DemoMod:JK47+1"],"picked":"DemoMod:HighKaliber","floor":18.0},{"not_picked":["DemoMod:AWP","DemoMod:BoxingGlove+1","DemoMod:GunstockTap"],"picked":"DemoMod:FastSwitch","floor":19.0},{"not_picked":["DemoMod:FastSwitch","DemoMod:TeaPot","DemoMod:Rummage"],"picked":"DemoMod:Elimentaler","floor":24.0},{"not_picked":["DemoMod:CombinedRifle","DemoMod:BoxingGlove","DemoMod:ConditionalReflex"],"picked":"DemoMod:FeignSurrender","floor":27.0},{"not_picked":["DemoMod:FastSwitch","DemoMod:SniperShot","DemoMod:BoxingGlove"],"picked":"DemoMod:BattleInHaste","floor":28.0},{"not_picked":["DemoMod:MegaHand","DemoMod:HardPowerCard","DemoMod:Unmoved+1"],"picked":"DemoMod:Behold!","floor":30.0},{"not_picked":["DemoMod:DoubleSwitch","DemoMod:Unmoved+1","DemoMod:HighKaliber"],"picked":"DemoMod:DirectionalPad","floor":31.0},{"not_picked":["DemoMod:BulletBore","DemoMod:DoubleVision","DemoMod:GunslingerForm"],"picked":"DemoMod:BlankBullets","floor":33.0},{"not_picked":["DemoMod:BattleInHaste","DemoMod:BoxingGlove+1","DemoMod:AC15"],"picked":"DemoMod:ChanceBullets+1","floor":35.0},{"not_picked":["Survey Options","Magnetism","Chrysalis"],"picked":"Finesse","floor":36.0},{"not_picked":["DemoMod:BoxingGlove+1","DemoMod:Polaris","DemoMod:TripleGun+1"],"picked":"DemoMod:FastSwitch+1","floor":38.0},{"not_picked":["DemoMod:FastSwitch+1","DemoMod:Unmoved+1","DemoMod:CombinedRifle","DemoMod:ShadowBullets"],"picked":"SKIP","floor":40.0},{"not_picked":["DemoMod:BoxingGlove","DemoMod:JK47","DemoMod:TeaPot","DemoMod:LifeOrb+1"],"picked":"SKIP","floor":41.0},{"not_picked":["DemoMod:BattleInHaste","DemoMod:HardPowerCard","DemoMod:TeaPot+1","DemoMod:LifeOrb"],"picked":"SKIP","floor":42.0},{"not_picked":["DemoMod:DoubleSwitch","DemoMod:AC15+1","DemoMod:JK47"],"picked":"DemoMod:Eureka","floor":46.0},{"not_picked":["DemoMod:FastSwitch","DemoMod:MachoBrace","DemoMod:BoxingGlove"],"picked":"DemoMod:AWP+1","floor":48},{"not_picked":["DemoMod:Purify","DemoMod:StickyCrossBow+1","DemoMod:Unmoved+1"],"picked":"DemoMod:Ejector+1","floor":49},{"not_picked":["DemoMod:AWP","DemoMod:Unity+1","DemoMod:DirectionalPad"],"picked":"DemoMod:GunShield+1","floor":50},{"not_picked":["DemoMod:HardPowerCard+1","DemoMod:CombinedRifle+1","DemoMod:PracticeMakesPerfect+1","DemoMod:PotionOfGunFriendShip+1"],"picked":"SKIP","floor":50}],"player_experience":223128,"relics_obtained":[{"floor":1.0,"key":"Nunchaku"},{"floor":7.0,"key":"Centennial Puzzle"},{"floor":9.0,"key":"Question Card"},{"floor":11.0,"key":"Vajra"},{"floor":14.0,"key":"DemoMod:WeirdEgg"},{"floor":26.0,"key":"Replay:Bottled Flurry"},{"floor":27.0,"key":"StrikeDummy"},{"floor":27.0,"key":"DemoMod:PoisonVial"},{"floor":30.0,"key":"Grinning Jar"},{"floor":40.0,"key":"Shuriken"},{"floor":42.0,"key":"Anchor"},{"floor":50,"key":"Bottled Lightning"},{"floor":50,"key":"Bottled Tornado"}],"event_choices":[{"damage_healed":0.0,"max_hp_gain":0.0,"max_hp_loss":0.0,"gold_gain":0.0,"event_name":"FaceTrader","player_choice":"Trade","floor":2.0,"gold_loss":0.0,"damage_taken":0.0,"relics_obtained":["FaceOfCleric"]},{"damage_healed":0.0,"max_hp_gain":0.0,"max_hp_loss":5.0,"gold_gain":0.0,"event_name":"Golden Idol","player_choice":"Lose Max HP","floor":5.0,"gold_loss":0.0,"damage_taken":0.0,"relics_obtained":["Golden Idol"]},{"damage_healed":0.0,"max_hp_gain":5.0,"max_hp_loss":0.0,"gold_gain":0.0,"event_name":"Forgotten Altar","player_choice":"Shed Blood","floor":21.0,"gold_loss":0.0,"damage_taken":19.0},{"damage_healed":0.0,"max_hp_gain":0.0,"max_hp_loss":0.0,"gold_gain":0.0,"event_name":"SensoryStone","player_choice":"Memory 1","floor":36.0,"gold_loss":0.0,"damage_taken":0.0},{"damage_healed":0.0,"max_hp_gain":0.0,"max_hp_loss":0.0,"gold_gain":0.0,"event_name":"Tomb of Lord Red Mask","player_choice":"Paid","floor":39.0,"gold_loss":122.0,"damage_taken":0.0,"relics_obtained":["Red Mask"]}],"is_beta":false,"boss_relics":[{"not_picked":["Sozu","Busted Crown"],"picked":"DemoMod:Test1"},{"not_picked":["Empty Cage","Calling Bell"],"picked":"Replay:Grab Bag"},{"not_picked":["Coffee Dripper","Philosopher\u0027s Stone"],"picked":"Cursed Key"},{"not_picked":["Runic Dome","SlaversCollar"],"picked":"Fusion Hammer"},{"not_picked":["Tiny House","Runic Pyramid"],"picked":"DemoMod:Wolf"}],"items_purged_floors":[22,25,37],"is_endless":false,"potions_floor_spawned":[3,4,7,11,13,16,18,28,30,31,35,38,42,49],"ascension_level":1}}