{"host":"l15sdf2mmi0nobpi","time":1614408135,"event":{"mods":["ATMod(°¢èªMod)","BaseMod","Highlight Path","Minty Spire (QoL Compilation)","Quick Restart","StSLib","¡¾¹¦ÄÜMod¡¿Neow½±Àø"],"gold_per_floor":[109,121,46,46,46,46,87,87,162,62,93,114,135,10,10,103,103,126,41,41,56,56,56,56,56],"floor_reached":24,"language":"ZHS","playtime":461,"items_purged":["Strike_B","Strike_B","Strike_B"],"score":554,"play_id":"fe92524f-6b5e-466a-b29a-81615db682dc","local_time":"20210227144215","is_ascension_mode":true,"campfire_choices":[{"data":"AT_EmpoweredMortalDraw","floor":6.0,"key":"SMITH"},{"data":"Streamline","floor":8.0,"key":"SMITH"},{"data":"AT_RightCognition","floor":15.0,"key":"SMITH"},{"data":"Recycle","floor":23,"key":"SMITH"}],"circlet_count":0,"master_deck":["AscendersBane","Strike_B","Defend_B","Defend_B","Defend_B","Defend_B","Zap","Dualcast","AT_EmpoweredMortalDraw+1","Streamline+1","Ball Lightning","AT_RightCognition+1","AT_ThreeBodyProblem","Recycle+1","Creative AI","Turbo+1","AT_RightCognition+1","Cold Snap"],"relics":["Cracked Core","AT_ATBox","Happy Flower","Golden Idol","Pocketwatch","Mummified Hand","Vajra","Inserter","AT_TimeSand"],"acts_visited":["Exordium","TheCity"],"potions_floor_usage":[21],"damage_taken":[{"damage":2.0,"enemies":"Jaw Worm","floor":1.0,"turns":2.0},{"damage":3.0,"enemies":"Small Slimes","floor":2.0,"turns":2.0},{"damage":6.0,"enemies":"Gremlin Nob","floor":7.0,"turns":3.0},{"damage":0.0,"enemies":"3 Sentries","floor":11.0,"turns":1.0},{"damage":0.0,"enemies":"Cultist","floor":12.0,"turns":2.0},{"damage":3.0,"enemies":"Blue Slaver","floor":13.0,"turns":2.0},{"damage":0.0,"enemies":"Slime Boss","floor":16.0,"turns":4.0},{"damage":17.0,"enemies":"2 Thieves","floor":18.0,"turns":2.0},{"damage":19,"enemies":"Shell Parasite","floor":21,"turns":4},{"damage":25,"enemies":"Gremlin Leader","floor":24,"turns":3}],"seed_played":"6982575287705292329","potions_obtained":[{"floor":1.0,"key":"LiquidBronze"},{"floor":7.0,"key":"Weak Potion"},{"floor":21,"key":"FearPotion"}],"is_trial":false,"path_per_floor":["M","M","$","?","?","R","E","R","T","$","E","M","M","$","R","B",null,"M","?","?","M","?","R","E"],"character_chosen":"DEFECT","items_purchased":[],"campfire_rested":0,"item_purchase_floors":[],"current_hp_per_floor":[62,59,59,59,50,50,44,44,44,44,44,44,41,41,41,41,58,41,41,41,22,22,22,0,0],"gold":56,"neow_bonus":"RANDOM_COMMON_RELIC","is_daily":false,"chose_seed":false,"campfire_upgraded":4,"win_rate":0.0,"timestamp":1614408135,"path_taken":["M","M","$","?","?","R","E","R","T","$","E","M","M","$","R","BOSS","M","?","?","?","?","R","E"],"items_purchased_type":[],"build_version":"2020-12-22","purchased_purges":3,"victory":false,"max_hp_per_floor":[71,71,71,64,64,64,64,64,64,64,64,64,64,64,64,64,64,64,64,64,64,64,64,64,64],"card_choices":[{"not_picked":["Steam Power","Barrage"],"picked":"Streamline","floor":1.0},{"not_picked":["Rebound","Sweeping Beam"],"picked":"Ball Lightning","floor":2.0},{"not_picked":["Undo","Compile Driver","Redo"],"picked":"SKIP","floor":7.0},{"not_picked":["Lockon","Hologram"],"picked":"AT_RightCognition","floor":11.0},{"not_picked":["Sweeping Beam","Storm"],"picked":"AT_ThreeBodyProblem","floor":12.0},{"not_picked":["Go for the Eyes","Self Repair"],"picked":"Recycle","floor":13.0},{"not_picked":["Buffer","All For One"],"picked":"Creative AI","floor":16.0},{"not_picked":["Leap","Stack+1"],"picked":"Turbo","floor":18.0},{"not_picked":["AT_EMC2","Rip and Tear"],"picked":"Cold Snap","floor":21}],"player_experience":405036,"relics_obtained":[{"floor":7.0,"key":"Pocketwatch"},{"floor":9.0,"key":"Mummified Hand"},{"floor":11.0,"key":"Vajra"}],"event_choices":[{"damage_healed":0.0,"max_hp_gain":0.0,"max_hp_loss":7.0,"gold_gain":0.0,"event_name":"Golden Idol","player_choice":"Lose Max HP","floor":4.0,"gold_loss":0.0,"damage_taken":0.0,"relics_obtained":["Golden Idol"]},{"damage_healed":0.0,"max_hp_gain":0.0,"max_hp_loss":0.0,"gold_gain":0.0,"event_name":"Wheel of Change","player_choice":"Damaged","floor":5.0,"gold_loss":0.0,"damage_taken":9.0},{"damage_healed":0.0,"max_hp_gain":0.0,"max_hp_loss":0.0,"gold_gain":0.0,"event_name":"Addict","player_choice":"Obtained Relic","floor":19.0,"gold_loss":85.0,"damage_taken":0.0,"relics_obtained":["AT_TimeSand"]},{"damage_healed":0.0,"max_hp_gain":0.0,"max_hp_loss":0.0,"gold_gain":0.0,"event_name":"Duplicator","player_choice":"Copied","floor":20.0,"gold_loss":0.0,"damage_taken":0.0,"cards_obtained":["AT_RightCognition"]},{"damage_healed":0,"gold_gain":0,"player_choice":"Upgraded","damage_taken":0,"max_hp_gain":0,"max_hp_loss":0,"event_name":"Upgrade Shrine","floor":22,"gold_loss":0,"cards_upgraded":["Turbo"]}],"is_beta":false,"boss_relics":[{"not_picked":["Ectoplasm","Pandora\u0027s Box"],"picked":"Inserter"}],"items_purged_floors":[3,10,14],"is_endless":false,"potions_floor_spawned":[1,7,12,13,21],"killed_by":"Gremlin Leader","ascension_level":20}}