{"host":"c6u7e77myxvw4d0m","time":1614423605,"event":{"mods":["AchievementEnabler","BaseMod","Bestiary","Colored Map","Colored Powertips","Minty Spire (QoL Compilation)","Rare Cards Sparkle","Relic Stats","everything is the same but u backflip on backflip"],"gold_per_floor":[117,117,131,143,218,246,260,260,313,313,8,60,95,111,111,187,187,204,204,224,242,292,324,324,324],"floor_reached":24,"language":"ENG","playtime":2179,"items_purged":[],"score":602,"play_id":"3ff05622-aa45-4569-b6ae-d53ecbaf8e61","local_time":"20210227130005","is_ascension_mode":true,"campfire_choices":[{"data":"Acrobatics","floor":8,"key":"SMITH"},{"floor":10,"key":"REST"},{"data":"Neutralize","floor":15,"key":"SMITH"}],"circlet_count":0,"master_deck":["AscendersBane","Survivor+1","Neutralize+1","Endless Agony","Riddle With Holes","Grand Finale","Tools of the Trade","Dagger Spray","Heel Hook","Tactician+1","Sucker Punch","Tactician","Backflip","Dagger Throw","Acrobatics+1","Quick Slash","Underhanded Strike","Well Laid Plans+1","A Thousand Cuts+1","Doppelganger","Leg Sweep","Prepared","PiercingWail+1","Acrobatics"],"relics":["Pandora\u0027s Box","Frozen Egg 2","Bag of Marbles","TheAbacus","Toy Ornithopter","War Paint","Black Star","Meat on the Bone","Bottled Flame"],"acts_visited":["Exordium","TheCity"],"potions_floor_usage":[16,20,23,23],"damage_taken":[{"damage":0,"enemies":"Jaw Worm","floor":1,"turns":3},{"damage":2,"enemies":"2 Louse","floor":3,"turns":2},{"damage":9,"enemies":"Small Slimes","floor":4,"turns":2},{"damage":7,"enemies":"Lagavulin","floor":6,"turns":4},{"damage":3,"enemies":"Looter","floor":7,"turns":2},{"damage":0,"enemies":"Gremlin Nob","floor":13,"turns":2},{"damage":0,"enemies":"Lots of Slimes","floor":14,"turns":3},{"damage":0,"enemies":"Slime Boss","floor":16,"turns":4},{"damage":21,"enemies":"Shell Parasite","floor":18,"turns":2},{"damage":19,"enemies":"2 Thieves","floor":20,"turns":3},{"damage":18,"enemies":"Snake Plant","floor":21,"turns":4},{"damage":14,"enemies":"Slavers","floor":23,"turns":7},{"damage":9,"enemies":"Snecko","floor":24,"turns":3}],"seed_played":"5391901502462680215","potions_obtained":[{"floor":3,"key":"Block Potion"},{"floor":7,"key":"LiquidBronze"},{"floor":16,"key":"Energy Potion"},{"floor":20,"key":"Fire Potion"}],"is_trial":false,"path_per_floor":["M","?","M","M","?","E","M","R","T","R","$","T","E","M","R","B",null,"M","?","M","M","?","E","M"],"character_chosen":"THE_SILENT","items_purchased":["TheAbacus","Well Laid Plans+1","PowerPotion"],"campfire_rested":1,"item_purchase_floors":[11,11,11],"current_hp_per_floor":[59,59,57,48,37,30,27,27,27,46,46,46,46,46,46,51,62,41,41,27,9,9,5,0,0],"gold":324,"neow_bonus":"BOSS_RELIC","is_daily":false,"chose_seed":false,"campfire_upgraded":2,"win_rate":0.0,"timestamp":1614423605,"path_taken":["M","?","M","M","?","E","M","R","T","R","$","?","E","M","R","BOSS","M","?","M","M","?","E","?"],"items_purchased_type":["Relic","Card","Potion"],"build_version":"2020-12-22","purchased_purges":0,"victory":false,"max_hp_per_floor":[66,66,66,66,66,66,66,66,66,66,66,66,66,66,66,66,66,66,66,66,66,66,66,66,66],"relic_stats":{"TheAbacus":[36],"counters":[13,41],"Pandora\u0027s Box":["Endless Agony","Riddle With Holes","Grand Finale","Tools of the Trade","Dagger Spray","Heel Hook","Tactician","Sucker Punch","Tactician","Backflip"],"Black Star":1,"War Paint":["Survivor","Tactician"],"obtain_stats":[{"Bottled Flame":23,"TheAbacus":11,"Pandora\u0027s Box":0,"Bag of Marbles":9,"Black Star":17,"Frozen Egg 2":6,"War Paint":13,"Toy Ornithopter":12,"Ring of the Snake":0,"Meat on the Bone":23},{"Bottled Flame":12,"TheAbacus":5,"Pandora\u0027s Box":0,"Bag of Marbles":5,"Black Star":8,"Frozen Egg 2":4,"War Paint":6,"Toy Ornithopter":5,"Ring of the Snake":0,"Meat on the Bone":12},{"Bottled Flame":38,"TheAbacus":13,"Pandora\u0027s Box":0,"Bag of Marbles":13,"Black Star":22,"Frozen Egg 2":11,"War Paint":15,"Toy Ornithopter":13,"Ring of the Snake":0,"Meat on the Bone":38}],"Toy Ornithopter":20,"Meat on the Bone":0},"card_choices":[{"not_picked":["Dagger Spray","Tactician"],"picked":"Dagger Throw","floor":1},{"not_picked":["All Out Attack","Backflip","Deadly Poison"],"picked":"SKIP","floor":3},{"not_picked":["Night Terror","Infinite Blades"],"picked":"Acrobatics","floor":4},{"not_picked":["Crippling Poison","Catalyst"],"picked":"Quick Slash","floor":6},{"not_picked":["Acrobatics","Cloak And Dagger"],"picked":"Underhanded Strike","floor":7},{"not_picked":["Setup","Prepared"],"picked":"A Thousand Cuts+1","floor":13},{"not_picked":["Backflip","Poisoned Stab","Flying Knee"],"picked":"SKIP","floor":14},{"not_picked":["Glass Knife","Storm of Steel"],"picked":"Doppelganger","floor":16},{"not_picked":["Choke","Cloak And Dagger"],"picked":"Leg Sweep","floor":18},{"not_picked":["Poisoned Stab","Bane"],"picked":"Prepared","floor":20},{"not_picked":["Underhanded Strike","Flying Knee"],"picked":"PiercingWail+1","floor":21},{"not_picked":["Caltrops+1","PiercingWail"],"picked":"Acrobatics","floor":23}],"player_experience":898907,"relics_obtained":[{"floor":6,"key":"Frozen Egg 2"},{"floor":9,"key":"Bag of Marbles"},{"floor":12,"key":"Toy Ornithopter"},{"floor":13,"key":"War Paint"},{"floor":23,"key":"Meat on the Bone"},{"floor":23,"key":"Bottled Flame"}],"event_choices":[{"damage_healed":0,"gold_gain":0,"player_choice":"Ignored","damage_taken":0,"max_hp_gain":0,"max_hp_loss":0,"event_name":"Liars Game","floor":2,"gold_loss":0},{"damage_healed":0,"gold_gain":75,"player_choice":"Gather Gold","damage_taken":11,"max_hp_gain":0,"max_hp_loss":0,"event_name":"World of Goop","floor":5,"gold_loss":0},{"damage_healed":0,"gold_gain":0,"player_choice":"Ignored","damage_taken":0,"max_hp_gain":0,"max_hp_loss":0,"event_name":"Ghosts","floor":19,"gold_loss":0},{"damage_healed":0,"gold_gain":100,"player_choice":"Bet on Murderer","damage_taken":0,"max_hp_gain":0,"max_hp_loss":0,"event_name":"The Joust","floor":22,"gold_loss":50}],"is_beta":false,"boss_relics":[{"not_picked":["Philosopher\u0027s Stone","Ectoplasm"],"picked":"Black Star"}],"items_purged_floors":[],"is_endless":false,"potions_floor_spawned":[3,7,13,16,20],"killed_by":"Snecko","ascension_level":20}}