{"host":"wshey5htrz8rni6u","time":1614449967,"event":{"mods":["2.2 Compatiblity","BaseMod","Block Reminder","Colored Map","Colored Powertips","Current Relic Mod","Curses Come First","Dark Map","Key Reminder","Keyboard Shortcuts","Minty Spire (QoL Compilation)","Potion Indicator Mod","Quick Restart","Random Character Button","Relic Sorter","Relic Stats","StSLib","SuperFastMode","Unceasing Turn Reminder","UnlockEverythingMod","Weighted Paths"],"gold_per_floor":[115,40,40,53,2,31,50,50,74,74,101,101,114,179,179,253,253,273,289,204,204,224,224,224],"floor_reached":23,"language":"ENG","playtime":2371,"items_purged":["Strike_B"],"score":423,"play_id":"959ae799-be59-491d-9aad-53f1a5913528","local_time":"20210227101927","is_ascension_mode":true,"campfire_choices":[{"data":"Consume","floor":8,"key":"SMITH"},{"floor":10,"key":"REST"},{"floor":15,"key":"REST"}],"circlet_count":0,"master_deck":["AscendersBane","Defend_B","Defend_B","Defend_B","Zap","Dualcast","Sweeping Beam","Sweeping Beam","Leap","Buffer","Consume+1","Stack","Doom and Gloom","Cold Snap","Steam","Skim","Genetic Algorithm","Redo","Ball Lightning","Echo Form","Lockon","Capacitor"],"relics":["Cracked Core","Ancient Tea Set","Dream Catcher","Sundial","keyreminder:keyreminder","Letter Opener","Empty Cage","CeramicFish"],"acts_visited":["TheCity"],"potions_floor_usage":[14,16,16,18,23],"damage_taken":[{"damage":2,"enemies":"Jaw Worm","floor":1,"turns":3},{"damage":6,"enemies":"Cultist","floor":4,"turns":4},{"damage":21,"enemies":"3 Sentries","floor":6,"turns":8},{"damage":3,"enemies":"2 Louse","floor":7,"turns":2},{"damage":4,"enemies":"Gremlin Nob","floor":11,"turns":5},{"damage":1,"enemies":"2 Fungi Beasts","floor":13,"turns":4},{"damage":18,"enemies":"Gremlin Nob","floor":14,"turns":5},{"damage":0,"enemies":"The Guardian","floor":16,"turns":9},{"damage":14,"enemies":"Chosen","floor":18,"turns":6},{"damage":2,"enemies":"Shell Parasite","floor":19,"turns":9},{"damage":25,"enemies":"Centurion and Healer","floor":22,"turns":9},{"damage":16,"enemies":"Slavers","floor":23,"turns":2}],"seed_played":"-2170511102675933545","potions_obtained":[{"floor":6,"key":"Fire Potion"},{"floor":7,"key":"Explosive Potion"},{"floor":11,"key":"Energy Potion"},{"floor":14,"key":"ColorlessPotion"},{"floor":16,"key":"GamblersBrew"},{"floor":19,"key":"Strength Potion"}],"is_trial":false,"path_per_floor":["M","$","?","M","$","E","M","R","T","R","E","?","M","?","R","B",null,"M","M","?","?","M","E"],"character_chosen":"DEFECT","items_purchased":["Stack"],"campfire_rested":2,"item_purchase_floors":[5],"current_hp_per_floor":[62,62,62,56,56,35,32,32,32,51,47,52,51,33,53,53,65,51,49,49,49,24,8,8],"gold":224,"neow_bonus":"TRANSFORM_TWO_CARDS","is_daily":false,"chose_seed":false,"campfire_upgraded":1,"win_rate":0.0,"timestamp":1614449967,"path_taken":["M","$","?","?","$","E","M","R","T","R","E","?","M","?","R","BOSS","M","M","?","?","?","E"],"items_purchased_type":["Card"],"build_version":"2020-12-13","purchased_purges":1,"victory":false,"max_hp_per_floor":[64,64,64,64,64,64,64,64,64,64,64,69,69,69,69,69,69,69,69,69,69,69,69,69],"relic_stats":{"Dream Catcher":2,"counters":[12,66],"Sundial":[6],"CeramicFish":9,"Letter Opener":[60],"obtain_stats":[{"keyreminder:keyreminder":11,"Dream Catcher":9,"Sundial":11,"CeramicFish":20,"Letter Opener":14,"Cracked Core":0,"Ancient Tea Set":6,"Empty Cage":17},{"keyreminder:keyreminder":5,"Dream Catcher":4,"Sundial":5,"CeramicFish":10,"Letter Opener":7,"Cracked Core":0,"Ancient Tea Set":3,"Empty Cage":8},{"keyreminder:keyreminder":22,"Dream Catcher":17,"Sundial":22,"CeramicFish":55,"Letter Opener":31,"Cracked Core":0,"Ancient Tea Set":15,"Empty Cage":40}]},"card_choices":[{"not_picked":["Steam","Heatsinks"],"picked":"Leap","floor":1},{"not_picked":["BootSequence","Recycle"],"picked":"Consume","floor":4},{"not_picked":["Storm","Compile Driver"],"picked":"Doom and Gloom","floor":6},{"not_picked":["Chaos","Turbo"],"picked":"Cold Snap","floor":7},{"not_picked":["Recycle","Gash"],"picked":"Steam","floor":10},{"not_picked":["Defragment","Ball Lightning"],"picked":"Skim","floor":11},{"not_picked":["Go for the Eyes","Rebound"],"picked":"Genetic Algorithm","floor":13},{"not_picked":["Loop","Ball Lightning"],"picked":"Redo","floor":14},{"not_picked":["Undo","Fusion"],"picked":"Ball Lightning","floor":15},{"not_picked":["Amplify","Machine Learning"],"picked":"Echo Form","floor":16},{"not_picked":["Barrage","Rebound","Redo"],"picked":"SKIP","floor":18},{"not_picked":["Stack","Ball Lightning"],"picked":"Lockon","floor":19},{"not_picked":["Reprogram","Defragment"],"picked":"Capacitor","floor":22}],"player_experience":237982,"relics_obtained":[{"floor":6,"key":"Ancient Tea Set"},{"floor":9,"key":"Dream Catcher"},{"floor":11,"key":"Sundial"},{"floor":14,"key":"Letter Opener"}],"event_choices":[{"damage_healed":0,"gold_gain":0,"player_choice":"1 cards matched","damage_taken":0,"max_hp_gain":0,"max_hp_loss":0,"event_name":"Match and Keep!","floor":3,"gold_loss":0,"cards_obtained":["Buffer"]},{"damage_healed":0,"gold_gain":0,"player_choice":"Donut","damage_taken":0,"max_hp_gain":5,"max_hp_loss":0,"event_name":"Big Fish","floor":12,"gold_loss":0},{"damage_healed":0,"gold_gain":0,"player_choice":"Searched \u00272\u0027 times","damage_taken":0,"max_hp_gain":0,"max_hp_loss":0,"event_name":"Dead Adventurer","floor":14,"gold_loss":0},{"damage_healed":0,"gold_gain":0,"player_choice":"Obtained Relic","damage_taken":0,"relics_obtained":["CeramicFish"],"max_hp_gain":0,"max_hp_loss":0,"event_name":"Addict","floor":20,"gold_loss":85},{"damage_healed":0,"gold_gain":0,"player_choice":"Ignored","damage_taken":0,"max_hp_gain":0,"max_hp_loss":0,"event_name":"NoteForYourself","floor":21,"gold_loss":0}],"is_beta":false,"boss_relics":[{"not_picked":["Snecko Eye","FrozenCore"],"picked":"Empty Cage"}],"items_purged_floors":[2],"is_endless":false,"potions_floor_spawned":[6,7,11,14,16,19],"killed_by":"Slavers","ascension_level":14}}