{"host":"rantoq7h0pygex6x","time":1614430661,"event":{"mods":["AchievementEnabler","BaseMod","BetterRewards","Minty Spire (QoL Compilation)","SuperFastMode"],"gold_per_floor":[112,112,122,98,373,373,388,388,388],"floor_reached":8,"language":"ENG","playtime":136,"items_purged":["Strike_R"],"score":92,"play_id":"4ac6a0f3-405b-4927-ba42-552182cbce1b","local_time":"20210227205741","is_ascension_mode":true,"campfire_choices":[{"floor":6,"key":"REST"}],"circlet_count":0,"master_deck":["AscendersBane","Strike_R","Strike_R","Strike_R+1","Strike_R","Defend_R","Defend_R+1","Defend_R","Defend_R","Bash","Body Slam","Dropkick","Doubt","Uppercut","Armaments","Regret"],"relics":["Burning Blood","Kunai","SacredBark"],"acts_visited":["Exordium"],"potions_floor_usage":[7],"damage_taken":[{"damage":15,"enemies":"Cultist","floor":1,"turns":5},{"damage":11,"enemies":"2 Louse","floor":3,"turns":3},{"damage":7,"enemies":"Jaw Worm","floor":7,"turns":6},{"damage":37,"enemies":"3 Sentries","floor":8,"turns":5}],"seed_played":"-6840681827726261344","potions_obtained":[{"floor":1,"key":"SteroidPotion"},{"floor":3,"key":"SkillPotion"}],"is_trial":false,"path_per_floor":["M","?","M","$","?","R","M","E"],"character_chosen":"IRONCLAD","items_purchased":["Kunai","Body Slam","Dropkick","Armaments"],"campfire_rested":1,"item_purchase_floors":[0,0,0,4],"current_hp_per_floor":[39,16,11,11,11,33,32,0,0],"gold":388,"neow_bonus":"","is_daily":false,"chose_seed":false,"campfire_upgraded":0,"win_rate":0.0,"timestamp":1614430661,"path_taken":["M","?","M","$","?","R","M","E"],"items_purchased_type":["Relic","Card","Card","Card"],"build_version":"2020-12-22","purchased_purges":1,"victory":false,"max_hp_per_floor":[75,75,75,75,75,75,75,75,75],"card_choices":[{"not_picked":["Pummel","Sword Boomerang","Evolve"],"picked":"SKIP","floor":1},{"not_picked":["Burning Pact","Thunderclap"],"picked":"Uppercut","floor":3},{"not_picked":["Whirlwind","Sword Boomerang","Clothesline"],"picked":"SKIP","floor":7}],"player_experience":1014871,"relics_obtained":[],"event_choices":[{"damage_healed":0,"gold_gain":0,"player_choice":"Entered Light","damage_taken":23,"max_hp_gain":0,"max_hp_loss":0,"event_name":"Shining Light","floor":2,"gold_loss":0,"cards_upgraded":["Defend_R","Strike_R"]},{"damage_healed":0,"gold_gain":275,"player_choice":"Desecrate","damage_taken":0,"max_hp_gain":0,"max_hp_loss":0,"event_name":"Golden Shrine","floor":5,"gold_loss":0,"cards_obtained":["Regret"]}],"is_beta":false,"boss_relics":[],"items_purged_floors":[0],"is_endless":false,"potions_floor_spawned":[1,3],"killed_by":"3 Sentries","ascension_level":20}}