{"host":"yunadyb0795wtij7","time":1614437223,"event":{"mods":["BaseMod","Downfall","Minty Spire (QoL Compilation)","StSLib","[IsaacMod]ÒÔÈö¼âËþ"],"gold_per_floor":[99,99,99,99,99,119,119,119,119,29,82,102,130,141,159,209,209,209],"floor_reached":16,"language":"ZHS","playtime":935,"items_purged":["Guardian:Strike_Guardian"],"score":108,"play_id":"14c4b8bc-fce0-404d-8fc4-157c7bf23848","local_time":"20210227224703","is_ascension_mode":false,"campfire_choices":[{"data":"BettingIsNotGood","floor":1,"key":"SMITH"},{"data":"Guardian:PrismaticBeam","floor":8,"key":"SMITH"}],"circlet_count":0,"master_deck":["Guardian:Strike_Guardian","Guardian:Strike_Guardian","Guardian:Defend_Guardian","Guardian:Defend_Guardian","Guardian:Defend_Guardian","Guardian:Defend_Guardian","Guardian:CurlUp","Guardian:TwinSlam","BettingIsNotGood+1","Guardian:PrismaticBeam+1","Guardian:Gem_White","Guardian:Gem_Blue","Guardian:Planning","Guardian:Gem_Blue","Guardian:EvasiveProtocol","Guardian:VentSteam","Guardian:Gem_Fragmented","Guardian:ShieldCharger","Guardian:Preprogram","Guardian:Suspension"],"relics":["Guardian:ModeShifter","HushsDoor","downfall:HeartsMalice","Guardian:PickAxe","BookofShadows","NineVolt","Nunchaku","sneckomod:BlankCard","SharpPlug"],"acts_visited":["Exordium"],"potions_floor_usage":[13,16,16],"damage_taken":[{"damage":0,"enemies":"Cultist","floor":2,"turns":1},{"damage":0,"enemies":"Cultist","floor":3,"turns":1},{"damage":0,"enemies":"Small Slimes","floor":4,"turns":1},{"damage":3,"enemies":"Jaw Worm","floor":6,"turns":5},{"damage":8,"enemies":"downfall:FleeingMerchant","floor":10,"turns":4},{"damage":9,"enemies":"Lagavulin","floor":11,"turns":6},{"damage":0,"enemies":"2 Fungi Beasts","floor":12,"turns":2},{"damage":4,"enemies":"Gremlin Nob","floor":13,"turns":4},{"damage":12,"enemies":"Blue Slaver","floor":14,"turns":5},{"damage":17,"enemies":"Exordium Wildlife","floor":15,"turns":5},{"damage":17,"enemies":"DF_ARCHETYPE_STREAMLINE","floor":16,"turns":8}],"seed_played":"-5480082564927355842","potions_obtained":[{"floor":11,"key":"Guardian:BlockOnCardUsePotion"},{"floor":12,"key":"Fire Potion"},{"floor":13,"key":"bronze:BurnAndBuffPotion"}],"is_trial":false,"path_per_floor":["R","M","?","M","?","M","T","R","?","$","E","M","E","M","M","B"],"character_chosen":"GUARDIAN","items_purchased":[],"campfire_rested":0,"item_purchase_floors":[],"current_hp_per_floor":[80,80,50,50,50,57,57,57,54,46,37,47,43,31,14,0,0,0],"gold":209,"neow_bonus":"THREE_ENEMY_KILL","is_daily":false,"chose_seed":false,"campfire_upgraded":2,"win_rate":0.0,"timestamp":1614437223,"path_taken":["R","M","?","?","?","M","T","R","?","$","E","?","E","M","M","BOSS"],"items_purchased_type":[],"build_version":"2020-12-22","purchased_purges":1,"victory":false,"max_hp_per_floor":[80,80,80,80,80,80,80,80,80,80,80,80,80,80,80,80,80,80],"card_choices":[{"not_picked":[],"picked":"BettingIsNotGood","floor":0},{"not_picked":["Guardian:CrystalBeam","Guardian:ChargeCore"],"picked":"Guardian:PrismaticBeam","floor":2},{"not_picked":["Guardian:WalkerClaw","Bomb"],"picked":"Guardian:Planning","floor":4},{"not_picked":["Guardian:Gem_Red","Guardian:ShieldCharger"],"picked":"Guardian:Gem_Blue","floor":6},{"not_picked":["Guardian:Orbwalk","Guardian:MultiBeam"],"picked":"Guardian:EvasiveProtocol","floor":10},{"not_picked":["Guardian:Reroute","Guardian:PiercingHide"],"picked":"Guardian:VentSteam","floor":11},{"not_picked":["Guardian:Repulse","Guardian:ChargeCore"],"picked":"Guardian:Gem_Fragmented","floor":12},{"not_picked":["Guardian:StasisStrike","Guardian:TemporalShield"],"picked":"Guardian:ShieldCharger","floor":13},{"not_picked":["Guardian:TemporalStrike","Guardian:Recover"],"picked":"Guardian:Preprogram","floor":14},{"not_picked":["Guardian:TemporalShield","Guardian:VentSteam"],"picked":"Guardian:Suspension","floor":15}],"player_experience":12723,"relics_obtained":[{"floor":7,"key":"BookofShadows"},{"floor":11,"key":"sneckomod:BlankCard"},{"floor":13,"key":"SharpPlug"}],"event_choices":[{"damage_healed":0,"gold_gain":0,"player_choice":"Success","damage_taken":3,"relics_obtained":["Nunchaku"],"max_hp_gain":0,"max_hp_loss":0,"event_name":"Scrap Ooze","floor":9,"gold_loss":0}],"is_beta":false,"boss_relics":[],"items_purged_floors":[10],"is_endless":false,"potions_floor_spawned":[11,12,13],"killed_by":"DF_ARCHETYPE_STREAMLINE","ascension_level":0}}