{"host":"szp1d6dso4pv7ddl","time":1614441252,"event":{"mods":["AchievementEnabler","Alarm Clock","BaseMod","Bestiary","Block Reminder","Colored Map","Colored Powertips","Curses Come First","Dark Map","Displayed Cursed Tome","Highlight Path","Minty Spire (QoL Compilation)","Permanent Neow","Quick Restart","Relic Sorter","Relic Stats","StSLib","Synergy Search"],"gold_per_floor":[10,27,37,54,65,65,65,65],"floor_reached":7,"language":"ENG","playtime":733,"items_purged":[],"score":90,"play_id":"5d524d7a-93bb-4719-ada2-6f7e29bdec58","local_time":"20210227075412","is_ascension_mode":true,"campfire_choices":[{"floor":6,"key":"REST"}],"circlet_count":0,"master_deck":["AscendersBane","Strike_G","Strike_G","Strike_G","Strike_G","Strike_G","Defend_G","Defend_G","Defend_G","Defend_G","Defend_G","Survivor","Neutralize","Dagger Spray","PiercingWail","Acrobatics","Noxious Fumes"],"relics":["Ring of the Snake","WingedGreaves"],"acts_visited":["Exordium"],"potions_floor_usage":[5],"damage_taken":[{"damage":8.0,"enemies":"Jaw Worm","floor":1.0,"turns":7.0},{"damage":0.0,"enemies":"Cultist","floor":2.0,"turns":4.0},{"damage":2,"enemies":"2 Louse","floor":3,"turns":2},{"damage":21,"enemies":"Red Slaver","floor":4,"turns":6},{"damage":25,"enemies":"Exordium Wildlife","floor":5,"turns":4},{"damage":30,"enemies":"Gremlin Nob","floor":7,"turns":3}],"seed_played":"1550022518922067819","potions_obtained":[{"floor":1.0,"key":"SneckoOil"}],"is_trial":false,"path_per_floor":["M","M","M","M","M","R","E"],"character_chosen":"THE_SILENT","items_purchased":[],"campfire_rested":1,"item_purchase_floors":[],"current_hp_per_floor":[51,51,49,28,3,22,0,0],"gold":65,"neow_bonus":"ONE_RARE_RELIC","is_daily":false,"chose_seed":false,"campfire_upgraded":0,"win_rate":0.0,"timestamp":1614441252,"path_taken":["M","M","M","M","M","R","E"],"items_purchased_type":[],"build_version":"2020-12-22","purchased_purges":0,"victory":false,"max_hp_per_floor":[66,66,66,66,66,66,66,66],"relic_stats":{"counters":[6,26],"obtain_stats":[{"WingedGreaves":0,"Ring of the Snake":0},{"WingedGreaves":0,"Ring of the Snake":0},{"WingedGreaves":0,"Ring of the Snake":0}],"Ring of the Snake":[12]},"card_choices":[{"not_picked":["Blur","PiercingWail"],"picked":"Dagger Spray","floor":1.0},{"not_picked":["Bane","Flying Knee"],"picked":"PiercingWail","floor":2},{"not_picked":["Infinite Blades","Endless Agony","Slice"],"picked":"SKIP","floor":3},{"not_picked":["Concentrate","Underhanded Strike"],"picked":"Acrobatics","floor":4},{"not_picked":["Doppelganger","Blur"],"picked":"Noxious Fumes","floor":5}],"player_experience":1673625,"relics_obtained":[],"event_choices":[],"is_beta":false,"boss_relics":[],"items_purged_floors":[],"is_endless":false,"potions_floor_spawned":[1],"killed_by":"Gremlin Nob","ascension_level":20}}