{"host":"jpcy2bclvs7juczu","time":1614422527,"event":{"mods":["Alarm Clock","BaseMod","Bestiary","Block Reminder","Colored Map","Colored Powertips","Curses Come First","Dark Map","Filter the Spire","Minty Spire (QoL Compilation)","Quick Restart","RNG Fix","Relic Stats","Smile Girya","StSLib","everything is the same but u backflip on backflip","ojb\u0027s Better Paths Mod","ojb\u0027s Info Mod: The sequel","slay the spire mod where everything is the same but ironclad has a cowboy hat"],"gold_per_floor":[110,120,134,151,20,20,53,53,103,103,130,141,154,154,154,225,225,243,243,57,67,86,112,131,150,150,183,183,213,39,66,66,140,140,157,157,167,185,200,200,235,235,235,265,85,113,113,30,30,30,30,30,30,279,310,310],"floor_reached":57,"language":"ENG","playtime":3064,"items_purged":["Strike_R","Parasite"],"score":3385,"play_id":"01569a12-4078-409f-93cd-24472a4b9163","local_time":"20210227054207","is_ascension_mode":true,"campfire_choices":[{"data":"Cleave","floor":6.0,"key":"SMITH"},{"data":"Inflame","floor":8.0,"key":"SMITH"},{"data":"Pummel","floor":10.0,"key":"SMITH"},{"data":"Bash","floor":15.0,"key":"SMITH"},{"data":"Barricade","floor":32.0,"key":"SMITH"},{"data":"Secret Technique","floor":40.0,"key":"SMITH"},{"data":"Shockwave","floor":42.0,"key":"SMITH"},{"floor":49.0,"key":"RECALL"},{"data":"Second Wind","floor":53,"key":"SMITH"}],"circlet_count":0,"master_deck":["AscendersBane","Strike_R+1","Strike_R+1","Strike_R+1","Strike_R+1","Defend_R+1","Defend_R+1","Defend_R+1","Defend_R+1","Bash+1","Cleave+1","Second Wind+1","Inflame+1","Pummel+1","Disarm","Evolve","Spot Weakness","Heavy Blade+1","Offering","Shockwave+1","Burning Pact","Master of Strategy","Anger+1","Havoc","Wild Strike+1","Rage","Barricade+1","Power Through","Impervious+1","Secret Technique+1","Dark Shackles","Power Through","Impervious+1","Barricade","Feel No Pain+1","Feel No Pain","Purity","Good Instincts","Panache","Dropkick+1","Apotheosis+1"],"relics":["Burning Blood","Bag of Preparation","Letter Opener","MealTicket","Question Card","Coffee Dripper","Molten Egg 2","Paper Frog","Mercury Hourglass","Oddly Smooth Stone","Sundial","Busted Crown","Bottled Lightning","Self Forming Clay","Pocketwatch","The Courier","OrangePellets","Blood Vial","Bag of Marbles","Kunai","Lantern","Vajra","Pen Nib","Art of War","Nunchaku","War Paint","Blue Candle","Anchor","Lizard Tail","Eternal Feather","Boot","InkBottle","CaptainsWheel","Bottled Tornado","Shuriken","Pear","Red Skull","Mummified Hand","Thread and Needle","Bronze Scales","Gremlin Horn","Akabeko","Happy Flower","Whetstone","StrikeDummy","Ice Cream","Ornamental Fan","Bird Faced Urn","Torii","Ginger","Calipers","Incense Burner","TungstenRod","StoneCalendar","Turnip","FossilizedHelix","Champion Belt","Charon\u0027s Ashes","Unceasing Top","Magic Flower","Gambling Chip","Orichalcum","Bottled Flame"],"acts_visited":["Exordium","TheCity","TheBeyond","TheEnding"],"potions_floor_usage":[51,56,56],"damage_taken":[{"damage":1.0,"enemies":"Cultist","floor":1.0,"turns":3.0},{"damage":0.0,"enemies":"2 Louse","floor":2.0,"turns":4.0},{"damage":7.0,"enemies":"Small Slimes","floor":3.0,"turns":4.0},{"damage":14.0,"enemies":"Blue Slaver","floor":4.0,"turns":4.0},{"damage":8.0,"enemies":"Gremlin Nob","floor":7.0,"turns":3.0},{"damage":15.0,"enemies":"Lagavulin","floor":11.0,"turns":5.0},{"damage":23.0,"enemies":"Exordium Thugs","floor":12.0,"turns":4.0},{"damage":7.0,"enemies":"Gremlin Gang","floor":13.0,"turns":3.0},{"damage":40.0,"enemies":"Hexaghost","floor":16.0,"turns":9.0},{"damage":6.0,"enemies":"Chosen","floor":18.0,"turns":2.0},{"damage":12.0,"enemies":"Spheric Guardian","floor":21.0,"turns":3.0},{"damage":13.0,"enemies":"Centurion and Healer","floor":22.0,"turns":4.0},{"damage":45.0,"enemies":"Book of Stabbing","floor":23.0,"turns":4.0},{"damage":19.0,"enemies":"Shelled Parasite and Fungi","floor":24.0,"turns":3.0},{"damage":13.0,"enemies":"Cultist and Chosen","floor":25.0,"turns":5.0},{"damage":6.0,"enemies":"Gremlin Leader","floor":27.0,"turns":5.0},{"damage":23.0,"enemies":"Book of Stabbing","floor":29.0,"turns":5.0},{"damage":6.0,"enemies":"Slavers","floor":31.0,"turns":3.0},{"damage":13.0,"enemies":"Collector","floor":33.0,"turns":9.0},{"damage":7.0,"enemies":"3 Shapes","floor":35.0,"turns":4.0},{"damage":18.0,"enemies":"3 Darklings","floor":37.0,"turns":3.0},{"damage":6.0,"enemies":"Writhing Mass","floor":38.0,"turns":5.0},{"damage":0.0,"enemies":"4 Shapes","floor":39.0,"turns":6.0},{"damage":6.0,"enemies":"Nemesis","floor":41.0,"turns":7.0},{"damage":6.0,"enemies":"Giant Head","floor":44.0,"turns":6.0},{"damage":6.0,"enemies":"Nemesis","floor":46.0,"turns":10.0},{"damage":24.0,"enemies":"Awakened One","floor":50.0,"turns":15.0},{"damage":24,"enemies":"Donu and Deca","floor":51,"turns":17},{"damage":0,"enemies":"Shield and Spear","floor":55,"turns":3},{"damage":0,"enemies":"The Heart","floor":56,"turns":5}],"seed_played":"-2677357087652925562","potions_obtained":[{"floor":1.0,"key":"Energy Potion"},{"floor":2.0,"key":"SpeedPotion"},{"floor":3.0,"key":"Fruit Juice"},{"floor":7.0,"key":"AttackPotion"},{"floor":14.0,"key":"EntropicBrew"},{"floor":14.0,"key":"BloodPotion"},{"floor":16.0,"key":"Strength Potion"},{"floor":27.0,"key":"BloodPotion"},{"floor":29.0,"key":"DistilledChaos"},{"floor":35.0,"key":"Explosive Potion"},{"floor":39.0,"key":"Block Potion"},{"floor":46.0,"key":"ElixirPotion"}],"is_trial":false,"path_per_floor":["M","M","M","M","$","R","E","R","T","R","E","M","M","?","R","B",null,"M","?","$","M","M","E","M","M","T","E","?","E","$","E","R","B",null,"M","?","M","M","M","R","E","R","T","E","$","E","T","$","R","B","B",null,"R","$","E","B",null],"character_chosen":"IRONCLAD","items_purchased":["FearPotion","Master of Strategy","Barricade","Impervious","OrangePellets","Blood Vial","Bag of Marbles","Kunai","Lantern","Vajra","Feel No Pain","Swift Potion","SkillPotion","DuplicationPotion","Pen Nib","Art of War","Nunchaku","War Paint","Blue Candle","Anchor","Lizard Tail","Eternal Feather","Boot","InkBottle","CaptainsWheel","Bottled Tornado","Shuriken","Pear","Red Skull","Mummified Hand","Thread and Needle","Bronze Scales","Gremlin Horn","Akabeko","Happy Flower","Whetstone","StrikeDummy","Ice Cream","Ornamental Fan","Bird Faced Urn","Torii","Ginger","Calipers","Incense Burner","TungstenRod","StoneCalendar","Turnip","FossilizedHelix","Champion Belt","Charon\u0027s Ashes","Unceasing Top","Magic Flower","Gambling Chip","Orichalcum","Bottled Flame","Purity","Good Instincts","Panache","Dropkick+1"],"campfire_rested":0,"item_purchase_floors":[5,20,30,45,54,54,54,54,54,54,54,54,54,54,54,54,54,54,54,54,54,54,54,54,54,54,54,54,54,54,54,54,54,54,54,54,54,54,54,54,54,54,54,54,54,54,54,54,54,54,54,54,54,54,54,54,54,54,54],"current_hp_per_floor":[73,75,74,66,71,71,69,69,69,69,60,43,42,42,42,24,66,66,66,80,74,67,28,15,8,8,8,8,7,22,22,22,15,64,63,53,41,41,47,47,47,47,47,47,62,62,62,77,77,59,41,70,70,87,87,87],"gold":310,"neow_bonus":"RANDOM_COMMON_RELIC","is_daily":false,"chose_seed":false,"campfire_upgraded":8,"win_rate":0.0,"timestamp":1614422527,"path_taken":["M","M","M","M","$","R","E","R","T","R","E","M","M","?","R","BOSS","M","?","$","M","M","E","M","M","T","E","?","E","$","E","R","BOSS","M","?","M","M","M","R","E","R","T","E","$","E","?","$","R","BOSS","BOSS","R","$","E","BOSS"],"items_purchased_type":["Potion","Card","Card","Card","Relic","Relic","Relic","Relic","Relic","Relic","Card","Potion","Potion","Potion","Relic","Relic","Relic","Relic","Relic","Relic","Relic","Relic","Relic","Relic","Relic","Relic","Relic","Relic","Relic","Relic","Relic","Relic","Relic","Relic","Relic","Relic","Relic","Relic","Relic","Relic","Relic","Relic","Relic","Relic","Relic","Relic","Relic","Relic","Relic","Relic","Relic","Relic","Relic","Relic","Relic","Card","Card","Card","Card"],"build_version":"2020-12-22","purchased_purges":2,"victory":true,"max_hp_per_floor":[75,75,75,75,80,80,80,80,80,80,80,80,80,80,80,80,80,80,80,80,80,80,80,80,80,80,80,80,80,80,80,80,80,80,80,80,80,80,80,80,80,80,80,80,80,80,80,80,80,80,80,80,80,87,87,87],"relic_stats":{"Gremlin Horn":[1,1],"Torii":0,"Magic Flower":[0],"StoneCalendar":[0],"Bag of Preparation":[60],"Whetstone":["Heavy Blade","Anger"],"Ginger":[2],"Boot":[0],"Burning Blood":164,"Blood Vial":0,"Nunchaku":[2],"Lizard Tail":0,"Sundial":[10],"Mummified Hand":[14],"Gambling Chip":[7],"MealTicket":69,"Kunai":[5],"InkBottle":[7],"Happy Flower":[2],"counters":[30,163],"Self Forming Clay":[24],"Blue Candle":[1],"Eternal Feather":0,"Pen Nib":[2],"Charon\u0027s Ashes":[123],"Letter Opener":[437],"War Paint":["Impervious","Impervious"],"Orichalcum":[6],"Question Card":24,"Mercury Hourglass":[326],"OrangePellets":[1],"Busted Crown":22,"Shuriken":[5],"Ornamental Fan":[20],"Bronze Scales":[96],"Bird Faced Urn":[0],"Turnip":[2],"Art of War":[0],"Champion Belt":[4],"obtain_stats":[{"Ice Cream":54,"Calipers":54,"Gremlin Horn":54,"Vajra":54,"Whetstone":54,"Ginger":54,"Bottled Tornado":54,"Boot":54,"Blood Vial":54,"Lizard Tail":54,"Sundial":31,"MealTicket":9,"Kunai":54,"Pear":54,"Happy Flower":54,"Blue Candle":54,"Oddly Smooth Stone":29,"Eternal Feather":54,"Pen Nib":54,"Charon\u0027s Ashes":54,"Letter Opener":7,"War Paint":54,"Question Card":11,"Akabeko":54,"OrangePellets":54,"Bottled Flame":54,"Shuriken":54,"Bronze Scales":54,"Bird Faced Urn":54,"Molten Egg 2":23,"StrikeDummy":54,"Unceasing Top":54,"Pocketwatch":46,"Lantern":54,"Torii":54,"Magic Flower":54,"StoneCalendar":54,"Bag of Preparation":0,"Incense Burner":54,"Burning Blood":0,"Nunchaku":54,"Mummified Hand":54,"Gambling Chip":54,"InkBottle":54,"Red Skull":54,"Paper Frog":26,"Self Forming Clay":44,"Thread and Needle":54,"The Courier":54,"Orichalcum":54,"Mercury Hourglass":27,"Anchor":54,"CaptainsWheel":54,"Busted Crown":34,"Ornamental Fan":54,"Turnip":54,"Coffee Dripper":17,"Bag of Marbles":54,"Art of War":54,"Bottled Lightning":41,"Champion Belt":54,"TungstenRod":54,"FossilizedHelix":54},{"Ice Cream":28,"Calipers":28,"Gremlin Horn":28,"Vajra":28,"Whetstone":28,"Ginger":28,"Bottled Tornado":28,"Boot":28,"Blood Vial":28,"Lizard Tail":28,"Sundial":18,"MealTicket":5,"Kunai":28,"Pear":28,"Happy Flower":28,"Blue Candle":28,"Oddly Smooth Stone":17,"Eternal Feather":28,"Pen Nib":28,"Charon\u0027s Ashes":28,"Letter Opener":5,"War Paint":28,"Question Card":6,"Akabeko":28,"OrangePellets":28,"Bottled Flame":28,"Shuriken":28,"Bronze Scales":28,"Bird Faced Urn":28,"Molten Egg 2":13,"StrikeDummy":28,"Unceasing Top":28,"Pocketwatch":26,"Lantern":28,"Torii":28,"Magic Flower":28,"StoneCalendar":28,"Bag of Preparation":0,"Incense Burner":28,"Burning Blood":0,"Nunchaku":28,"Mummified Hand":28,"Gambling Chip":28,"InkBottle":28,"Red Skull":28,"Paper Frog":15,"Self Forming Clay":25,"Thread and Needle":28,"The Courier":28,"Orichalcum":28,"Mercury Hourglass":16,"Anchor":28,"CaptainsWheel":28,"Busted Crown":19,"Ornamental Fan":28,"Turnip":28,"Coffee Dripper":9,"Bag of Marbles":28,"Art of War":28,"Bottled Lightning":24,"Champion Belt":28,"TungstenRod":28,"FossilizedHelix":28},{"Ice Cream":155,"Calipers":155,"Gremlin Horn":155,"Vajra":155,"Whetstone":155,"Ginger":155,"Bottled Tornado":155,"Boot":155,"Blood Vial":155,"Lizard Tail":155,"Sundial":73,"MealTicket":18,"Kunai":155,"Pear":155,"Happy Flower":155,"Blue Candle":155,"Oddly Smooth Stone":70,"Eternal Feather":155,"Pen Nib":155,"Charon\u0027s Ashes":155,"Letter Opener":18,"War Paint":155,"Question Card":23,"Akabeko":155,"OrangePellets":155,"Bottled Flame":155,"Shuriken":155,"Bronze Scales":155,"Bird Faced Urn":155,"Molten Egg 2":52,"StrikeDummy":155,"Unceasing Top":155,"Pocketwatch":123,"Lantern":155,"Torii":155,"Magic Flower":155,"StoneCalendar":155,"Bag of Preparation":0,"Incense Burner":155,"Burning Blood":0,"Nunchaku":155,"Mummified Hand":155,"Gambling Chip":155,"InkBottle":155,"Red Skull":155,"Paper Frog":60,"Self Forming Clay":113,"Thread and Needle":155,"The Courier":155,"Orichalcum":155,"Mercury Hourglass":65,"Anchor":155,"CaptainsWheel":155,"Busted Crown":82,"Ornamental Fan":155,"Turnip":155,"Coffee Dripper":39,"Bag of Marbles":155,"Art of War":155,"Bottled Lightning":107,"Champion Belt":155,"TungstenRod":155,"FossilizedHelix":155}],"TungstenRod":1,"Unceasing Top":[8],"Pocketwatch":[18]},"card_choices":[{"not_picked":["Body Slam","Shrug It Off"],"picked":"Cleave","floor":1.0},{"not_picked":["Sword Boomerang","Body Slam"],"picked":"Second Wind","floor":2.0},{"not_picked":["Rampage","Clash"],"picked":"Inflame","floor":3.0},{"not_picked":["Shrug It Off","Warcry"],"picked":"Pummel","floor":4.0},{"not_picked":["Twin Strike","Heavy Blade"],"picked":"Disarm","floor":7.0},{"not_picked":["Wild Strike","Twin Strike"],"picked":"Evolve","floor":11.0},{"not_picked":["Combust","Intimidate","Iron Wave"],"picked":"Spot Weakness","floor":12.0},{"not_picked":["Anger","Wild Strike","Seeing Red"],"picked":"Heavy Blade","floor":13.0},{"not_picked":["Feed","Juggernaut","Bludgeon"],"picked":"Offering","floor":16.0},{"not_picked":["Perfected Strike","Headbutt","True Grit"],"picked":"Shockwave","floor":18.0},{"not_picked":["Thunderclap","Rage","Warcry"],"picked":"Anger","floor":21.0},{"not_picked":["Reckless Charge","Rampage","True Grit","Clothesline"],"picked":"SKIP","floor":22.0},{"not_picked":["Infernal Blade","Bludgeon+1","Dual Wield"],"picked":"Havoc","floor":23.0},{"not_picked":["Searing Blow+1","Perfected Strike+1","Combust"],"picked":"Wild Strike+1","floor":24.0},{"not_picked":["Combust","Pummel+1","Perfected Strike+1","Clash+1"],"picked":"SKIP","floor":25.0},{"not_picked":["Bludgeon+1","Warcry+1","Heavy Blade+1"],"picked":"Rage","floor":27.0},{"not_picked":["Clash+1","Inflame","Rampage+1","Double Tap"],"picked":"SKIP","floor":29.0},{"not_picked":["Heavy Blade+1","Wild Strike+1","Twin Strike+1"],"picked":"Power Through","floor":31.0},{"not_picked":["Double Tap","Barricade","Bludgeon+1"],"picked":"Impervious","floor":33.0},{"not_picked":["Flex","Searing Blow+1"],"picked":"SKIP","floor":35.0},{"not_picked":["Madness"],"picked":"Secret Technique","floor":36.0},{"not_picked":["Metamorphosis"],"picked":"Dark Shackles","floor":36.0},{"not_picked":["Intimidate","Wild Strike+1"],"picked":"SKIP","floor":37.0},{"not_picked":["Warcry","Fire Breathing+1"],"picked":"SKIP","floor":38.0},{"not_picked":["Clash+1"],"picked":"Power Through","floor":39.0},{"not_picked":["Warcry","Sword Boomerang+1"],"picked":"SKIP","floor":41.0},{"not_picked":["Warcry+1","Rupture"],"picked":"SKIP","floor":44.0},{"not_picked":["Sever Soul+1"],"picked":"Barricade","floor":46.0},{"not_picked":["Perfected Strike+1","Intimidate"],"picked":"SKIP","floor":55}],"player_experience":1617665,"relics_obtained":[{"floor":7.0,"key":"Letter Opener"},{"floor":9.0,"key":"MealTicket"},{"floor":11.0,"key":"Question Card"},{"floor":23.0,"key":"Molten Egg 2"},{"floor":26.0,"key":"Paper Frog"},{"floor":27.0,"key":"Mercury Hourglass"},{"floor":29.0,"key":"Oddly Smooth Stone"},{"floor":31.0,"key":"Sundial"},{"floor":41.0,"key":"Bottled Lightning"},{"floor":44.0,"key":"Self Forming Clay"},{"floor":46.0,"key":"Pocketwatch"}],"event_choices":[{"damage_healed":0.0,"max_hp_gain":0.0,"max_hp_loss":0.0,"gold_gain":0.0,"event_name":"Lab","player_choice":"Got Potions","floor":14.0,"gold_loss":0.0,"damage_taken":0.0},{"damage_healed":0.0,"max_hp_gain":0.0,"max_hp_loss":0.0,"gold_gain":0.0,"event_name":"The Library","player_choice":"Read","floor":19.0,"gold_loss":0.0,"damage_taken":0.0,"cards_obtained":["Burning Pact"]},{"damage_healed":0.0,"max_hp_gain":0.0,"max_hp_loss":0.0,"gold_gain":0.0,"event_name":"Back to Basics","player_choice":"Simplicity","floor":28.0,"gold_loss":0.0,"damage_taken":0.0,"cards_upgraded":["Strike_R","Strike_R","Strike_R","Strike_R","Defend_R","Defend_R","Defend_R","Defend_R"]},{"damage_healed":0.0,"max_hp_gain":0.0,"max_hp_loss":0.0,"gold_gain":0.0,"event_name":"SensoryStone","player_choice":"Memory 3","floor":36.0,"gold_loss":0.0,"damage_taken":10.0}],"is_beta":false,"boss_relics":[{"not_picked":["SlaversCollar","Fusion Hammer"],"picked":"Coffee Dripper"},{"not_picked":["Runic Pyramid","Snecko Eye"],"picked":"Busted Crown"}],"items_purged_floors":[5,54],"is_endless":false,"potions_floor_spawned":[1,2,3,7,16,21,27,29,35,39,46],"ascension_level":20}}