{"host":"fbtt2xdrd49xyqed","time":1614438392,"event":{"mods":["Act Like it!","BaseMod","Gensokyo","Koishi","Marisa£®ÏF”Í°°ƒß¿Ì…≥£©","Minty Spire (QoL Compilation)","Remilia£®¿Ÿ√◊¿Ú—«£©","Replay The Spire","StSLib","The Servant 0.9.4","Youmu£®ªÍ∆«—˝√Œ£©"],"gold_per_floor":[213,6,18,338,554,589,589,604,630,630,660,660,673,688,688,786,786,799,812,762,762,264,264,291,291,343,360,390,390,390,405,405,509,509,526,546,226,226,271,271,271,57,57,100,117,134,134,151,151,151,151,151,29,57,57,57],"floor_reached":55,"language":"ZHS","playtime":2490,"items_purged":["Koishi:BasicStrike","Koishi:BasicStrike","Writhe","Koishi:BasicDefend"],"score":998,"play_id":"b5237d1e-bcfd-4d4c-b28d-6bf71cc13d6f","local_time":"20210227230632","is_ascension_mode":true,"campfire_choices":[{"floor":7.0,"key":"REST"},{"data":"Koishi:PerfectMindControl","floor":10.0,"key":"SMITH"},{"data":"Koishi:RoseHell","floor":15.0,"key":"SMITH"},{"data":"Koishi:RacingHeart","floor":23.0,"key":"SMITH"},{"floor":25.0,"key":"REST"},{"data":"Koishi:EmbryosDream","floor":32.0,"key":"SMITH"},{"data":"Koishi:RuptureMind","floor":47,"key":"SMITH"},{"floor":49,"key":"RECALL"},{"data":"Koishi:FidgetySnatcher","floor":52,"key":"SMITH"}],"circlet_count":0,"master_deck":["Koishi:BasicDefend","Koishi:BasicDefend","Koishi:Provoke","Koishi:HauntingSlash","Koishi:JumpScare","Koishi:FleetingPhantom","Koishi:PerfectMindControl+1","Koishi:StingingMind","Koishi:RoseHell+1","Gensokyo:CrescentMoonSlash","Koishi:RacingHeart+1","Koishi:EmbryosDream+1","Koishi:HeartStoppingHorror","Koishi:UnansweredLove+1","Koishi:UnseenTerror+1","Koishi:MindNumbingTerror","Koishi:TerrifyingSpectre","Koishi:PerfectMindControl","Koishi:StingingMind+1","Koishi:Untouchable+1","Koishi:FidgetySnatcher+1","Koishi:RuptureMind+1","Koishi:EmbryosDream+1"],"relics":["Koishi:ImaginaryFriend","Medical Kit","Kunai","Akabeko","Smiling Mask","Koishi:ColorfulDays","ScarletDevilRocket","Replay:Rubber Ducky","Prayer Wheel","Quantum Egg","Happy Flower","Replay:Accelerometer","Black Star","Frozen Eye","Oddly Smooth Stone","Replay:Kaleidoscope","CeramicFish","Thread and Needle","Replay:Wax Seal","Singing Bowl","Unceasing Top","Centennial Puzzle","Pen Nib"],"acts_visited":["Gensokyo:Gensokyo","Gensokyo:Gensokyoer","Gensokyo:Gensokyoest","TheEnding"],"potions_floor_usage":[41,50,55],"damage_taken":[{"damage":0.0,"enemies":"Gensokyo:Python","floor":1.0,"turns":4.0},{"damage":8.0,"enemies":"Gensokyo:3_Fairies","floor":3.0,"turns":7.0},{"damage":10.0,"enemies":"Gensokyo:Gryphon","floor":4.0,"turns":8.0},{"damage":5.0,"enemies":"Gensokyo:Kitsune","floor":5.0,"turns":7.0},{"damage":40.0,"enemies":"Gensokyo:Cirno","floor":6.0,"turns":8.0},{"damage":6.0,"enemies":"Gensokyo:Gryphon_and_Rabbit","floor":8.0,"turns":7.0},{"damage":21.0,"enemies":"Gensokyo:Aya","floor":11.0,"turns":8.0},{"damage":2.0,"enemies":"Gensokyo:Python_and_Kodama","floor":13.0,"turns":3.0},{"damage":0.0,"enemies":"Gensokyo:3_Kodama","floor":14.0,"turns":3.0},{"damage":25.0,"enemies":"Gensokyo:Yukari","floor":16.0,"turns":10.0},{"damage":11.0,"enemies":"Gensokyo:Chomper","floor":18.0,"turns":4.0},{"damage":22.0,"enemies":"Gensokyo:3_Dogs","floor":19.0,"turns":4.0},{"damage":30.0,"enemies":"Gensokyo:Reisen","floor":24.0,"turns":6.0},{"damage":0.0,"enemies":"Gensokyo:Swordslinger","floor":27.0,"turns":4.0},{"damage":0.0,"enemies":"Gensokyo:Koishi","floor":28.0,"turns":6.0},{"damage":9.0,"enemies":"Gensokyo:Slime_Group","floor":31.0,"turns":6.0},{"damage":58.0,"enemies":"Gensokyo:Kaguya","floor":33.0,"turns":13.0},{"damage":20.0,"enemies":"Gensokyo:AncientGuardian","floor":35.0,"turns":7.0},{"damage":0.0,"enemies":"Gensokyo:3_Boulders","floor":36.0,"turns":6.0},{"damage":0,"enemies":"Gensokyo:Kasen","floor":41,"turns":1},{"damage":9,"enemies":"Gensokyo:Marisa","floor":44,"turns":9},{"damage":0,"enemies":"Gensokyo:Dusk_and_Dawn","floor":45,"turns":7},{"damage":0,"enemies":"Gensokyo:SeedOfUnknown","floor":46,"turns":6},{"damage":0,"enemies":"Gensokyo:Sharpion","floor":48,"turns":6},{"damage":0,"enemies":"Gensokyo:Yuyuko","floor":50,"turns":10},{"damage":57,"enemies":"Shield and Spear","floor":54,"turns":9},{"damage":54,"enemies":"The Heart","floor":55,"turns":8}],"seed_played":"-8760180347474708354","potions_obtained":[{"floor":6.0,"key":"LiquidBronze"},{"floor":8.0,"key":"DistilledChaos"},{"floor":13.0,"key":"Dexterity Potion"},{"floor":14.0,"key":"Block Potion"},{"floor":16.0,"key":"Swift Potion"},{"floor":24.0,"key":"Ancient Potion"},{"floor":28.0,"key":"Elixir"},{"floor":35.0,"key":"ColorlessPotion"},{"floor":36.0,"key":"SmokeBomb"},{"floor":44,"key":"SkillPotion"}],"is_trial":false,"path_per_floor":["M","COS","M","M","M","E","R","M","T","R","E","?","M","M","R","B",null,"M","M","$","?","$","R","E","R","T","M","E","?","?","M","R","B",null,"M","M","COS","?","T","?","E","$","T","E","M","M","R","M","R","B",null,"R","$","E","B"],"character_chosen":"KOISHI","items_purchased":["Replay:Rubber Ducky","Prayer Wheel","Koishi:RuptureMind","EssenceOfSteel"],"campfire_rested":2,"item_purchase_floors":[22,22,42,53],"current_hp_per_floor":[60,60,55,49,48,15,33,38,38,38,28,19,19,28,28,19,50,45,33,33,33,33,33,17,33,33,40,50,50,50,49,49,10,45,41,47,47,47,47,47,47,47,47,56,56,60,60,64,64,64,64,64,64,20,0,0],"gold":57,"neow_bonus":"HUNDRED_GOLD","is_daily":false,"chose_seed":false,"campfire_upgraded":6,"win_rate":0.0,"timestamp":1614438392,"path_taken":["M","COS","M","M","M","E","R","M","T","R","E","?","M","M","R","BOSS","M","M","$","?","$","R","E","R","T","M","E","?","?","M","R","BOSS","M","M","COS","?","?","?","E","$","T","E","M","M","R","M","R","BOSS","R","$","E","BOSS"],"items_purchased_type":["Relic","Relic","Card","Potion"],"build_version":"2020-12-22","purchased_purges":4,"victory":false,"max_hp_per_floor":[60,60,60,60,60,60,60,60,60,60,60,60,60,60,60,60,60,60,60,60,56,56,56,56,56,56,56,56,56,56,56,56,56,56,56,56,56,56,56,56,56,56,56,56,56,60,60,64,64,64,64,64,64,66,66,66],"card_choices":[{"not_picked":["Koishi:PhantomStrike","Koishi:Vanish"],"picked":"Koishi:JumpScare","floor":1.0},{"not_picked":["Koishi:HeartfeltFancy","Koishi:PhantomStrike"],"picked":"Koishi:FleetingPhantom","floor":3.0},{"not_picked":["Koishi:Catatonia","Koishi:RacingHeart"],"picked":"Koishi:PerfectMindControl","floor":4.0},{"not_picked":["Koishi:YoukaiPolygraph","Koishi:Jaunt"],"picked":"Koishi:StingingMind","floor":5.0},{"not_picked":["Koishi:Jaunt","Koishi:DanmakuParanoia","Koishi:HeartAttack"],"picked":"SKIP","floor":6.0},{"not_picked":["Koishi:PhantomStrike","Koishi:GeneticsOfTheUnconscious","Koishi:DreadfulBlow"],"picked":"SKIP","floor":8.0},{"not_picked":["Koishi:FourthEye","Koishi:UnconsciousUprising"],"picked":"Koishi:RoseHell","floor":11.0},{"not_picked":["Koishi:DreadfulBlow","Koishi:JumpScare"],"picked":"Koishi:RacingHeart","floor":13.0},{"not_picked":["Koishi:EmbryosDream","Koishi:MassHysteria","Koishi:FleetingPhantom"],"picked":"SKIP","floor":14.0},{"not_picked":["Koishi:MassHysteria","Koishi:FleetingPhantom"],"picked":"Koishi:EmbryosDream","floor":14.0},{"not_picked":["Koishi:MindStellarRelief","Koishi:FadingMemory"],"picked":"Koishi:HeartStoppingHorror","floor":16.0},{"not_picked":["Koishi:PhantomStrike","Koishi:Prune+1"],"picked":"Koishi:UnansweredLove+1","floor":18.0},{"not_picked":["Koishi:Prune","Koishi:PhantomStrike+1","Koishi:FourthEye"],"picked":"SKIP","floor":19.0},{"not_picked":["Koishi:Prune+1","Koishi:DanmakuParanoia","Koishi:Jaunt"],"picked":"SKIP","floor":24.0},{"not_picked":["Koishi:PhilosophyOfTheDespised","Koishi:RacingHeart+1"],"picked":"Koishi:UnseenTerror+1","floor":27.0},{"not_picked":["Koishi:UnansweredLove+1","Koishi:BloodcurdlingScream","Koishi:MindNumbingTerror"],"picked":"SKIP","floor":27.0},{"not_picked":["Koishi:UnansweredLove+1","Koishi:BloodcurdlingScream"],"picked":"Koishi:MindNumbingTerror","floor":27.0},{"not_picked":["Koishi:FreudianInstinct+1","Koishi:Possession"],"picked":"Koishi:TerrifyingSpectre","floor":28.0},{"not_picked":["Koishi:TraumaticStroke","Koishi:Prune","Koishi:Jaunt"],"picked":"SKIP","floor":31.0},{"not_picked":["Koishi:CatchAndRose","Koishi:HeartfeltFancy","Koishi:SpiritedAway"],"picked":"SKIP","floor":31.0},{"not_picked":["Koishi:Ego","Koishi:RollingInRichesHeart"],"picked":"Koishi:PerfectMindControl","floor":33.0},{"not_picked":["Koishi:UnansweredLove","Koishi:GhostParty"],"picked":"Koishi:StingingMind+1","floor":35.0},{"not_picked":["Koishi:HeartAttack","Koishi:BloodcurdlingScream+1","Koishi:SpiritedAway"],"picked":"SKIP","floor":35.0},{"not_picked":["Koishi:Vanish","Koishi:RacingHeart"],"picked":"Koishi:Untouchable+1","floor":36.0},{"not_picked":["Koishi:SpiritedAway+1","Koishi:DanmakuParanoia"],"picked":"Koishi:FidgetySnatcher","floor":36.0},{"not_picked":["Koishi:SubterraneanRose","Koishi:SpiritedAway"],"picked":"Koishi:EmbryosDream+1","floor":44},{"not_picked":["Koishi:UnseenTerror","Koishi:SubconsciousSweep","Koishi:ParalyzingFear"],"picked":"SKIP","floor":45},{"not_picked":["Koishi:RorschachInDanmaku+1","Koishi:FadingMemory","Koishi:ReflexRadar"],"picked":"SKIP","floor":45},{"not_picked":["Koishi:ReflexRadar","Koishi:StingingMind","Koishi:JumpScare"],"picked":"Singing Bowl","floor":46},{"not_picked":["Koishi:FleetingPhantom+1","Koishi:Possession+1","Koishi:StingingMind"],"picked":"Singing Bowl","floor":46},{"not_picked":["Koishi:PhantomBarrier","Koishi:ConditionedTeleport","Koishi:JumpScare"],"picked":"Singing Bowl","floor":48},{"not_picked":["Koishi:UnconsciousUprising+1","Koishi:BloodcurdlingScream+1","Koishi:SubconsciousSweep"],"picked":"Singing Bowl","floor":48},{"not_picked":["Koishi:GeneticsOfTheUnconscious","Koishi:ReflexRadar","Koishi:DreadfulBlow+1"],"picked":"Singing Bowl","floor":54}],"player_experience":783250,"relics_obtained":[{"floor":6.0,"key":"Kunai"},{"floor":9.0,"key":"Akabeko"},{"floor":11.0,"key":"Smiling Mask"},{"floor":24.0,"key":"Quantum Egg"},{"floor":26.0,"key":"Happy Flower"},{"floor":28.0,"key":"Replay:Accelerometer"},{"floor":43,"key":"Replay:Kaleidoscope"},{"floor":44,"key":"CeramicFish"},{"floor":44,"key":"Thread and Needle"},{"floor":54,"key":"Centennial Puzzle"},{"floor":54,"key":"Pen Nib"}],"event_choices":[],"is_beta":false,"boss_relics":[{"not_picked":["Replay:Wanted Poster","Ring of Chaos"],"picked":"Koishi:ColorfulDays"},{"not_picked":["Kintsugi","Painkiller Herb"],"picked":"Black Star"}],"items_purged_floors":[20,22,42,53],"is_endless":false,"potions_floor_spawned":[6,8,13,14,16,18,24,28,35,36,44,48],"killed_by":"The Heart","ascension_level":5}}