{"host":"5tzvto3beate6p8b","time":1614439372,"event":{"mods":["BaseMod","Colored Map","DeckTracker","Minty Spire (QoL Compilation)","Relic Stats","StSLib","SuperFastMode"],"gold_per_floor":[118,128,128,128,138,138,138,172,172,172,200,200,218,233,233,309,309,325,340,340,340,359,359,388,398,423,423,99,99,99,14,14,14,14],"floor_reached":33,"language":"JPN","playtime":1356,"items_purged":[],"score":546,"play_id":"7124ad66-2491-41bc-a8d2-2da31cd9a674","local_time":"20210228002252","is_ascension_mode":true,"campfire_choices":[{"data":"Thunderclap","floor":6.0,"key":"SMITH"},{"data":"Bash","floor":7.0,"key":"SMITH"},{"floor":10.0,"key":"REST"},{"floor":15.0,"key":"REST"},{"data":"Immolate","floor":23.0,"key":"SMITH"},{"data":"Barricade","floor":27.0,"key":"SMITH"},{"data":"Dual Wield","floor":29.0,"key":"SMITH"},{"data":"Inflame","floor":32.0,"key":"SMITH"}],"circlet_count":0,"master_deck":["AscendersBane","Bash+1","Rampage+1","Flame Barrier","Thunderclap+1","Dropkick","Feed","Pommel Strike","Dropkick","Offering","Battle Trance","Dropkick","Blood for Blood","Power Through","Immolate+1","Dual Wield+1","Flame Barrier","Impervious","Barricade+1","Seeing Red","Pommel Strike","Body Slam","Berserk","Disarm","Pommel Strike","Dual Wield+1","Inflame+1"],"relics":["Burning Blood","Torii","WingedGreaves","Calipers","Lizard Tail","Bag of Marbles","Unceasing Top","Nloth\u0027s Gift","Tiny Chest","CeramicFish","Lantern"],"acts_visited":["Exordium","TheCity"],"potions_floor_usage":[33],"damage_taken":[{"damage":2.0,"enemies":"2 Louse","floor":1.0,"turns":4.0},{"damage":13.0,"enemies":"Jaw Worm","floor":2.0,"turns":5.0},{"damage":7.0,"enemies":"Cultist","floor":5.0,"turns":4.0},{"damage":32.0,"enemies":"Gremlin Nob","floor":8.0,"turns":4.0},{"damage":25.0,"enemies":"3 Sentries","floor":11.0,"turns":8.0},{"damage":6.0,"enemies":"Looter","floor":13.0,"turns":2.0},{"damage":15.0,"enemies":"Exordium Thugs","floor":14.0,"turns":4.0},{"damage":34.0,"enemies":"The Guardian","floor":16.0,"turns":11.0},{"damage":11.0,"enemies":"2 Thieves","floor":18.0,"turns":2.0},{"damage":0.0,"enemies":"3 Byrds","floor":19.0,"turns":3.0},{"damage":13.0,"enemies":"Cultist and Chosen","floor":22.0,"turns":5.0},{"damage":60.0,"enemies":"Slavers","floor":24.0,"turns":6.0},{"damage":30.0,"enemies":"Snake Plant","floor":25.0,"turns":2.0},{"damage":49,"enemies":"Champ","floor":33,"turns":7}],"seed_played":"-3608953507807905247","potions_obtained":[{"floor":1.0,"key":"CultistPotion"},{"floor":2.0,"key":"Swift Potion"},{"floor":22.0,"key":"Block Potion"},{"floor":24.0,"key":"BloodPotion"}],"is_trial":false,"path_per_floor":["M","M","?","?","M","R","R","E","T","R","E","?","M","M","R","B",null,"M","M","?","?","M","R","E","M","T","R","$","R","?","$","R","B"],"character_chosen":"IRONCLAD","items_purchased":["Lantern","Disarm","Pommel Strike","Dual Wield","Inflame","Weak Potion"],"campfire_rested":2,"item_purchase_floors":[28,28,28,28,31,31],"current_hp_per_floor":[68,61,50,50,49,49,49,23,23,43,24,24,27,21,43,15,59,57,63,63,63,56,56,47,42,42,42,42,42,42,42,42,0,0],"gold":14,"neow_bonus":"ONE_RARE_RELIC","is_daily":false,"chose_seed":false,"campfire_upgraded":6,"win_rate":0.0,"timestamp":1614439372,"path_taken":["M","M","?","?","M","R","R","E","T","R","E","?","M","M","R","BOSS","M","M","?","?","?","R","E","M","T","R","$","R","?","?","R","BOSS"],"items_purchased_type":["Relic","Card","Card","Card","Card","Potion"],"build_version":"2020-12-22","purchased_purges":0,"victory":false,"max_hp_per_floor":[68,68,68,68,68,68,68,68,68,68,68,68,71,74,74,74,74,77,77,77,77,77,77,80,83,83,83,83,83,83,83,83,83,83],"relic_stats":{"Lizard Tail":38,"Torii":53,"counters":[14,67],"CeramicFish":36,"Tiny Chest":0,"Nloth\u0027s Gift":1,"obtain_stats":[{"Lizard Tail":9,"Lantern":28,"Calipers":8,"Torii":0,"CeramicFish":26,"Pandora\u0027s Box":17,"Tiny Chest":24,"WingedGreaves":3,"Bag of Marbles":11,"Nloth\u0027s Gift":21,"Burning Blood":0,"Unceasing Top":12},{"Lizard Tail":4,"Lantern":13,"Calipers":4,"Torii":0,"CeramicFish":13,"Pandora\u0027s Box":8,"Tiny Chest":12,"WingedGreaves":2,"Bag of Marbles":5,"Nloth\u0027s Gift":10,"Burning Blood":0,"Unceasing Top":5},{"Lizard Tail":17,"Lantern":60,"Calipers":17,"Torii":0,"CeramicFish":60,"Pandora\u0027s Box":42,"Tiny Chest":58,"WingedGreaves":9,"Bag of Marbles":25,"Nloth\u0027s Gift":47,"Burning Blood":0,"Unceasing Top":25}],"Burning Blood":74,"Unceasing Top":[0]},"card_choices":[{"not_picked":["Power Through","True Grit"],"picked":"Rampage","floor":1.0},{"not_picked":["Iron Wave","Shrug It Off"],"picked":"Flame Barrier","floor":2.0},{"not_picked":["Dark Embrace","Armaments"],"picked":"Thunderclap","floor":5.0},{"not_picked":["Armaments","Perfected Strike"],"picked":"Dropkick","floor":8.0},{"not_picked":["Armaments","Hemokinesis"],"picked":"Feed","floor":11.0},{"not_picked":["Havoc","Warcry"],"picked":"Pommel Strike","floor":13.0},{"not_picked":["Warcry","Iron Wave"],"picked":"Dropkick","floor":14.0},{"not_picked":["Demon Form","Barricade"],"picked":"Offering","floor":16.0},{"not_picked":["Havoc","Iron Wave"],"picked":"Seeing Red","floor":18.0},{"not_picked":["Uppercut","Spot Weakness"],"picked":"Pommel Strike","floor":19.0},{"not_picked":["Infernal Blade","Sword Boomerang","Carnage"],"picked":"SKIP","floor":22.0},{"not_picked":["Rupture+1","Anger"],"picked":"Body Slam","floor":24.0},{"not_picked":["Shrug It Off","Havoc"],"picked":"Berserk","floor":25.0}],"player_experience":901253,"relics_obtained":[{"floor":8.0,"key":"Calipers"},{"floor":9.0,"key":"Lizard Tail"},{"floor":11.0,"key":"Bag of Marbles"},{"floor":24.0,"key":"Tiny Chest"},{"floor":26.0,"key":"CeramicFish"}],"event_choices":[{"damage_healed":0.0,"max_hp_gain":0.0,"max_hp_loss":0.0,"gold_gain":0.0,"event_name":"Scrap Ooze","player_choice":"Success","floor":3.0,"gold_loss":0.0,"damage_taken":11.0,"relics_obtained":["WingedGreaves"]},{"damage_healed":0.0,"max_hp_gain":0.0,"max_hp_loss":0.0,"gold_gain":0.0,"event_name":"Living Wall","player_choice":"Grow","floor":4.0,"gold_loss":0.0,"damage_taken":0.0,"cards_upgraded":["Rampage"]},{"damage_healed":0.0,"max_hp_gain":0.0,"max_hp_loss":0.0,"gold_gain":0.0,"event_name":"Dead Adventurer","player_choice":"Searched \u00272\u0027 times","floor":12.0,"gold_loss":0.0,"damage_taken":0.0,"relics_obtained":["Unceasing Top"]},{"damage_healed":0.0,"max_hp_gain":0.0,"max_hp_loss":0.0,"gold_gain":0.0,"event_name":"The Mausoleum","player_choice":"Ignored","floor":20.0,"gold_loss":0.0,"damage_taken":0.0},{"damage_healed":0.0,"max_hp_gain":0.0,"max_hp_loss":0.0,"gold_gain":0.0,"event_name":"N\u0027loth","player_choice":"Traded Relic","floor":21.0,"relics_lost":["Pandora\u0027s Box"],"gold_loss":0.0,"damage_taken":0.0,"relics_obtained":["Nloth\u0027s Gift"]},{"damage_healed":0.0,"max_hp_gain":0.0,"max_hp_loss":0.0,"gold_gain":0.0,"event_name":"Accursed Blacksmith","player_choice":"Forge","floor":30.0,"gold_loss":0.0,"damage_taken":0.0,"cards_upgraded":["Dual Wield"]}],"is_beta":false,"boss_relics":[{"not_picked":["Snecko Eye","Fusion Hammer"],"picked":"Pandora\u0027s Box"}],"items_purged_floors":[],"is_endless":false,"potions_floor_spawned":[1,2,5,22,24],"killed_by":"Champ","ascension_level":20}}