{"host":"89iuq2p5kwriuwfq","time":1614440003,"event":{"mods":["BaseMod","Curses Come First","Custom Start","Minty Spire (QoL Compilation)","Permanent Neow","StSLib"],"gold_per_floor":[214,226,237,237,250,250,285,285,364,392,69,69,102,177,177,177,177],"floor_reached":16,"language":"ENG","playtime":602,"items_purged":["Pain"],"score":257,"play_id":"be8ac68d-c69d-4e10-8ae4-7c58abb996d0","local_time":"20210227153323","is_ascension_mode":true,"campfire_choices":[{"data":"Whirlwind","floor":6.0,"key":"SMITH"},{"floor":8.0,"key":"DIG"},{"floor":15.0,"key":"DIG"}],"circlet_count":0,"master_deck":["AscendersBane","Strike_R","Strike_R","Strike_R","Strike_R","Strike_R","Defend_R","Defend_R+1","Defend_R","Defend_R","Bash","Whirlwind+1","Pommel Strike","Shockwave+1","Pommel Strike","Inflame"],"relics":["Burning Blood","WarpedTongs","Shovel","Happy Flower","Gremlin Horn","Bottled Flame","Bag of Preparation","Question Card","Kunai"],"acts_visited":["Exordium"],"potions_floor_usage":[],"damage_taken":[{"damage":6.0,"enemies":"2 Louse","floor":1.0,"turns":4.0},{"damage":1.0,"enemies":"Cultist","floor":2.0,"turns":4.0},{"damage":0.0,"enemies":"Small Slimes","floor":3.0,"turns":3.0},{"damage":0.0,"enemies":"3 Louse","floor":5.0,"turns":1.0},{"damage":26.0,"enemies":"Gremlin Nob","floor":7.0,"turns":4.0},{"damage":3.0,"enemies":"3 Sentries","floor":10.0,"turns":2.0},{"damage":15.0,"enemies":"Lagavulin","floor":13.0,"turns":5.0},{"damage":10,"enemies":"The Guardian","floor":16,"turns":7}],"seed_played":"-6878928878811122879","potions_obtained":[{"floor":1.0,"key":"AttackPotion"},{"floor":3.0,"key":"CultistPotion"},{"floor":10.0,"key":"Strength Potion"}],"is_trial":false,"path_per_floor":["M","M","M","?","M","R","E","R","T","E","$","?","E","?","R","B"],"character_chosen":"IRONCLAD","items_purchased":["Inflame","Bag of Preparation"],"campfire_rested":0,"item_purchase_floors":[11,11],"current_hp_per_floor":[68,73,75,75,75,75,55,55,55,58,58,35,26,15,15,5,5],"gold":177,"neow_bonus":"HUNDRED_GOLD","is_daily":false,"chose_seed":false,"campfire_upgraded":1,"win_rate":0.0,"timestamp":1614440003,"path_taken":["M","M","M","?","?","R","E","R","T","E","$","?","E","?","R","BOSS"],"items_purchased_type":["Card","Relic"],"build_version":"2020-12-22","purchased_purges":1,"victory":false,"max_hp_per_floor":[75,75,75,75,75,75,75,75,75,75,75,75,75,75,75,75,75],"card_choices":[{"not_picked":["Sentinel","Burning Pact"],"picked":"Whirlwind","floor":1.0},{"not_picked":["Evolve","Bloodletting"],"picked":"Pommel Strike","floor":2.0},{"not_picked":["Heavy Blade","Bloodletting"],"picked":"Shockwave","floor":3.0},{"not_picked":["Warcry","Havoc","Headbutt"],"picked":"SKIP","floor":5.0},{"not_picked":["Dual Wield","Clash"],"picked":"Pommel Strike","floor":7.0},{"not_picked":["Armaments","Warcry","Perfected Strike"],"picked":"SKIP","floor":10.0},{"not_picked":["Rupture","Thunderclap","Twin Strike"],"picked":"SKIP","floor":13.0}],"player_experience":803495,"relics_obtained":[{"floor":7.0,"key":"Shovel"},{"floor":8.0,"key":"Happy Flower"},{"floor":9.0,"key":"Gremlin Horn"},{"floor":10.0,"key":"Bottled Flame"},{"floor":13.0,"key":"Question Card"},{"floor":15.0,"key":"Kunai"}],"event_choices":[{"damage_healed":0.0,"max_hp_gain":0.0,"max_hp_loss":0.0,"gold_gain":0.0,"event_name":"Accursed Blacksmith","player_choice":"Rummage","floor":4.0,"gold_loss":0.0,"damage_taken":0.0,"relics_obtained":["WarpedTongs"],"cards_obtained":["Pain"]},{"damage_healed":0.0,"max_hp_gain":0.0,"max_hp_loss":0.0,"gold_gain":0.0,"event_name":"Shining Light","player_choice":"Entered Light","floor":12.0,"gold_loss":0.0,"damage_taken":23.0,"cards_upgraded":["Shockwave","Defend_R"]},{"damage_healed":0.0,"max_hp_gain":0.0,"max_hp_loss":0.0,"gold_gain":75.0,"event_name":"World of Goop","player_choice":"Gather Gold","floor":14.0,"gold_loss":0.0,"damage_taken":11.0}],"is_beta":false,"boss_relics":[],"items_purged_floors":[11],"is_endless":false,"potions_floor_spawned":[1,3,10],"killed_by":"The Guardian","ascension_level":16}}