{"host":"mi0eibewekhugwl1","time":1614442523,"event":{"mods":["AchievementEnabler","BaseMod","Colored Map","Colored Powertips","DeckTracker","Keyboard Shortcuts","Minty Spire (QoL Compilation)","Quick Restart","Rare Cards Sparkle","Relic Stats","StSLib","SuperFastMode","everything is the same but u backflip on backflip"],"gold_per_floor":[118,118,118,138,149,149,204,279,304,315,68,68,80,92,92,92,92],"floor_reached":16,"language":"KOR","playtime":664,"items_purged":["Strike_P"],"score":184,"play_id":"15e2d129-e30e-4a83-820e-08ed1cb7bf83","local_time":"20210228011523","is_ascension_mode":true,"campfire_choices":[{"data":"Eruption","floor":6,"key":"SMITH"},{"floor":15,"key":"REST"}],"circlet_count":0,"master_deck":["AscendersBane","Strike_P","Strike_P","Strike_P+1","Defend_P","Defend_P","Defend_P","Defend_P","Eruption+1","Vigilance","FollowUp","Wallop+1","EmptyFist+1","EmptyBody","MentalFortress","LessonLearned","TalkToTheHand"],"relics":["PureWater","Nunchaku","Eternal Feather","Whetstone"],"acts_visited":["Exordium"],"potions_floor_usage":[13,14,16],"damage_taken":[{"damage":1,"enemies":"Small Slimes","floor":1,"turns":3},{"damage":0,"enemies":"2 Louse","floor":4,"turns":3},{"damage":7,"enemies":"Jaw Worm","floor":5,"turns":5},{"damage":23,"enemies":"Gremlin Nob","floor":7,"turns":4},{"damage":6,"enemies":"Looter","floor":10,"turns":3},{"damage":9,"enemies":"Exordium Wildlife","floor":13,"turns":5},{"damage":1,"enemies":"Gremlin Gang","floor":14,"turns":5},{"damage":42,"enemies":"Hexaghost","floor":16,"turns":11}],"seed_played":"9202744943173940542","potions_obtained":[{"floor":1,"key":"DuplicationPotion"},{"floor":5,"key":"DistilledChaos"},{"floor":14,"key":"Swift Potion"}],"is_trial":false,"path_per_floor":["M","?","?","M","M","R","?","?","T","M","$","$","M","M","R","B"],"character_chosen":"WATCHER","items_purchased":["MentalFortress","LessonLearned"],"campfire_rested":1,"item_purchase_floors":[11,11],"current_hp_per_floor":[66,71,66,66,59,59,36,25,25,19,19,19,10,9,41,0,0],"gold":92,"neow_bonus":"TEN_PERCENT_HP_BONUS","is_daily":false,"chose_seed":false,"campfire_upgraded":1,"win_rate":0.0,"timestamp":1614442523,"path_taken":["M","?","?","M","M","R","?","?","T","M","?","$","M","M","R","BOSS"],"items_purchased_type":["Card","Card"],"build_version":"2020-12-22","purchased_purges":1,"victory":false,"max_hp_per_floor":[74,79,79,79,79,79,79,79,79,79,79,79,79,79,79,79,79],"relic_stats":{"Nunchaku":[6],"counters":[8,39],"Eternal Feather":9,"Whetstone":["Strike_P","Wallop"],"obtain_stats":[{"Nunchaku":3,"Eternal Feather":7,"Whetstone":9,"PureWater":0},{"Nunchaku":1,"Eternal Feather":4,"Whetstone":4,"PureWater":0},{"Nunchaku":3,"Eternal Feather":15,"Whetstone":15,"PureWater":0}]},"card_choices":[{"not_picked":["Weave","Conclude"],"picked":"FollowUp","floor":1},{"not_picked":["WaveOfTheHand","Worship"],"picked":"Wallop","floor":4},{"not_picked":["ThirdEye","PathToVictory"],"picked":"EmptyFist","floor":5},{"not_picked":["Indignation","ThirdEye"],"picked":"EmptyBody","floor":10},{"not_picked":["SashWhip","Pray"],"picked":"TalkToTheHand","floor":13},{"not_picked":["DevaForm","DeceiveReality","FollowUp"],"picked":"SKIP","floor":14}],"player_experience":1834098,"relics_obtained":[{"floor":7,"key":"Eternal Feather"},{"floor":9,"key":"Whetstone"}],"event_choices":[{"damage_healed":0,"gold_gain":0,"player_choice":"Donut","damage_taken":0,"max_hp_gain":5,"max_hp_loss":0,"event_name":"Big Fish","floor":2,"gold_loss":0},{"damage_healed":0,"gold_gain":0,"player_choice":"Success","damage_taken":5,"relics_obtained":["Nunchaku"],"max_hp_gain":0,"max_hp_loss":0,"event_name":"Scrap Ooze","floor":3,"gold_loss":0},{"damage_healed":0,"gold_gain":30,"player_choice":"Searched \u00273\u0027 times","damage_taken":0,"max_hp_gain":0,"max_hp_loss":0,"event_name":"Dead Adventurer","floor":7,"gold_loss":0},{"damage_healed":0,"gold_gain":75,"player_choice":"Gather Gold","damage_taken":11,"max_hp_gain":0,"max_hp_loss":0,"event_name":"World of Goop","floor":8,"gold_loss":0}],"is_beta":false,"boss_relics":[],"items_purged_floors":[11],"is_endless":false,"potions_floor_spawned":[1,5,14],"killed_by":"Hexaghost","ascension_level":20}}