{"host":"xz7n3qy1zq36rzpg","time":1614390391,"event":{"mods":["BaseMod","Colored Map","Colored Powertips","Highlight Path","Minty Spire (QoL Compilation)","Quick Restart","Shop Mod"],"gold_per_floor":[144,189,189,234,279,369,369,369,394,493,520,574,288,244,244,562,562,616,670,715,724,724,823,877,931,940,994,1093,1093,568,613,613,922,922,976,1021,1030,1189,789,789,339,348,357,402,456,555,589,643,643,652],"floor_reached":51,"language":"ENG","playtime":3382,"items_purged":["Defend_B","Defend_B","Defend_B"],"score":929,"play_id":"f02fdb55-01d7-411a-a222-72b0d8b032c4","local_time":"20210227024631","daily_mods":["Cursed Run","Diverse","Midas"],"is_ascension_mode":false,"campfire_choices":[{"floor":8.0,"key":"REST"},{"floor":15.0,"key":"REST"},{"floor":29,"key":"REST"},{"floor":32,"key":"REST"},{"floor":40,"key":"REST"},{"floor":49,"key":"REST"}],"circlet_count":0,"master_deck":["Strike_B","Strike_B","Strike_B","Strike_B","Defend_B+1","Zap","Dualcast","Infernal Blade","Glacier+1","Protect","Footwork","Wallop+1","Writhe","Barrage","Parasite","Dodge and Roll","Die Die Die","Blade Dance","Turbo","Writhe","Double Tap","CarveReality","Melter","Decay","FollowUp","Streamline+1","Hello World","Clumsy","Leap","Rebound+1","Pain","Whirlwind+1","Writhe","Twin Strike+1","Wallop+1","Regret","Backstab+1","True Grit+1","Clumsy","Dodge and Roll+1","Injury"],"relics":["Cursed Key","Darkstone Periapt","Du-Vu Doll","Matryoshka","Blood Vial","CeramicFish","Ancient Tea Set","Shuriken","Velvet Choker","StrikeDummy","Tiny Chest","Sundial","Lizard Tail","Regal Pillow","DataDisk","Toolbox","Runic Pyramid","TungstenRod","ClockworkSouvenir","Anchor","Sling","Cables","Potion Belt","Centennial Puzzle"],"acts_visited":["Exordium","TheCity","TheBeyond"],"potions_floor_usage":[27,33,33,38,45,50,50],"damage_taken":[{"damage":0.0,"enemies":"Small Slimes","floor":1.0,"turns":4.0},{"damage":1.0,"enemies":"Cultist","floor":2.0,"turns":4.0},{"damage":0.0,"enemies":"2 Louse","floor":4.0,"turns":4.0},{"damage":1.0,"enemies":"Large Slime","floor":5.0,"turns":6.0},{"damage":4.0,"enemies":"3 Sentries","floor":6.0,"turns":10.0},{"damage":22.0,"enemies":"Gremlin Nob","floor":10.0,"turns":5.0},{"damage":1.0,"enemies":"Exordium Thugs","floor":12.0,"turns":4.0},{"damage":14.0,"enemies":"The Guardian","floor":16.0,"turns":9.0},{"damage":27.0,"enemies":"Spheric Guardian","floor":18.0,"turns":5.0},{"damage":0.0,"enemies":"Shell Parasite","floor":19.0,"turns":4.0},{"damage":16.0,"enemies":"Centurion and Healer","floor":20.0,"turns":4.0},{"damage":5.0,"enemies":"Book of Stabbing","floor":23.0,"turns":5.0},{"damage":29.0,"enemies":"3 Cultists","floor":24.0,"turns":6.0},{"damage":8.0,"enemies":"Shelled Parasite and Fungi","floor":25.0,"turns":4.0},{"damage":10,"enemies":"Snake Plant","floor":27,"turns":3},{"damage":24,"enemies":"Gremlin Leader","floor":28,"turns":5},{"damage":18,"enemies":"Centurion and Healer","floor":31,"turns":3},{"damage":27,"enemies":"Collector","floor":33,"turns":6},{"damage":3,"enemies":"3 Darklings","floor":35,"turns":5},{"damage":22,"enemies":"3 Shapes","floor":36,"turns":2},{"damage":2,"enemies":"Mind Bloom Boss Battle","floor":38,"turns":5},{"damage":7,"enemies":"3 Darklings","floor":44,"turns":3},{"damage":18,"enemies":"Sphere and 2 Shapes","floor":45,"turns":4},{"damage":50,"enemies":"Reptomancer","floor":46,"turns":5},{"damage":1,"enemies":"Transient","floor":48,"turns":5},{"damage":79,"enemies":"Awakened One","floor":50,"turns":11}],"seed_played":"-2463471341485849212","potions_obtained":[{"floor":1.0,"key":"BlessingOfTheForge"},{"floor":4.0,"key":"LiquidBronze"},{"floor":5.0,"key":"SpeedPotion"},{"floor":19.0,"key":"FearPotion"},{"floor":27,"key":"Ancient Potion"},{"floor":28,"key":"EssenceOfDarkness"},{"floor":35,"key":"Energy Potion"},{"floor":36,"key":"PowerPotion"},{"floor":45,"key":"PotionOfCapacity"},{"floor":46,"key":"Block Potion"}],"is_trial":false,"path_per_floor":["M","M","?","M","M","E","?","R","T","E","?","M","$","?","R","B",null,"M","M","M","?","?","E","M","M","T","M","E","R","$","M","R","B",null,"M","M","?","?","$","R","$","?","T","M","M","E","T","M","R","B",null],"character_chosen":"DEFECT","items_purchased":["Shuriken","Turbo","Regal Pillow","DataDisk","Toolbox","ClockworkSouvenir","Anchor","Sling","PowerPotion","Energy Potion","PotionOfCapacity"],"campfire_rested":6,"item_purchase_floors":[13,13,30,30,30,39,39,41,41,41,41],"current_hp_per_floor":[75,74,74,74,73,69,54,75,81,59,65,66,66,66,87,79,93,66,68,54,60,93,90,63,57,63,55,33,64,64,48,94,75,111,108,88,117,115,115,117,117,117,123,116,100,52,58,59,112,41],"gold":652,"neow_bonus":"","is_daily":true,"chose_seed":false,"campfire_upgraded":0,"win_rate":0.0,"timestamp":1614390391,"path_taken":["M","M","?","M","M","E","?","R","T","E","?","?","?","?","R","BOSS","M","M","M","?","?","E","M","M","T","M","E","R","$","M","R","BOSS","M","M","?","?","$","R","$","?","T","M","M","E","?","?","R","BOSS"],"items_purchased_type":["Relic","Card","Relic","Relic","Relic","Relic","Relic","Relic","Potion","Potion","Potion"],"build_version":"2020-12-22","purchased_purges":3,"victory":true,"max_hp_per_floor":[75,75,75,75,75,75,75,75,81,81,87,87,87,87,87,93,93,93,93,93,99,99,99,99,99,105,105,105,105,105,105,105,111,111,111,111,117,117,117,117,117,117,123,123,123,123,129,129,129,135],"card_choices":[{"not_picked":["Slice","Catalyst"],"picked":"Infernal Blade","floor":1.0},{"not_picked":["PathToVictory","Poisoned Stab"],"picked":"Glacier","floor":2.0},{"not_picked":["EmptyFist","Skewer"],"picked":"Protect","floor":4.0},{"not_picked":["Cold Snap","Consecrate"],"picked":"Footwork","floor":5.0},{"not_picked":["A Thousand Cuts","Disarm"],"picked":"Wallop","floor":6.0},{"not_picked":["Indignation","Hologram"],"picked":"Barrage","floor":10.0},{"not_picked":["Prepared","Protect"],"picked":"Blade Dance","floor":12.0},{"not_picked":["Thunder Strike","Night Terror"],"picked":"Double Tap","floor":16.0},{"not_picked":["Aggregate","Study"],"picked":"CarveReality","floor":18.0},{"not_picked":["DeceiveReality","Headbutt"],"picked":"Melter","floor":19.0},{"not_picked":["BowlingBash","Bloodletting","Wallop"],"picked":"SKIP","floor":20.0},{"not_picked":["ThirdEye+1","FlurryOfBlows"],"picked":"FollowUp","floor":23.0},{"not_picked":["InnerPeace","Steam Power"],"picked":"Streamline+1","floor":24.0},{"not_picked":["Thunderclap","Double Energy"],"picked":"Hello World","floor":25.0},{"not_picked":["Underhanded Strike","Catalyst"],"picked":"Leap","floor":27},{"not_picked":["Reckless Charge","Vengeance"],"picked":"Rebound+1","floor":28},{"not_picked":["Bludgeon","Dagger Throw","EmptyMind"],"picked":"SKIP","floor":31},{"not_picked":["Flying Knee","Cleave+1"],"picked":"Whirlwind+1","floor":35},{"not_picked":["Cold Snap+1","Fasting2+1","Stack+1"],"picked":"SKIP","floor":36},{"not_picked":["Reckless Charge","Barrage+1"],"picked":"Twin Strike+1","floor":38},{"not_picked":["Twin Strike+1","Melter","Sweeping Beam+1"],"picked":"SKIP","floor":44},{"not_picked":["Flex","Go for the Eyes"],"picked":"Backstab+1","floor":45},{"not_picked":["Dash","Tactician+1"],"picked":"True Grit+1","floor":46},{"not_picked":["Hologram+1","ClearTheMind+1"],"picked":"Dodge and Roll+1","floor":48}],"player_experience":593225,"relics_obtained":[{"floor":6.0,"key":"Matryoshka"},{"floor":9.0,"key":"Blood Vial"},{"floor":9.0,"key":"CeramicFish"},{"floor":10.0,"key":"Ancient Tea Set"},{"floor":23.0,"key":"StrikeDummy"},{"floor":26.0,"key":"Tiny Chest"},{"floor":26.0,"key":"Sundial"},{"floor":28,"key":"Lizard Tail"},{"floor":38,"key":"TungstenRod"},{"floor":43,"key":"Cables"},{"floor":46,"key":"Potion Belt"},{"floor":47,"key":"Centennial Puzzle"}],"event_choices":[{"damage_healed":0.0,"max_hp_gain":0.0,"max_hp_loss":0.0,"gold_gain":0.0,"event_name":"Living Wall","player_choice":"Grow","floor":3.0,"gold_loss":0.0,"damage_taken":0.0,"cards_upgraded":["Glacier"]},{"damage_healed":0.0,"max_hp_gain":0.0,"max_hp_loss":0.0,"gold_gain":0.0,"event_name":"Shining Light","player_choice":"Entered Light","floor":7.0,"gold_loss":0.0,"damage_taken":15.0,"cards_upgraded":["Defend_B","Wallop"]},{"damage_healed":0.0,"max_hp_gain":0.0,"max_hp_loss":0.0,"gold_gain":0.0,"event_name":"Match and Keep!","player_choice":"3 cards matched","floor":11.0,"gold_loss":0.0,"damage_taken":0.0,"cards_obtained":["Parasite","Dodge and Roll","Die Die Die"]},{"damage_healed":0.0,"max_hp_gain":0.0,"max_hp_loss":0.0,"gold_gain":0.0,"event_name":"World of Goop","player_choice":"Left Gold","floor":14.0,"gold_loss":44.0,"damage_taken":0.0},{"damage_healed":0.0,"max_hp_gain":0.0,"max_hp_loss":0.0,"gold_gain":0.0,"event_name":"Forgotten Altar","player_choice":"Smashed Altar","floor":21.0,"gold_loss":0.0,"damage_taken":0.0,"cards_obtained":["Decay"]},{"damage_healed":33.0,"max_hp_gain":0.0,"max_hp_loss":0.0,"gold_gain":0.0,"event_name":"The Library","player_choice":"Heal","floor":22.0,"gold_loss":0.0,"damage_taken":0.0},{"damage_healed":28,"gold_gain":0,"player_choice":"Writhe","damage_taken":0,"max_hp_gain":0,"max_hp_loss":0,"event_name":"Winding Halls","floor":37,"gold_loss":0,"cards_obtained":["Writhe"]},{"damage_healed":0,"gold_gain":0,"player_choice":"Fight","damage_taken":0,"max_hp_gain":0,"max_hp_loss":0,"event_name":"MindBloom","floor":38,"gold_loss":0},{"damage_healed":0,"gold_gain":0,"player_choice":"Copied","damage_taken":0,"max_hp_gain":0,"max_hp_loss":0,"event_name":"Duplicator","floor":42,"gold_loss":0,"cards_obtained":["Wallop"]}],"is_beta":false,"boss_relics":[{"not_picked":["Coffee Dripper","Runic Dome"],"picked":"Velvet Choker"},{"not_picked":["Black Star","Busted Crown"],"picked":"Runic Pyramid"}],"items_purged_floors":[30,39,41],"is_endless":false,"potions_floor_spawned":[1,4,5,19,20,27,28,31,35,36,45,46],"ascension_level":0}}