{"host":"ec09novo68szpe7d","time":1614439314,"event":{"mods":["AchievementEnabler","BaseMod","Bestiary","Minty Spire (QoL Compilation)","StSLib"],"gold_per_floor":[116,134,88,88,108,108,119,144,144,144,161,34,65,83,83,185,185,195,212,228,228,248,277,277,376,400,320,320,320,350,368,368,473,473,487,501,551,24,24,56,75,102,153,172,172,200,32,46,46,46,46,46,13,48,48],"floor_reached":56,"language":"ENG","playtime":3479,"items_purged":["Strike_G","Doubt","Strike_G"],"score":1861,"play_id":"40764f73-27d0-4c55-bfb7-e016beff9412","local_time":"20210227162154","is_ascension_mode":true,"campfire_choices":[{"data":"Cloak And Dagger","floor":6.0,"key":"SMITH"},{"data":"Accuracy","floor":15.0,"key":"SMITH"},{"data":"Blade Dance","floor":24.0,"key":"SMITH"},{"data":"Blade Dance","floor":29.0,"key":"SMITH"},{"data":"Infinite Blades","floor":32.0,"key":"SMITH"},{"floor":49.0,"key":"RECALL"},{"data":"Wraith Form v2","floor":52.0,"key":"SMITH"}],"circlet_count":0,"master_deck":["Defend_G+1","Defend_G+1","Survivor","Neutralize","Accuracy+1","Venomology+1","Cloak And Dagger+1","Acrobatics","Backflip","Cloak And Dagger+1","Cloak And Dagger","Accuracy+1","Cloak And Dagger","Blade Dance+1","After Image","Blade Dance+1","Blade Dance+1","Finisher","Noxious Fumes","Accuracy+1","Infinite Blades+1","Wraith Form v2+1","Storm of Steel"],"relics":["Astrolabe","NlothsMask","Mummified Hand","Mango","Cursed Key","The Courier","Potion Belt","Tingsha","Busted Crown","StoneCalendar","Membership Card","War Paint","Shuriken","Bird Faced Urn","TungstenRod","Omamori","Pear","Smiling Mask","Anchor","HandDrill","Strawberry","Bottled Flame"],"acts_visited":["Exordium","TheCity","TheBeyond","TheEnding"],"potions_floor_usage":[],"damage_taken":[{"damage":0.0,"enemies":"Cultist","floor":1.0,"turns":3.0},{"damage":0.0,"enemies":"2 Louse","floor":2.0,"turns":5.0},{"damage":0.0,"enemies":"Jaw Worm","floor":5.0,"turns":5.0},{"damage":0.0,"enemies":"Large Slime","floor":7.0,"turns":4.0},{"damage":0.0,"enemies":"3 Sentries","floor":8.0,"turns":6.0},{"damage":0.0,"enemies":"3 Louse","floor":11.0,"turns":2.0},{"damage":3.0,"enemies":"Gremlin Nob","floor":13.0,"turns":3.0},{"damage":4.0,"enemies":"Lots of Slimes","floor":14.0,"turns":3.0},{"damage":0.0,"enemies":"Slime Boss","floor":16.0,"turns":3.0},{"damage":0.0,"enemies":"3 Byrds","floor":18.0,"turns":5.0},{"damage":0.0,"enemies":"Chosen","floor":19.0,"turns":3.0},{"damage":7.0,"enemies":"Snecko","floor":20.0,"turns":4.0},{"damage":0.0,"enemies":"3 Cultists","floor":22.0,"turns":4.0},{"damage":0.0,"enemies":"Slavers","floor":23.0,"turns":3.0},{"damage":0.0,"enemies":"Gremlin Leader","floor":30.0,"turns":4.0},{"damage":3.0,"enemies":"Centurion and Healer","floor":31.0,"turns":2.0},{"damage":3.0,"enemies":"Champ","floor":33.0,"turns":4.0},{"damage":0.0,"enemies":"3 Shapes","floor":35.0,"turns":1.0},{"damage":0.0,"enemies":"Orb Walker","floor":36.0,"turns":2.0},{"damage":10.0,"enemies":"Mind Bloom Boss Battle","floor":37.0,"turns":2.0},{"damage":0.0,"enemies":"Nemesis","floor":40.0,"turns":5.0},{"damage":3.0,"enemies":"Jaw Worm Horde","floor":41.0,"turns":3.0},{"damage":2.0,"enemies":"Giant Head","floor":42.0,"turns":4.0},{"damage":13.0,"enemies":"4 Shapes","floor":44.0,"turns":4.0},{"damage":0.0,"enemies":"Reptomancer","floor":46.0,"turns":3.0},{"damage":0.0,"enemies":"Sphere and 2 Shapes","floor":48.0,"turns":2.0},{"damage":18.0,"enemies":"Time Eater","floor":50.0,"turns":5.0},{"damage":8.0,"enemies":"Shield and Spear","floor":54.0,"turns":4.0},{"damage":81,"enemies":"The Heart","floor":55,"turns":8}],"seed_played":"4822753031122016402","potions_obtained":[{"floor":2.0,"key":"LiquidBronze"},{"floor":7.0,"key":"CunningPotion"},{"floor":13.0,"key":"Energy Potion"},{"floor":16.0,"key":"SkillPotion"},{"floor":20.0,"key":"BlessingOfTheForge"},{"floor":22.0,"key":"FairyPotion"},{"floor":30.0,"key":"Energy Potion"}],"is_trial":false,"path_per_floor":["M","M","$","?","M","R","M","E","T","?","M","$","E","M","R","B",null,"M","M","M","?","M","E","R","?","T","$","?","R","E","M","R","B",null,"M","M","?","$","?","E","M","E","T","M","T","E","$","M","R","B",null,"R","$","E","B",null],"character_chosen":"THE_SILENT","items_purchased":["Cloak And Dagger","Blade Dance","Membership Card","War Paint","Shuriken","Bird Faced Urn","TungstenRod","HandDrill","Strawberry","Storm of Steel"],"campfire_rested":0,"item_purchase_floors":[3,12,38,38,38,38,38,47,47,53],"current_hp_per_floor":[63,63,63,63,63,63,63,63,63,63,63,63,74,70,70,70,81,81,81,74,74,74,74,74,74,74,74,74,74,74,71,71,68,80,80,80,70,70,70,84,81,94,94,91,91,94,101,101,101,89,98,98,98,101,20],"gold":48,"neow_bonus":"BOSS_RELIC","is_daily":false,"chose_seed":false,"campfire_upgraded":6,"win_rate":0.0,"timestamp":1614439314,"path_taken":["M","M","$","?","?","R","M","E","T","?","?","$","E","M","R","BOSS","M","M","M","?","M","E","R","?","T","$","?","R","E","M","R","BOSS","M","?","?","$","?","E","?","E","T","M","?","E","$","M","R","BOSS","R","$","E","BOSS"],"items_purchased_type":["Card","Card","Relic","Relic","Relic","Relic","Relic","Relic","Relic","Card"],"build_version":"2020-12-22","purchased_purges":3,"victory":true,"max_hp_per_floor":[70,70,70,70,70,70,70,70,70,70,70,70,84,84,84,84,84,84,84,84,84,84,84,84,84,84,84,84,84,84,84,84,84,84,84,84,84,84,84,84,84,94,94,94,94,94,101,101,101,101,101,101,101,101,101],"card_choices":[{"not_picked":["Flying Knee","Slice"],"picked":"Acrobatics","floor":1.0},{"not_picked":["Underhanded Strike","Skewer"],"picked":"Backflip","floor":2.0},{"not_picked":["Underhanded Strike","Endless Agony","Eviscerate"],"picked":"SKIP","floor":5.0},{"not_picked":["Quick Slash","Endless Agony"],"picked":"Cloak And Dagger","floor":7.0},{"not_picked":["Cloak And Dagger","Sucker Punch"],"picked":"Accuracy","floor":8.0},{"not_picked":["Acrobatics","Crippling Poison","Dagger Throw"],"picked":"SKIP","floor":11.0},{"not_picked":["Flying Knee","Doppelganger","Dagger Throw"],"picked":"SKIP","floor":13.0},{"not_picked":["Cloak And Dagger","Bane","Poisoned Stab"],"picked":"SKIP","floor":14.0},{"not_picked":["Adrenaline","Phantasmal Killer"],"picked":"After Image","floor":16.0},{"not_picked":["Tactician","Dagger Throw"],"picked":"Blade Dance+1","floor":18.0},{"not_picked":["Poisoned Stab+1","Bane","Quick Slash"],"picked":"SKIP","floor":19.0},{"not_picked":["Dagger Throw","Acrobatics+1"],"picked":"Blade Dance","floor":20.0},{"not_picked":["Underhanded Strike","Riddle With Holes+1","Poisoned Stab"],"picked":"SKIP","floor":22.0},{"not_picked":["Backflip+1","Slice","Leg Sweep"],"picked":"SKIP","floor":23.0},{"not_picked":["Unload","Dash"],"picked":"Infinite Blades","floor":30.0},{"not_picked":["Quick Slash","Poisoned Stab","Riddle With Holes"],"picked":"SKIP","floor":31.0},{"not_picked":["Glass Knife","Grand Finale"],"picked":"Wraith Form v2","floor":33.0},{"not_picked":["Backflip"],"picked":"SKIP","floor":35.0},{"not_picked":["Caltrops"],"picked":"SKIP","floor":36.0},{"not_picked":["Dagger Spray"],"picked":"SKIP","floor":40.0},{"not_picked":["Dagger Spray"],"picked":"SKIP","floor":40.0},{"not_picked":["Underhanded Strike+1"],"picked":"SKIP","floor":41.0},{"not_picked":["Quick Slash"],"picked":"SKIP","floor":42.0},{"not_picked":["Concentrate"],"picked":"SKIP","floor":44.0},{"not_picked":["Unload"],"picked":"SKIP","floor":46.0},{"not_picked":["Deadly Poison+1"],"picked":"SKIP","floor":48.0},{"not_picked":["Poisoned Stab+1"],"picked":"SKIP","floor":54.0}],"player_experience":277358,"relics_obtained":[{"floor":8.0,"key":"Mummified Hand"},{"floor":13.0,"key":"Mango"},{"floor":23.0,"key":"The Courier"},{"floor":26.0,"key":"Potion Belt"},{"floor":30.0,"key":"Tingsha"},{"floor":37.0,"key":"StoneCalendar"},{"floor":40.0,"key":"Omamori"},{"floor":42.0,"key":"Pear"},{"floor":45.0,"key":"Smiling Mask"},{"floor":46.0,"key":"Anchor"},{"floor":54.0,"key":"Bottled Flame"}],"event_choices":[{"damage_healed":0.0,"max_hp_gain":0.0,"max_hp_loss":0.0,"gold_gain":0.0,"event_name":"FaceTrader","player_choice":"Trade","floor":4.0,"gold_loss":0.0,"damage_taken":0.0,"relics_obtained":["NlothsMask"]},{"damage_healed":0.0,"max_hp_gain":0.0,"max_hp_loss":0.0,"gold_gain":0.0,"event_name":"Match and Keep!","player_choice":"1 cards matched","floor":10.0,"gold_loss":0.0,"damage_taken":0.0,"cards_obtained":["Cloak And Dagger"]},{"damage_healed":0.0,"max_hp_gain":0.0,"max_hp_loss":0.0,"gold_gain":0.0,"cards_transformed":["Defend_G","Defend_G"],"event_name":"Drug Dealer","player_choice":"Became Test Subject","floor":21.0,"gold_loss":0.0,"damage_taken":0.0,"cards_obtained":["Finisher","Noxious Fumes"]},{"damage_healed":0.0,"max_hp_gain":0.0,"max_hp_loss":0.0,"gold_gain":99.0,"event_name":"Nest","player_choice":"Stole From Cult","floor":25.0,"gold_loss":0.0,"damage_taken":0.0},{"damage_healed":0.0,"max_hp_gain":0.0,"max_hp_loss":0.0,"gold_gain":0.0,"event_name":"Duplicator","player_choice":"Copied","floor":28.0,"gold_loss":0.0,"damage_taken":0.0,"cards_obtained":["Accuracy"]},{"damage_healed":0.0,"max_hp_gain":0.0,"max_hp_loss":0.0,"gold_gain":0.0,"event_name":"MindBloom","player_choice":"Fight","floor":37.0,"gold_loss":0.0,"damage_taken":0.0},{"cards_removed":["Defend_G"],"damage_healed":0.0,"max_hp_gain":0.0,"max_hp_loss":0.0,"gold_gain":0.0,"event_name":"Bonfire Elementals","player_choice":"Offered Basic","floor":39.0,"gold_loss":0.0,"damage_taken":0.0}],"is_beta":false,"boss_relics":[{"not_picked":["Fusion Hammer","Runic Dome"],"picked":"Cursed Key"},{"not_picked":["Sozu","Empty Cage"],"picked":"Busted Crown"}],"items_purged_floors":[12,27,47],"is_endless":false,"potions_floor_spawned":[2,7,13,14,16,20,22,23,30,33,35,42],"ascension_level":6}}