{"host":"5jzx1090woovszu4","time":1614385506,"event":{"mods":["BaseMod","Downfall","Minty Spire (QoL Compilation)","Spicy Shops","StSLib"],"gold_per_floor":[99,109,121,46,56,70,70,20,120,159,52,73,73,103,127,231,290,140,150,176,285,358,159,159,202,11,146,167,217,167,9,27,135,135,85,99,149,226,238,188,188,138,79,116,175,225,289,352,377,377,377,377],"floor_reached":50,"language":"ENG","playtime":4650,"items_purged":["Slimebound:Defend_Slimebound","Slimebound:Strike_Slimebound"],"score":655,"play_id":"d63065a9-2936-4f9a-bc8f-4eed4eac1755","local_time":"20210227012506","is_ascension_mode":true,"campfire_choices":[{"data":"Slimebound:Split","floor":1,"key":"SMITH"},{"data":"Slimebound:LivingWall","floor":8,"key":"SMITH"},{"data":"Slimebound:Darklings","floor":18,"key":"SMITH"},{"data":"Slimebound:FirmFortitude","floor":30,"key":"SMITH"},{"data":"Slimebound:ServeAndProtect","floor":35,"key":"SMITH"},{"data":"Slimebound:PressTheAttack","floor":40,"key":"SMITH"},{"data":"Slimebound:Equalize","floor":42,"key":"SMITH"}],"circlet_count":0,"master_deck":["Slimebound:Strike_Slimebound","Slimebound:Strike_Slimebound","Slimebound:Tackle","Slimebound:Defend_Slimebound","Slimebound:Defend_Slimebound","Slimebound:Defend_Slimebound+1","Slimebound:Split+1","Slimebound:CorrosiveSpit","Slimebound:LivingWall+1","Slimebound:Prepare+1","Slimebound:RejuvenatingLick","Slimebound:SelfFormingGoo+1","Slimebound:ServeAndProtect+1","Slimebound:SlimeSpikes","Slimebound:LevelUp","Slimebound:Darklings+1","Slimebound:SlimeSpikes","Slimebound:PressTheAttack+1","Slimebound:Equalize+1","Slimebound:SplitAcid","Slimebound:FirmFortitude+1","Slimebound:GoopSpray","Slimebound:Schlurp+1","Slimebound:Recycling","Slimebound:SlimeTap","Slimebound:SplitLeeching","Slimebound:ViciousTackle","Slimebound:RallyTheTroops","Slimebound:SplitAcid+1","Slimebound:Repurpose","Slimebound:LeadByExample+1","Slimebound:LeechEnergy+1","Slimebound:TagTeam"],"relics":["Slimebound:AbsorbEndCombat","Slimebound:GreedOozeRelic","Eternal Feather","CeramicFish","Centennial Puzzle","Tiny House","downfall:HeartBlessingGreen","downfall:CloakOfManyFaces","CultistMask","FaceOfCleric","NlothsMask","GremlinMask","SsserpentHead","Happy Flower","Thread and Needle","Bottled Flame","Nilry\u0027s Codex","Bottled Lightning","Lee\u0027s Waffle","Ornamental Fan","Mango"],"acts_visited":["Exordium","TheCity","TheBeyond"],"potions_floor_usage":[11,14,16,16,32,33,33,33,48,50,50,50,50,50,50],"damage_taken":[{"damage":7,"enemies":"2 Louse","floor":2,"turns":3},{"damage":2,"enemies":"Small Slimes","floor":3,"turns":5},{"damage":0,"enemies":"Cultist","floor":5,"turns":3},{"damage":2,"enemies":"Red Slaver","floor":6,"turns":3},{"damage":13,"enemies":"Lagavulin","floor":10,"turns":7},{"damage":3,"enemies":"downfall:FleeingMerchant","floor":11,"turns":4},{"damage":9,"enemies":"Exordium Thugs","floor":12,"turns":6},{"damage":13,"enemies":"Gremlin Nob","floor":14,"turns":5},{"damage":7,"enemies":"3 Louse","floor":15,"turns":3},{"damage":40,"enemies":"WA_ARCHETYPE_RETAIN","floor":16,"turns":10},{"damage":15,"enemies":"Spheric Guardian","floor":19,"turns":5},{"damage":18,"enemies":"Shell Parasite","floor":20,"turns":6},{"damage":9,"enemies":"downfall:FaceTrader","floor":21,"turns":10},{"damage":0,"enemies":"Snecko","floor":22,"turns":5},{"damage":7,"enemies":"downfall:FleeingMerchant","floor":23,"turns":4},{"damage":18,"enemies":"Book of Stabbing","floor":25,"turns":5},{"damage":0,"enemies":"downfall:FleeingMerchant","floor":26,"turns":4},{"damage":10,"enemies":"Snake Plant","floor":28,"turns":4},{"damage":3,"enemies":"downfall:FleeingMerchant","floor":31,"turns":4},{"damage":9,"enemies":"Centurion and Healer","floor":32,"turns":6},{"damage":27,"enemies":"DF_ARCHETYPE_CLAW","floor":33,"turns":7},{"damage":7,"enemies":"Orb Walker","floor":36,"turns":4},{"damage":6,"enemies":"3 Darklings","floor":38,"turns":7},{"damage":42,"enemies":"Spire Growth","floor":39,"turns":6},{"damage":9,"enemies":"Nemesis","floor":44,"turns":7},{"damage":18,"enemies":"Nemesis","floor":45,"turns":4},{"damage":31,"enemies":"Writhing Mass","floor":47,"turns":5},{"damage":0,"enemies":"4 Shapes","floor":48,"turns":5},{"damage":27,"enemies":"Spire Growth","floor":49,"turns":4},{"damage":67,"enemies":"IC_BLOCK_ARCHETYPE","floor":50,"turns":4}],"seed_played":"-7241379570809064425","potions_obtained":[{"floor":3,"key":"BlessingOfTheForge"},{"floor":6,"key":"AttackPotion"},{"floor":14,"key":"Weak Potion"},{"floor":15,"key":"CultistPotion"},{"floor":16,"key":"SteroidPotion"},{"floor":17,"key":"EssenceOfSteel"},{"floor":25,"key":"PowerPotion"},{"floor":28,"key":"hexamod:SoulburnPotion"},{"floor":32,"key":"DistilledChaos"},{"floor":33,"key":"Weak Potion"},{"floor":36,"key":"Guardian:BlockOnCardUsePotion"},{"floor":38,"key":"LiquidMemories"},{"floor":45,"key":"AttackPotion"},{"floor":47,"key":"EntropicBrew"},{"floor":48,"key":"Weak Potion"}],"is_trial":false,"path_per_floor":["R","M","M","?","M","M","T","R","?","E","$","M","?","E","M","B",null,"R","M","M","?","M","$","T","E","$","?","M","?","R","$","M","B",null,"R","M","?","M","M","R","T","R","$","E","?","?","M","M","M","B"],"character_chosen":"SLIMEBOUND","items_purchased":["Slimebound:ServeAndProtect","Happy Flower","Slimebound:GoopSpray","Slimebound:SlimeTap","Slimebound:SplitLeeching","Bottled Flame","Bottled Lightning","Lee\u0027s Waffle","Slimebound:Repurpose"],"campfire_rested":0,"item_purchase_floors":[11,23,23,26,26,26,31,31,43],"current_hp_per_floor":[71,66,70,70,71,71,71,71,71,62,63,62,62,55,48,16,76,76,65,55,54,67,73,73,70,80,68,61,45,60,89,86,79,91,91,87,79,90,67,82,82,94,94,104,91,81,55,68,58,0,0,0],"gold":377,"neow_bonus":"TEN_PERCENT_HP_BONUS","is_daily":false,"chose_seed":false,"campfire_upgraded":7,"win_rate":0.0,"timestamp":1614385506,"path_taken":["R","M","M","?","M","M","T","R","?","E","$","M","?","E","M","BOSS","R","M","M","?","?","$","T","E","$","?","M","?","R","$","M","BOSS","R","M","?","?","M","R","T","R","$","E","?","?","?","?","M","BOSS"],"items_purchased_type":["Card","Relic","Card","Card","Card","Relic","Relic","Relic","Card"],"build_version":"2020-12-22","purchased_purges":2,"victory":false,"max_hp_per_floor":[71,71,71,71,71,71,71,71,71,71,71,71,71,71,71,71,76,76,76,76,76,77,78,78,79,80,80,81,81,81,89,90,91,91,91,92,92,93,94,94,94,94,94,109,110,110,111,112,113,113,113,113],"card_choices":[{"not_picked":["Slimebound:ItLooksTasty","Slimebound:SplitAcid"],"picked":"Slimebound:LivingWall","floor":2},{"not_picked":["Slimebound:FinishingTackle","Slimebound:SplitAcid"],"picked":"Slimebound:Prepare","floor":3},{"not_picked":["Slimebound:Grow","Slimebound:Schlurp","Slimebound:RollThrough"],"picked":"SKIP","floor":5},{"not_picked":["Slimebound:Chomp","Slimebound:GoopTackle","Slimebound:Schlurp"],"picked":"SKIP","floor":6},{"not_picked":["Slimebound:SplitMire","Slimebound:Grow"],"picked":"Slimebound:RejuvenatingLick","floor":10},{"not_picked":["Slimebound:Gluttony","Slimebound:RollThrough"],"picked":"Slimebound:SelfFormingGoo","floor":11},{"not_picked":["Slimebound:GrowthPunch","Slimebound:DivideAndConquer"],"picked":"Slimebound:SlimeSpikes","floor":12},{"not_picked":["Slimebound:SlimeSpikes","Slimebound:Dissolve","Slimebound:SlimeBrawl"],"picked":"SKIP","floor":14},{"not_picked":["Slimebound:Prepare","Slimebound:ComboTackle"],"picked":"Slimebound:LevelUp","floor":15},{"not_picked":["Slimebound:LeechLife","Slimebound:WasteNot"],"picked":"Slimebound:Darklings","floor":16},{"not_picked":["Slimebound:SplitBruiser","Slimebound:SamplingLick"],"picked":"Slimebound:SlimeSpikes","floor":17},{"not_picked":["Slimebound:Chomp","Slimebound:RollThrough","Slimebound:GoopSpray"],"picked":"SKIP","floor":19},{"not_picked":["Slimebound:LivingWall","Slimebound:LeechingTouch"],"picked":"Slimebound:PressTheAttack","floor":20},{"not_picked":["Slimebound:ForwardTackle","Slimebound:FinishingTackle"],"picked":"Slimebound:Equalize","floor":21},{"not_picked":["Slimebound:LeechEnergy","Slimebound:GoopTackle"],"picked":"Slimebound:SplitAcid","floor":22},{"not_picked":["Slimebound:FinishingTackle","Slimebound:RollThrough"],"picked":"Slimebound:FirmFortitude","floor":23},{"not_picked":["Slimebound:DisruptingSlam","Slimebound:FinishingTackle+1"],"picked":"Slimebound:Schlurp","floor":25},{"not_picked":["Slimebound:SplitAcid","Slimebound:Equalize+1"],"picked":"Slimebound:Recycling","floor":26},{"not_picked":["Slimebound:SplitLeeching+1","Slimebound:RainOfGoop"],"picked":"Slimebound:ViciousTackle","floor":28},{"not_picked":["Slimebound:RejuvenatingLick","Slimebound:SplitBruiser","Slimebound:GoopSpray+1"],"picked":"SKIP","floor":31},{"not_picked":["Slimebound:SplitMire+1","Slimebound:SpikyOuterGoop","Slimebound:GrowthPunch"],"picked":"SKIP","floor":32},{"not_picked":["Slimebound:DuplicatedForm","Slimebound:SlimeSlap"],"picked":"Slimebound:RallyTheTroops","floor":33},{"not_picked":["Slimebound:Schlurp","Slimebound:ItLooksTasty+1","Slimebound:ComboTackle+1"],"picked":"SKIP","floor":36},{"not_picked":["Slimebound:ForwardTackle","Slimebound:Dissolve"],"picked":"Slimebound:SplitAcid+1","floor":38},{"not_picked":["Slimebound:LivingWall","Slimebound:Replication","Slimebound:Schlurp"],"picked":"SKIP","floor":39},{"not_picked":["Slimebound:RallyTheTroops","Slimebound:LivingWall+1"],"picked":"Slimebound:LeadByExample+1","floor":44},{"not_picked":["Slimebound:GrowthPunch","Slimebound:LeechingTouch"],"picked":"Slimebound:LeechEnergy+1","floor":45},{"not_picked":["Slimebound:GoopSpray","Slimebound:Prepare","Slimebound:MegaLick"],"picked":"SKIP","floor":47},{"not_picked":["Slimebound:RollThrough","Slimebound:ProtectTheBoss+1","Slimebound:SlimeSpikes+1"],"picked":"SKIP","floor":48},{"not_picked":["Slimebound:LivingWall","Slimebound:LevelUp"],"picked":"Slimebound:TagTeam","floor":49}],"player_experience":773678,"relics_obtained":[{"floor":7,"key":"Eternal Feather"},{"floor":10,"key":"CeramicFish"},{"floor":14,"key":"Centennial Puzzle"},{"floor":21,"key":"downfall:CloakOfManyFaces"},{"floor":25,"key":"Thread and Needle"},{"floor":29,"key":"Nilry\u0027s Codex"},{"floor":41,"key":"Ornamental Fan"},{"floor":44,"key":"Mango"}],"event_choices":[],"is_beta":false,"boss_relics":[{"not_picked":["Calling Bell","bronze:MakeshiftBattery"],"picked":"Tiny House"},{"not_picked":["Busted Crown","Fusion Hammer","Coffee Dripper"]}],"items_purged_floors":[23,31],"is_endless":false,"potions_floor_spawned":[3,6,14,15,16,25,28,32,33,36,38,45,47,48],"killed_by":"IC_BLOCK_ARCHETYPE","ascension_level":3}}