{"host":"i2ieyndca3ivj85d","time":1614430378,"event":{"mods":["BaseMod","Library of Ruina","Library of Ruina Extra","Lobotomy","LobotomyExtend","Minty Spire (QoL Compilation)","Quick Restart","StSLib"],"gold_per_floor":[114,127,302,317,317,329,329,342,369,369,397,397,422,422,422,422],"floor_reached":12,"language":"ZHS","playtime":759,"items_purged":[],"score":114,"play_id":"d0976560-5122-4b93-8cae-59c65601f7fe","local_time":"20210227205258","is_ascension_mode":true,"campfire_choices":[{"data":"Whirlwind","floor":7,"key":"SMITH"}],"circlet_count":0,"master_deck":["Strike_R","Strike_R","Strike_R","Strike_R","Strike_R","Defend_R","Defend_R","Defend_R","Defend_R","Bash","Clash+1","OldLady","Dazed","CrumblingArmor","Whirlwind+1","SingingMachine","BeautyBeast","OSAHOGD","UniverseFragment","Scarecrow"],"relics":["Burning Blood","CogitoBucket","LetterFromLob","Spirit Poop","Mummified Hand","Lantern","Bronze Scales","LaetitiaHeart"],"acts_visited":["Exordium"],"potions_floor_usage":[],"damage_taken":[{"damage":7,"enemies":"Jaw Worm","floor":1,"turns":3},{"damage":0,"enemies":"Small Slimes","floor":2,"turns":2},{"damage":2,"enemies":"Jaw Worm","floor":1,"turns":3},{"damage":12,"enemies":"Small Slimes","floor":3,"turns":2},{"damage":0,"enemies":"2 Louse","floor":5,"turns":1},{"damage":29,"enemies":"Gremlin Nob","floor":6,"turns":4},{"damage":38,"enemies":"Lagavulin","floor":8,"turns":4},{"damage":19,"enemies":"3 Sentries","floor":10,"turns":5},{"damage":4,"enemies":"Lagavulin","floor":12,"turns":1}],"seed_played":"5781401719781686169","potions_obtained":[{"floor":2,"key":"SkillPotion"},{"floor":1,"key":"GamblersBrew"},{"floor":5,"key":"SpeedPotion"}],"is_trial":false,"path_per_floor":["M","M","?","?","M","?","M","?","M","E","R","E","T","E","M","E"],"character_chosen":"IRONCLAD","items_purchased":[],"campfire_rested":0,"item_purchase_floors":[],"current_hp_per_floor":[79,80,80,80,80,74,74,80,57,57,25,25,12,1,0,0],"gold":422,"neow_bonus":"","is_daily":false,"chose_seed":false,"campfire_upgraded":1,"win_rate":0.0,"timestamp":1614430378,"path_taken":["M","M","?","?","M","?","?","?","?","E","R","E","T","E","M","E"],"items_purchased_type":[],"build_version":"2020-12-22","purchased_purges":0,"victory":false,"max_hp_per_floor":[80,80,80,80,80,80,80,80,80,80,80,80,80,1,1,1],"card_choices":[{"not_picked":["Rupture","Searing Blow"],"picked":"Clash","floor":1},{"not_picked":["MHz","VoidDream"],"picked":"OldLady","floor":1},{"not_picked":["Ghostly Armor","Havoc"],"picked":"Sword Boomerang","floor":2},{"not_picked":["SpiderBud","DespairKnight"],"picked":"CrumblingArmor","floor":2},{"not_picked":["Sword Boomerang","Disarm"],"picked":"Whirlwind","floor":1},{"not_picked":["GreedKing","SpiderBud"],"picked":"SingingMachine","floor":1},{"not_picked":["SnowQueen","Bloodbath"],"picked":"Murderer","floor":3},{"not_picked":["Clothesline","Second Wind","Dual Wield"],"picked":"SKIP","floor":3},{"not_picked":["Clothesline","Second Wind","Dual Wield"],"picked":"SKIP","floor":3},{"not_picked":["WallGazer","Murderer"],"picked":"BeautyBeast","floor":5},{"not_picked":["Twin Strike","Clothesline","Body Slam"],"picked":"SKIP","floor":5},{"not_picked":["MHz","Freischutz"],"picked":"OSAHOGD","floor":6},{"not_picked":["Exhume","Power Through","Iron Wave"],"picked":"SKIP","floor":6},{"not_picked":["Murderer","MHz"],"picked":"UniverseFragment","floor":8},{"not_picked":["Headbutt","Thunderclap","Rage"],"picked":"SKIP","floor":8},{"not_picked":["Headbutt","Thunderclap","Rage"],"picked":"SKIP","floor":8},{"not_picked":["Murderer","ShyLook"],"picked":"Scarecrow","floor":10},{"not_picked":["Dual Wield","Thunderclap","Havoc"],"picked":"SKIP","floor":10},{"not_picked":["Dual Wield","Thunderclap","Havoc"],"picked":"SKIP","floor":10}],"player_experience":194076,"relics_obtained":[{"floor":1,"key":"LetterFromLob"},{"floor":1,"key":"LetterFromLob"},{"floor":6,"key":"Mummified Hand"},{"floor":8,"key":"Lantern"},{"floor":10,"key":"Bronze Scales"}],"event_choices":[{"damage_healed":0,"gold_gain":175,"player_choice":"AGREE","damage_taken":0,"max_hp_gain":0,"max_hp_loss":0,"event_name":"Liars Game","floor":3,"gold_loss":0,"cards_obtained":["Doubt"]},{"cards_removed":["Doubt"],"damage_healed":0,"gold_gain":0,"player_choice":"Offered Curse","damage_taken":0,"relics_obtained":["Spirit Poop"],"max_hp_gain":0,"max_hp_loss":0,"event_name":"Bonfire Elementals","floor":2,"gold_loss":0},{"cards_removed":["Murderer"],"damage_healed":0,"gold_gain":0,"player_choice":"Purged","damage_taken":0,"max_hp_gain":0,"max_hp_loss":0,"event_name":"Purifier","floor":4,"gold_loss":0}],"is_beta":false,"boss_relics":[],"items_purged_floors":[],"is_endless":false,"potions_floor_spawned":[2,1,5,6],"killed_by":"Lagavulin","ascension_level":3}}