{"host":"dwqr8rfkubzfvfti","time":1614388211,"event":{"mods":["BaseMod","Colored Map","Colored Powertips","Minty Spire (QoL Compilation)","Rare Cards Sparkle","Relic Stats"],"gold_per_floor":[211,109,109,109,129,129,162,174,174,193,193,220,220,109,109,207,207,221,232,247,247,247,247,179,213,213,258,270,292,304,20,20,121,121,132,132,147,159,178,178,190,39,39,39,39,57,57,70,70,70],"floor_reached":51,"language":"ENG","playtime":2341,"items_purged":[],"score":881,"play_id":"0fb17271-14e2-4d6c-8286-ebcb990d6812","local_time":"20210226181011","is_ascension_mode":true,"campfire_choices":[{"data":"Eruption","floor":6,"key":"SMITH"},{"floor":11,"key":"REST"},{"data":"Wallop","floor":15,"key":"SMITH"},{"data":"Establishment","floor":23,"key":"SMITH"},{"floor":28,"key":"REST"},{"floor":32,"key":"REST"},{"data":"FlurryOfBlows","floor":40,"key":"SMITH"},{"floor":47,"key":"REST"},{"floor":49,"key":"REST"}],"circlet_count":0,"master_deck":["Strike_P+1","Defend_P+1","Defend_P","Defend_P+1","Eruption+1","Vigilance","FearNoEvil+1","FlurryOfBlows+1","Consecrate+1","Crescendo","FlurryOfBlows","SandsOfTime","Halt","FearNoEvil","Wallop+1","Indignation","Establishment+1","LikeWater+1","Alpha+1","Vengeance+1","ClearTheMind","TalkToTheHand+1","FollowUp+1","Ghostly","Ghostly","Ghostly","Ghostly","Ghostly","TalkToTheHand","FlurryOfBlows","Evaluate+1","FlurryOfBlows+1","TalkToTheHand","DeusExMachina","BowlingBash+1","Protect","MentalFortress+1","Tantrum+1","Indignation+1"],"relics":["PureWater","Ornamental Fan","Whetstone","Bag of Preparation","Astrolabe","Omamori","Happy Flower","MawBank","Bottled Flame","Mummified Hand","SlaversCollar","Anchor","Pen Nib"],"acts_visited":["Exordium","TheCity","TheBeyond"],"potions_floor_usage":[12,27,27,50,50,50],"damage_taken":[{"damage":9,"enemies":"2 Louse","floor":1,"turns":2},{"damage":0,"enemies":"Small Slimes","floor":5,"turns":2},{"damage":12,"enemies":"Gremlin Nob","floor":7,"turns":3},{"damage":0,"enemies":"Cultist","floor":8,"turns":2},{"damage":0,"enemies":"3 Louse","floor":10,"turns":4},{"damage":3,"enemies":"Lagavulin","floor":12,"turns":5},{"damage":18,"enemies":"Hexaghost","floor":16,"turns":4},{"damage":10,"enemies":"Spheric Guardian","floor":18,"turns":4},{"damage":0,"enemies":"Chosen","floor":19,"turns":3},{"damage":10,"enemies":"Shelled Parasite and Fungi","floor":20,"turns":4},{"damage":0,"enemies":"Book of Stabbing","floor":25,"turns":4},{"damage":33,"enemies":"Slavers","floor":27,"turns":7},{"damage":0,"enemies":"Centurion and Healer","floor":29,"turns":6},{"damage":4,"enemies":"Automaton","floor":33,"turns":7},{"damage":0,"enemies":"Orb Walker","floor":35,"turns":3},{"damage":9,"enemies":"3 Shapes","floor":37,"turns":6},{"damage":1,"enemies":"Maw","floor":38,"turns":8},{"damage":0,"enemies":"Spire Growth","floor":39,"turns":5},{"damage":10,"enemies":"Transient","floor":41,"turns":5},{"damage":0,"enemies":"Maw","floor":46,"turns":9},{"damage":3,"enemies":"Spire Growth","floor":48,"turns":5},{"damage":0,"enemies":"Donu and Deca","floor":50,"turns":7}],"seed_played":"200774089712264328","potions_obtained":[{"floor":5,"key":"SkillPotion"},{"floor":12,"key":"BlessingOfTheForge"},{"floor":16,"key":"Ancient Potion"},{"floor":18,"key":"Dexterity Potion"},{"floor":27,"key":"Explosive Potion"},{"floor":29,"key":"AttackPotion"},{"floor":46,"key":"DuplicationPotion"}],"is_trial":false,"path_per_floor":["M","$","?","?","M","R","E","M","T","M","R","E","?","$","R","B",null,"M","M","M","?","?","R","$","E","T","E","R","M","?","$","R","B",null,"M","?","M","M","M","R","M","$","T","?","$","M","R","M","R","B",null],"character_chosen":"WATCHER","items_purchased":["FlurryOfBlows","Consecrate","Wallop","Indignation","TalkToTheHand","Mummified Hand","TalkToTheHand","Anchor"],"campfire_rested":5,"item_purchase_floors":[2,2,14,14,24,31,31,42],"current_hp_per_floor":[63,63,63,49,49,49,37,37,37,37,58,55,55,55,55,37,72,62,62,52,36,36,36,36,36,36,3,13,13,13,13,23,19,36,36,36,27,26,26,26,16,16,16,16,16,16,26,23,33,33],"gold":70,"neow_bonus":"HUNDRED_GOLD","is_daily":false,"chose_seed":false,"campfire_upgraded":4,"win_rate":0.0,"timestamp":1614388211,"path_taken":["M","$","?","?","M","R","E","M","T","M","R","E","?","$","R","BOSS","M","M","M","?","?","R","$","E","T","E","R","?","?","$","R","BOSS","M","?","M","M","?","R","M","$","T","?","$","M","R","?","R","BOSS"],"items_purchased_type":["Card","Card","Card","Card","Card","Relic","Card","Relic"],"build_version":"2020-12-22","purchased_purges":0,"victory":true,"max_hp_per_floor":[72,72,72,72,72,72,72,72,72,72,72,72,72,72,72,72,72,72,72,72,36,36,36,36,36,36,36,36,36,36,36,36,36,36,36,36,36,36,36,36,36,36,36,36,36,36,36,36,36,36],"relic_stats":{"Happy Flower":[22],"counters":[22,105],"Ornamental Fan":[224],"Mummified Hand":[34],"Astrolabe":["LikeWater","Alpha","Vengeance"],"Pen Nib":[6],"Bag of Preparation":[32],"Whetstone":["Strike_P","FearNoEvil"],"MawBank":60,"obtain_stats":[{"Happy Flower":25,"Astrolabe":17,"Pen Nib":43,"Bag of Preparation":12,"Omamori":22,"Whetstone":9,"MawBank":26,"SlaversCollar":34,"Bottled Flame":27,"Anchor":42,"Ornamental Fan":7,"Mummified Hand":31,"PureWater":0},{"Happy Flower":11,"Astrolabe":7,"Pen Nib":19,"Bag of Preparation":6,"Omamori":10,"Whetstone":4,"MawBank":11,"SlaversCollar":14,"Bottled Flame":12,"Anchor":19,"Ornamental Fan":3,"Mummified Hand":13,"PureWater":0},{"Happy Flower":37,"Astrolabe":22,"Pen Nib":84,"Bag of Preparation":18,"Omamori":33,"Whetstone":9,"MawBank":37,"SlaversCollar":57,"Bottled Flame":44,"Anchor":84,"Ornamental Fan":7,"Mummified Hand":50,"PureWater":0}]},"card_choices":[{"not_picked":["FlyingSleeves","InnerPeace"],"picked":"FearNoEvil","floor":1},{"not_picked":["Sanctity","Consecrate"],"picked":"Crescendo","floor":5},{"not_picked":["Swivel","InnerPeace"],"picked":"FlurryOfBlows","floor":7},{"not_picked":["PathToVictory","Protect"],"picked":"SandsOfTime","floor":8},{"not_picked":["Study","PathToVictory"],"picked":"Halt","floor":10},{"not_picked":["PathToVictory","Nirvana"],"picked":"FearNoEvil","floor":12},{"not_picked":["Vault","Devotion"],"picked":"Establishment","floor":16},{"not_picked":["SashWhip","Sanctity"],"picked":"ClearTheMind","floor":18},{"not_picked":["EmptyBody","Wallop"],"picked":"TalkToTheHand+1","floor":19},{"not_picked":["CutThroughFate","BowlingBash"],"picked":"FollowUp+1","floor":20},{"not_picked":["WaveOfTheHand","ClearTheMind+1"],"picked":"FlurryOfBlows","floor":25},{"not_picked":["BowlingBash","Crescendo"],"picked":"Evaluate+1","floor":27},{"not_picked":["EmptyMind","Evaluate"],"picked":"FlurryOfBlows+1","floor":29},{"not_picked":["SpiritShield","MasterReality"],"picked":"DeusExMachina","floor":33},{"not_picked":["FollowUp","MentalFortress"],"picked":"BowlingBash+1","floor":35},{"not_picked":["SignatureMove","EmptyMind+1"],"picked":"MentalFortress+1","floor":37},{"not_picked":["Evaluate","BowlingBash","Halt"],"picked":"SKIP","floor":38},{"not_picked":["CutThroughFate+1","Consecrate"],"picked":"Tantrum+1","floor":39},{"not_picked":["FearNoEvil+1","PathToVictory"],"picked":"Indignation+1","floor":41},{"not_picked":["JustLucky","Protect","Conclude+1"],"picked":"SKIP","floor":46},{"not_picked":["BowlingBash+1","EmptyFist","ForeignInfluence"],"picked":"SKIP","floor":48}],"player_experience":528035,"relics_obtained":[{"floor":7,"key":"Ornamental Fan"},{"floor":9,"key":"Whetstone"},{"floor":12,"key":"Bag of Preparation"},{"floor":25,"key":"Happy Flower"},{"floor":26,"key":"MawBank"},{"floor":27,"key":"Bottled Flame"},{"floor":43,"key":"Pen Nib"}],"event_choices":[{"damage_healed":0,"gold_gain":0,"player_choice":"Ignored","damage_taken":0,"max_hp_gain":0,"max_hp_loss":0,"event_name":"Liars Game","floor":3,"gold_loss":0},{"damage_healed":0,"gold_gain":0,"player_choice":"Entered Light","damage_taken":14,"max_hp_gain":0,"max_hp_loss":0,"event_name":"Shining Light","floor":4,"gold_loss":0,"cards_upgraded":["Defend_P","Defend_P"]},{"damage_healed":0,"gold_gain":0,"player_choice":"Upgraded","damage_taken":0,"max_hp_gain":0,"max_hp_loss":0,"event_name":"Upgrade Shrine","floor":13,"gold_loss":0,"cards_upgraded":["Consecrate"]},{"damage_healed":0,"gold_gain":0,"player_choice":"Became a Ghost","damage_taken":0,"max_hp_gain":0,"max_hp_loss":36,"event_name":"Ghosts","floor":21,"gold_loss":0,"cards_obtained":["Ghostly","Ghostly","Ghostly","Ghostly","Ghostly"]},{"damage_healed":0,"gold_gain":0,"player_choice":"Opened","damage_taken":0,"relics_obtained":["Omamori"],"max_hp_gain":0,"max_hp_loss":0,"event_name":"The Mausoleum","floor":22,"gold_loss":0},{"damage_healed":0,"gold_gain":0,"player_choice":"Ignored","damage_taken":0,"max_hp_gain":0,"max_hp_loss":0,"event_name":"Cursed Tome","floor":30,"gold_loss":0},{"damage_healed":0,"gold_gain":0,"cards_transformed":["Strike_P"],"player_choice":"Transformed","damage_taken":0,"max_hp_gain":0,"max_hp_loss":0,"event_name":"Transmorgrifier","floor":36,"gold_loss":0,"cards_obtained":["Protect"]},{"damage_healed":0,"gold_gain":0,"player_choice":"Ignored","damage_taken":0,"max_hp_gain":0,"max_hp_loss":0,"event_name":"SecretPortal","floor":44,"gold_loss":0}],"is_beta":false,"boss_relics":[{"not_picked":["Ectoplasm","Runic Dome"],"picked":"Astrolabe"},{"not_picked":["SacredBark","Tiny House"],"picked":"SlaversCollar"}],"items_purged_floors":[],"is_endless":false,"potions_floor_spawned":[5,12,16,18,27,29,33,35,41,46],"ascension_level":1}}