{"host":"k73jsiy5lznhl6mk","time":1614403726,"event":{"mods":["BaseMod","Colored Map","Colored Powertips","Highlight Path","Infinite Spire","Ironclad Rager","Minty Spire (QoL Compilation)","Retaliation","Spicy Shops","StSLib","The Blue Laboratory","The Jungle","Uncapped"],"gold_per_floor":[117,131,131,131,145,320,320,99,99,125,169,169,100,123,123,232,232,257,172,172,50,0,0,0],"floor_reached":23,"language":"ENG","playtime":1486,"items_purged":["Doubt"],"score":187,"play_id":"15369ef9-cf03-48b3-8df6-c0559c0bcdee","local_time":"20210226212846","is_ascension_mode":false,"campfire_choices":[{"data":"Eruption","floor":7,"key":"SMITH"},{"floor":15,"key":"REST"}],"circlet_count":0,"master_deck":["Eruption+1","Vigilance","ICR:DragonStrike","ICR:DragonStrike","ICR:DragonStrike","ICR:DragonStrike","ICR:CraneWing","ICR:CraneWing","ICR:CraneWing","ICR:CraneWing","Pray","FollowUp","MentalFortress","EmptyMind","Prostrate","EmptyFist","Conclude","Judgement","Pray"],"relics":["PureWater","CeramicFish","Bottled Flame","Philosopher\u0027s Stone","Dream Catcher","The Courier","Membership Card"],"acts_visited":["Exordium","TheCity"],"potions_floor_usage":[16,18],"damage_taken":[{"damage":0,"enemies":"2 Louse","floor":1,"turns":4},{"damage":0,"enemies":"Small Slimes","floor":2,"turns":3},{"damage":0,"enemies":"Cultist","floor":5,"turns":2},{"damage":0,"enemies":"3 Louse","floor":10,"turns":1},{"damage":33,"enemies":"Gremlin Nob","floor":11,"turns":4},{"damage":14,"enemies":"Blue Slaver","floor":14,"turns":3},{"damage":23,"enemies":"Hexaghost","floor":16,"turns":8},{"damage":17,"enemies":"2 Thieves","floor":18,"turns":4},{"damage":68,"enemies":"Gremlin Leader","floor":23,"turns":8}],"seed_played":"7218371542984177444","potions_obtained":[{"floor":5,"key":"blueLaboratory:NullPotion"},{"floor":10,"key":"blueLaboratory:AbyssPotion"},{"floor":16,"key":"blueLaboratory:BottleOfVodka"}],"is_trial":false,"path_per_floor":["M","M","?","?","M","?","R","$","T","M","E","?","$","M","R","B",null,"M","?","T","$","?","E"],"character_chosen":"WATCHER","items_purchased":["CeramicFish","EmptyFist","Membership Card"],"campfire_rested":1,"item_purchase_floors":[8,13,21],"current_hp_per_floor":[72,72,72,72,72,72,72,72,72,72,39,39,39,25,46,23,72,55,55,55,55,55,0,0],"gold":0,"neow_bonus":"WATCHER_MONK","is_daily":false,"chose_seed":false,"campfire_upgraded":1,"win_rate":0.0,"timestamp":1614403726,"path_taken":["M","M","?","?","?","?","R","$","T","M","E","?","?","M","R","BOSS","M","?","?","$","?","E"],"items_purchased_type":["Relic","Card","Relic"],"build_version":"2020-12-22","purchased_purges":1,"victory":false,"max_hp_per_floor":[72,72,72,72,72,72,72,72,72,72,72,72,72,72,72,72,72,72,72,72,72,72,72,72],"card_choices":[{"not_picked":["Tantrum","Weave"],"picked":"Pray","floor":1},{"not_picked":["Protect","BowlingBash"],"picked":"FollowUp","floor":2},{"not_picked":["JustLucky","TalkToTheHand"],"picked":"MentalFortress","floor":5},{"not_picked":["Nirvana","Adaptation"],"picked":"EmptyMind","floor":10},{"not_picked":["WheelKick","ThirdEye"],"picked":"Prostrate","floor":11},{"not_picked":["CutThroughFate","Study"],"picked":"Conclude","floor":14},{"not_picked":["SpiritShield","Brilliance"],"picked":"Judgement","floor":16},{"not_picked":["PathToVictory+1","InnerPeace"],"picked":"Pray","floor":18}],"player_experience":457150,"relics_obtained":[{"floor":9,"key":"Bottled Flame"},{"floor":20,"key":"The Courier"}],"event_choices":[{"damage_healed":0,"gold_gain":0,"player_choice":"Leave","damage_taken":0,"max_hp_gain":0,"max_hp_loss":0,"event_name":"The Cleric","floor":3,"gold_loss":0},{"damage_healed":0,"gold_gain":0,"player_choice":"Ignored","damage_taken":0,"max_hp_gain":0,"max_hp_loss":0,"event_name":"NoteForYourself","floor":4,"gold_loss":0},{"damage_healed":0,"gold_gain":175,"player_choice":"AGREE","damage_taken":0,"max_hp_gain":0,"max_hp_loss":0,"event_name":"Liars Game","floor":6,"gold_loss":0,"cards_obtained":["Doubt"]},{"damage_healed":0,"gold_gain":0,"player_choice":"Ignored","damage_taken":0,"max_hp_gain":0,"max_hp_loss":0,"event_name":"Golden Wing","floor":12,"gold_loss":0},{"damage_healed":0,"gold_gain":0,"player_choice":"Obtained Relic","damage_taken":0,"relics_obtained":["Dream Catcher"],"max_hp_gain":0,"max_hp_loss":0,"event_name":"Addict","floor":19,"gold_loss":85},{"damage_healed":0,"gold_gain":0,"player_choice":"Paid Fearfully","damage_taken":0,"max_hp_gain":0,"max_hp_loss":0,"event_name":"Masked Bandits","floor":22,"gold_loss":50}],"is_beta":false,"boss_relics":[{"not_picked":["Pandora\u0027s Box","Runic Pyramid"],"picked":"Philosopher\u0027s Stone"}],"items_purged_floors":[8],"is_endless":false,"potions_floor_spawned":[5,10,16],"killed_by":"Gremlin Leader","ascension_level":0}}