{"host":"lktusdb9orijgc6z","time":1614415153,"event":{"mods":["BaseMod","Bestiary","Colored Map","Colored Powertips","Minty Spire (QoL Compilation)","Permanent Neow","Quick Restart","Relic Stats","StSLib","everything is the same but u backflip on backflip","slay the spire mod where everything is the same but ironclad has a cowboy hat"],"gold_per_floor":[215,215,232,243,7,40,40,40,40,90,107,132,132,40,40,119,119,92,110,110,125,125,125,137,164,164,198,198,198,229,244,244,317,317,327,60,60,60,70,70,99,99,99,99,124,137,162,182,182,182,182,182,182,13,44,44],"floor_reached":57,"language":"ENG","playtime":3026,"items_purged":["Defend_G","Decay"],"score":3452,"play_id":"4878bf03-afb3-4a11-99c2-9b70b77f0f0a","local_time":"20210227093913","is_ascension_mode":true,"campfire_choices":[{"data":"Slice","floor":8.0,"key":"SMITH"},{"data":"Discovery","floor":15.0,"key":"SMITH"},{"data":"Wraith Form v2","floor":23.0,"key":"SMITH"},{"floor":29.0,"key":"REST"},{"data":"Catalyst","floor":32.0,"key":"SMITH"},{"data":"Wraith Form v2","floor":40,"key":"SMITH"},{"data":"Calculated Gamble","floor":42,"key":"SMITH"},{"floor":44,"key":"RECALL"},{"data":"Well Laid Plans","floor":49,"key":"SMITH"},{"data":"Bouncing Flask","floor":53,"key":"SMITH"}],"circlet_count":0,"master_deck":["AscendersBane","Strike_G+1","Strike_G+1","Strike_G+1","Strike_G+1","Defend_G+1","Defend_G+1","Defend_G+1","Defend_G+1","Survivor","Neutralize","Quick Slash+1","Flying Knee","Slice+1","Predator","Dagger Spray","Discovery+1","Wraith Form v2+1","PiercingWail","Dodge and Roll+1","Deadly Poison+1","Catalyst+1","Acrobatics+1","Envenom","Blade Dance","Calculated Gamble+1","Night Terror+1","Wraith Form v2+1","Wraith Form v2+1","Wraith Form v2+1","After Image","Noxious Fumes","Well Laid Plans+1","Deadly Poison","Bouncing Flask+1"],"relics":["Ring of the Snake","Anchor","TungstenRod","White Beast Statue","Pocketwatch","FaceOfCleric","SacredBark","Pantograph","Letter Opener","Mercury Hourglass","Turnip","Snecko Eye","DollysMirror","Omamori","Darkstone Periapt","Gambling Chip","War Paint","Bag of Marbles"],"acts_visited":["Exordium","TheCity","TheBeyond","TheEnding"],"potions_floor_usage":[33,35,35,56,56],"damage_taken":[{"damage":0.0,"enemies":"Small Slimes","floor":1.0,"turns":5.0},{"damage":0.0,"enemies":"2 Louse","floor":3.0,"turns":2.0},{"damage":0.0,"enemies":"Cultist","floor":4.0,"turns":3.0},{"damage":24.0,"enemies":"Gremlin Nob","floor":6.0,"turns":4.0},{"damage":0.0,"enemies":"3 Louse","floor":11.0,"turns":3.0},{"damage":10.0,"enemies":"3 Sentries","floor":12.0,"turns":6.0},{"damage":9.0,"enemies":"Hexaghost","floor":16.0,"turns":8.0},{"damage":0.0,"enemies":"2 Thieves","floor":18.0,"turns":4.0},{"damage":24.0,"enemies":"Spheric Guardian","floor":19.0,"turns":4.0},{"damage":0.0,"enemies":"Snake Plant","floor":21.0,"turns":5.0},{"damage":11.0,"enemies":"Shelled Parasite and Fungi","floor":24.0,"turns":6.0},{"damage":0.0,"enemies":"Book of Stabbing","floor":25.0,"turns":5.0},{"damage":24.0,"enemies":"Slavers","floor":27.0,"turns":7.0},{"damage":0.0,"enemies":"Gremlin Leader","floor":30.0,"turns":5.0},{"damage":0.0,"enemies":"3 Cultists","floor":31.0,"turns":6.0},{"damage":35,"enemies":"Champ","floor":33,"turns":4},{"damage":0,"enemies":"3 Darklings","floor":35,"turns":5},{"damage":0,"enemies":"Orb Walker","floor":39,"turns":5},{"damage":0,"enemies":"Giant Head","floor":41,"turns":9},{"damage":0,"enemies":"Nemesis","floor":45,"turns":13},{"damage":0,"enemies":"Transient","floor":46,"turns":6},{"damage":0,"enemies":"Mind Bloom Boss Battle","floor":47,"turns":10},{"damage":0,"enemies":"3 Darklings","floor":48,"turns":5},{"damage":0,"enemies":"Awakened One","floor":50,"turns":19},{"damage":0,"enemies":"Time Eater","floor":51,"turns":6},{"damage":0,"enemies":"Shield and Spear","floor":55,"turns":9},{"damage":0,"enemies":"The Heart","floor":56,"turns":5}],"seed_played":"-8727078655166803134","potions_obtained":[{"floor":6.0,"key":"Poison Potion"},{"floor":11.0,"key":"Energy Potion"},{"floor":12.0,"key":"Fruit Juice"},{"floor":16.0,"key":"Block Potion"},{"floor":18.0,"key":"LiquidMemories"},{"floor":19.0,"key":"Poison Potion"},{"floor":24.0,"key":"LiquidBronze"},{"floor":25.0,"key":"Dexterity Potion"},{"floor":27.0,"key":"Poison Potion"},{"floor":30.0,"key":"PowerPotion"},{"floor":33,"key":"FearPotion"},{"floor":35,"key":"SpeedPotion"},{"floor":39,"key":"SkillPotion"},{"floor":41,"key":"Weak Potion"},{"floor":46,"key":"Poison Potion"},{"floor":47,"key":"CunningPotion"},{"floor":48,"key":"Poison Potion"},{"floor":55,"key":"DuplicationPotion"}],"is_trial":false,"path_per_floor":["M","?","M","M","$","E","?","R","T","?","M","E","?","$","R","B",null,"M","M","?","M","?","R","M","E","T","E","?","R","E","M","R","B",null,"M","$","?","?","M","R","E","R","T","R","E","M","?","M","R","B","B",null,"R","$","E","B",null],"character_chosen":"THE_SILENT","items_purchased":["Anchor","Discovery","DollysMirror","War Paint"],"campfire_rested":1,"item_purchase_floors":[5,14,36,54],"current_hp_per_floor":[59,39,39,39,39,15,37,37,37,37,37,27,27,27,27,19,55,56,43,43,44,44,44,34,35,35,12,12,36,37,38,38,29,72,73,73,73,73,74,74,75,75,75,75,76,77,92,93,93,94,95,95,95,95,96,97],"gold":44,"neow_bonus":"HUNDRED_GOLD","is_daily":false,"chose_seed":false,"campfire_upgraded":8,"win_rate":0.0,"timestamp":1614415153,"path_taken":["M","?","M","M","$","E","?","R","T","?","?","E","?","?","R","BOSS","M","M","?","M","?","R","M","E","T","E","?","R","E","M","R","BOSS","M","$","?","?","?","R","E","R","T","R","E","M","?","M","R","BOSS","BOSS","R","$","E","BOSS"],"items_purchased_type":["Relic","Card","Relic","Relic"],"build_version":"2020-12-22","purchased_purges":2,"victory":true,"max_hp_per_floor":[66,66,66,66,66,66,66,66,66,66,66,66,66,66,66,67,67,68,79,79,80,80,80,81,82,82,83,83,83,84,85,85,86,86,87,87,87,87,88,88,89,89,89,89,90,91,92,93,93,94,95,95,95,95,96,97],"relic_stats":{"Darkstone Periapt":0,"counters":[27,169],"Letter Opener":[139],"War Paint":["Acrobatics","Night Terror"],"Mercury Hourglass":[392],"FaceOfCleric":21,"Pantograph":39,"Gambling Chip":[31],"Snecko Eye":[193,187,194,196],"Turnip":[6],"obtain_stats":[{"Darkstone Periapt":45,"SacredBark":17,"Omamori":41,"Letter Opener":26,"War Paint":54,"White Beast Statue":9,"Mercury Hourglass":27,"Anchor":5,"FaceOfCleric":13,"DollysMirror":36,"Pantograph":25,"Gambling Chip":47,"Snecko Eye":34,"Turnip":30,"Bag of Marbles":55,"TungstenRod":6,"Ring of the Snake":0,"Pocketwatch":12},{"Darkstone Periapt":20,"SacredBark":7,"Omamori":19,"Letter Opener":12,"War Paint":25,"White Beast Statue":4,"Mercury Hourglass":13,"Anchor":3,"FaceOfCleric":6,"DollysMirror":17,"Pantograph":12,"Gambling Chip":22,"Snecko Eye":16,"Turnip":14,"Bag of Marbles":26,"TungstenRod":4,"Ring of the Snake":0,"Pocketwatch":6},{"Darkstone Periapt":109,"SacredBark":31,"Omamori":96,"Letter Opener":55,"War Paint":155,"White Beast Statue":14,"Mercury Hourglass":62,"Anchor":10,"FaceOfCleric":23,"DollysMirror":82,"Pantograph":55,"Gambling Chip":125,"Snecko Eye":77,"Turnip":67,"Bag of Marbles":164,"TungstenRod":14,"Ring of the Snake":0,"Pocketwatch":23}],"TungstenRod":133,"Ring of the Snake":[54],"Pocketwatch":[157]},"card_choices":[{"not_picked":["Acrobatics","Accuracy"],"picked":"Quick Slash","floor":1.0},{"not_picked":["Quick Slash","Sucker Punch"],"picked":"Flying Knee","floor":3.0},{"not_picked":["Skewer","Flying Knee"],"picked":"Slice","floor":4.0},{"not_picked":["Finisher","Dash"],"picked":"Predator","floor":6.0},{"not_picked":["Deflect","Distraction","Underhanded Strike"],"picked":"SKIP","floor":11.0},{"not_picked":["Deflect","Distraction","Underhanded Strike"],"picked":"SKIP","floor":11.0},{"not_picked":["Setup","Slice"],"picked":"Dagger Spray","floor":12.0},{"not_picked":["Night Terror","Bullet Time"],"picked":"Wraith Form v2","floor":16.0},{"not_picked":["Dagger Throw","Predator"],"picked":"PiercingWail","floor":18.0},{"not_picked":["Escape Plan","Dagger Throw"],"picked":"Dodge and Roll+1","floor":19.0},{"not_picked":["Noxious Fumes","Calculated Gamble"],"picked":"Deadly Poison+1","floor":21.0},{"not_picked":["Dodge and Roll+1","Finisher"],"picked":"Acrobatics","floor":24.0},{"not_picked":["Endless Agony","Dagger Spray"],"picked":"Envenom","floor":25.0},{"not_picked":["Deflect","Expertise"],"picked":"Blade Dance","floor":27.0},{"not_picked":["Outmaneuver","Blur"],"picked":"Calculated Gamble","floor":30.0},{"not_picked":["Terror","Blade Dance"],"picked":"Night Terror","floor":31.0},{"not_picked":["After Image","Envenom"],"picked":"Wraith Form v2","floor":33},{"not_picked":["Flechettes","Deadly Poison","Finisher"],"picked":"SKIP","floor":35},{"not_picked":["Expertise","Flying Knee+1","Prepared"],"picked":"SKIP","floor":39},{"not_picked":["Dodge and Roll","Dagger Spray"],"picked":"After Image","floor":41},{"not_picked":["Expertise","Blur"],"picked":"Noxious Fumes","floor":45},{"not_picked":["Finisher","Flechettes"],"picked":"Well Laid Plans","floor":46},{"not_picked":["Bane","Sucker Punch"],"picked":"Deadly Poison","floor":47},{"not_picked":["Dash","Acrobatics"],"picked":"Bouncing Flask","floor":48},{"not_picked":["Choke","Grand Finale","Masterful Stab"],"picked":"SKIP","floor":55}],"player_experience":838099,"relics_obtained":[{"floor":6.0,"key":"TungstenRod"},{"floor":9.0,"key":"White Beast Statue"},{"floor":12.0,"key":"Pocketwatch"},{"floor":25.0,"key":"Pantograph"},{"floor":26.0,"key":"Letter Opener"},{"floor":27.0,"key":"Mercury Hourglass"},{"floor":30.0,"key":"Turnip"},{"floor":41,"key":"Omamori"},{"floor":45,"key":"Darkstone Periapt"},{"floor":47,"key":"Gambling Chip"},{"floor":55,"key":"Bag of Marbles"}],"event_choices":[{"damage_healed":0.0,"max_hp_gain":0.0,"max_hp_loss":0.0,"gold_gain":0.0,"event_name":"Shining Light","player_choice":"Entered Light","floor":2.0,"gold_loss":0.0,"damage_taken":20.0,"cards_upgraded":["Strike_G","Quick Slash"]},{"damage_healed":22.0,"max_hp_gain":0.0,"max_hp_loss":0.0,"gold_gain":0.0,"event_name":"Big Fish","player_choice":"Banana","floor":7.0,"gold_loss":0.0,"damage_taken":0.0},{"damage_healed":0.0,"max_hp_gain":0.0,"max_hp_loss":0.0,"gold_gain":50.0,"event_name":"Golden Shrine","player_choice":"Pray","floor":10.0,"gold_loss":0.0,"damage_taken":0.0},{"damage_healed":0.0,"max_hp_gain":0.0,"max_hp_loss":0.0,"gold_gain":0.0,"event_name":"FaceTrader","player_choice":"Trade","floor":13.0,"gold_loss":0.0,"damage_taken":0.0,"relics_obtained":["FaceOfCleric"]},{"damage_healed":0.0,"max_hp_gain":0.0,"max_hp_loss":0.0,"gold_gain":0.0,"event_name":"Back to Basics","player_choice":"Simplicity","floor":20.0,"gold_loss":0.0,"damage_taken":0.0,"cards_upgraded":["Strike_G","Strike_G","Strike_G","Strike_G","Defend_G","Defend_G","Defend_G","Defend_G"]},{"damage_healed":0.0,"max_hp_gain":0.0,"max_hp_loss":0.0,"gold_gain":0.0,"event_name":"The Library","player_choice":"Read","floor":22.0,"gold_loss":0.0,"damage_taken":0.0,"cards_obtained":["Catalyst"]},{"damage_healed":0.0,"max_hp_gain":0.0,"max_hp_loss":0.0,"gold_gain":0.0,"event_name":"Forgotten Altar","player_choice":"Smashed Altar","floor":28.0,"gold_loss":0.0,"damage_taken":0.0,"cards_obtained":["Decay"]},{"cards_removed":["Strike_G"],"damage_healed":0,"gold_gain":0,"player_choice":"Removed Attack","damage_taken":0,"max_hp_gain":0,"max_hp_loss":0,"event_name":"Falling","floor":37,"gold_loss":0},{"damage_healed":0,"gold_gain":0,"player_choice":"Copied","damage_taken":0,"max_hp_gain":0,"max_hp_loss":0,"event_name":"Duplicator","floor":38,"gold_loss":0,"cards_obtained":["Wraith Form v2"]},{"damage_healed":0,"gold_gain":0,"player_choice":"Fight","damage_taken":0,"max_hp_gain":0,"max_hp_loss":0,"event_name":"MindBloom","floor":47,"gold_loss":0}],"is_beta":false,"boss_relics":[{"not_picked":["SlaversCollar","Ring of the Serpent"],"picked":"SacredBark"},{"not_picked":["Astrolabe","Tiny House"],"picked":"Snecko Eye"}],"items_purged_floors":[5,36],"is_endless":false,"potions_floor_spawned":[6,11,12,16,18,19,21,24,25,27,30,31,33,35,39,41,45,46,47,48,55],"ascension_level":20}}