{"host":"cizwai1hr4r8wn74","time":1614408716,"event":{"mods":["Act Like it!","Arknights","BaseMod","Friendly Minions","Kiyohime£®«Âºß£©","Koishi","LagranYue(¿≠∏Ò¿ °§‘¬)","Lobotomy","LobotomyExtend","Marisa£®ÏF”Í°°ƒß¿Ì…≥£©","Minty Spire (QoL Compilation)","Replay The Spire","StSLib","SuperFastMode","TestMod","The Servant 0.9.4","Youmu£®ªÍ∆«—˝√Œ£©","Yuri Mod","°æπ¶ƒ‹Mod°øªÏ„Á÷Æª∑–ﬁ∏¥≤π∂°"],"gold_per_floor":[110,128,141,141,157,192,192,208,286,286,320,320,187,187,187,283,283,283,183,183,183,183],"floor_reached":21,"language":"ZHS","playtime":795,"items_purged":["Strike_MRS","Strike_MRS"],"score":185,"play_id":"d4d68f73-15b7-4c91-a5e7-6941a7975b56","local_time":"20210227145156","is_ascension_mode":false,"campfire_choices":[{"data":"MysteriousBeam","floor":7,"key":"SMITH"},{"floor":10,"key":"REST"},{"data":"GrandCross","floor":15,"key":"SMITH"},{"data":"WitchLeyline","floor":18,"key":"SMITH"}],"circlet_count":0,"master_deck":["Strike_MRS","Strike_MRS","Defend_MRS","Defend_MRS","Defend_MRS","Defend_MRS","MasterSpark+1","UpSweep","FairyFestival","WitchLeyline+1","ShootingEcho","LongBird","MysteriousBeam+1","Acceleration","GrandCross+1","MagicAbsorber","SprinkleStarSeal+1","SuperNova"],"relics":["MiniHakkero","testmod-TestBox","LagranYue:RandomDrawCardRelic","CogitoBucket","LetterFromLob","ReplayTheSpireMod:Shallot","BackwardClock","BreadOfAWashokuLover","testmod-ConstraintPeriapt","Happy Flower","White Beast Statue","ChewingGum"],"acts_visited":["TheEnding"],"potions_floor_usage":[21],"damage_taken":[{"damage":2,"enemies":"2 Louse","floor":1,"turns":2},{"damage":1,"enemies":"Jaw Worm","floor":2,"turns":3},{"damage":0,"enemies":"Small Slimes","floor":3,"turns":2},{"damage":5,"enemies":"Looter","floor":5,"turns":3},{"damage":16,"enemies":"Gremlin Nob","floor":6,"turns":3},{"damage":16,"enemies":"Gremlin Gang","floor":8,"turns":4},{"damage":6,"enemies":"Replay:BlueRogue","floor":11,"turns":3},{"damage":33,"enemies":"Slime Boss","floor":16,"turns":6},{"damage":110,"enemies":"The Heart","floor":21,"turns":5}],"seed_played":"-2696428413678755912","potions_obtained":[{"floor":1,"key":"SteroidPotion"},{"floor":6,"key":"Ancient Potion"},{"floor":8,"key":"Dexterity Potion"},{"floor":11,"key":"PowerPotion"},{"floor":16,"key":"SteroidPotion"}],"is_trial":false,"path_per_floor":["M","M","M","?","M","E","R","M","T","R","E","?","$","?","R","B",null,"R","$","E","B"],"character_chosen":"MARISA","items_purchased":["SprinkleStarSeal+1"],"campfire_rested":1,"item_purchase_floors":[13],"current_hp_per_floor":[73,74,74,74,69,53,53,39,39,61,57,57,57,57,57,30,75,75,75,75,0,0],"gold":183,"neow_bonus":"","is_daily":false,"chose_seed":false,"campfire_upgraded":3,"win_rate":0.0,"timestamp":1614408716,"path_taken":["M","M","M","?","M","E","R","M","T","R","E","?","$","?","R","BOSS","R","$","E","BOSS"],"items_purchased_type":["Card"],"build_version":"2020-12-22","purchased_purges":2,"victory":false,"max_hp_per_floor":[75,75,75,75,75,75,75,75,75,75,75,75,75,75,75,75,75,75,75,75,75,75],"card_choices":[{"not_picked":["FairyFestival","OSAHOGD","WallGazer"],"picked":"Singing Bowl","floor":1},{"not_picked":["BlackSwan","UniverseFragment"],"picked":"FairyFestival","floor":1},{"not_picked":["SporeBomb","MeteoricShower"],"picked":"WitchLeyline","floor":1},{"not_picked":["6A","NonDirectionalLaser"],"picked":"ShootingEcho","floor":2},{"not_picked":["Mercenary","HeroicMonk"],"picked":"LongBird","floor":2},{"not_picked":["Acceleration","Orbital","GravityBeat"],"picked":"SKIP","floor":3},{"not_picked":["ManaConvection","ChargeUpSpray"],"picked":"MysteriousBeam","floor":5},{"not_picked":["GravityBeat","Singularity"],"picked":"Acceleration","floor":6},{"not_picked":["Bloodbath","ShyLook","MeatLantern"],"picked":"Singing Bowl","floor":8},{"not_picked":["DoubleSpark","NonDirectionalLaser"],"picked":"GrandCross","floor":8},{"not_picked":["ManaConvection","FairyDestructionRay"],"picked":"MagicAbsorber","floor":11},{"not_picked":["BigCrunch","BlazingStar"],"picked":"SuperNova","floor":16}],"player_experience":79658,"relics_obtained":[{"floor":1,"key":"LetterFromLob"},{"floor":6,"key":"ReplayTheSpireMod:Shallot"},{"floor":9,"key":"BreadOfAWashokuLover"},{"floor":11,"key":"testmod-ConstraintPeriapt"}],"event_choices":[{"damage_healed":0,"gold_gain":0,"player_choice":"Grow","damage_taken":0,"max_hp_gain":0,"max_hp_loss":0,"event_name":"Living Wall","floor":4,"gold_loss":0,"cards_upgraded":["MasterSpark"]},{"damage_healed":0,"gold_gain":0,"player_choice":"Searched \u00271\u0027 times","damage_taken":0,"relics_obtained":["Happy Flower"],"max_hp_gain":0,"max_hp_loss":0,"event_name":"Dead Adventurer","floor":12,"gold_loss":0},{"damage_healed":0,"gold_gain":0,"player_choice":"Gave Potion","damage_taken":0,"relics_obtained":["White Beast Statue"],"max_hp_gain":0,"max_hp_loss":0,"event_name":"WeMeetAgain","floor":14,"gold_loss":0}],"is_beta":false,"boss_relics":[{"not_picked":["Replay:Bronze Core","Ectoplasm"],"picked":"ChewingGum"}],"items_purged_floors":[13,19],"is_endless":false,"potions_floor_spawned":[1,6,8,11,16],"killed_by":"The Heart","ascension_level":0}}