{"host":"d73an99q9oevilk5","time":1614421244,"event":{"mods":["2.2 Compatiblity","AchievementEnabler","Act Like it!","Aspiration","BaseMod","Beaked The Cultist","Better Third Choice","BetterRewards","Bossed Relics","Colored Map","Colored Powertips","Conspire","Downfall","GifTheSpireLib","GungeonMod","Halation","Hubris","Infinite Spire","Marisa????????","Mimic Mod","Minty Spire (QoL Compilation)","MostiFishMod","Quick Restart","Relic Sorter","Reliquary","Replay The Spire","Shop Mod","Spikes Relics","StSLib","Stuff the Spire","The Cursed","The Jungle","The Necromancer","The Saiyan","TheHero","Waifu the Spire","egg","slay the spire mod where everything is the same but ironclad has a cowboy hat"],"gold_per_floor":[117,117,130,83,83,114,124,150,150,150,160,160,173,184,184,289,289,309,110,122,43,43,73,89,89,119,119,44,44,59,78,78,175,175,191,48,61,75,92,123,123,158,206,206,225,257,257,267,267,267],"floor_reached":51,"language":"ENG","playtime":2550,"items_purged":[],"score":1019,"play_id":"e09e49d9-f520-4b2e-8a3b-613f63d7c402","local_time":"20210227032044","is_ascension_mode":false,"campfire_choices":[{"floor":10,"key":"REST"},{"data":"Summon_Undead","floor":12,"key":"SMITH"},{"data":"Summon_Lich","floor":15,"key":"SMITH"},{"data":"Summon_Death_Knight","floor":25,"key":"SMITH"},{"data":"Summon_Vampire_Lady","floor":27,"key":"SMITH"},{"data":"StuffTheSpire:Ambrosia","floor":29,"key":"SMITH"},{"data":"StuffTheSpire:CuriosityCurse","floor":32,"key":"PURGE"},{"data":"Skeleton_Dragon","floor":41,"key":"SMITH"},{"data":"Summon_Lich","floor":47,"key":"SMITH"}],"circlet_count":0,"master_deck":["Strike_W","Strike_W+1","Strike_W","Defend_W","Defend_W","Defend_W+1","Negative_Energy_Arrows","Bone_Wall","Bone_Armory+1","Summon_Lich+1","Corrupt","Finger_Of_Death","Bones_to_Steel","Spectral_Armor","Summon_Undead+1","Siphon_Strength","Bone_Armor","Summon_Vampire_Lady+1","Bone_Armor+1","Summon_Lich+1","Summon_Death_Knight+1","Toxic_Smoke_Screen+1","StuffTheSpire:Ambrosia+1","Skeleton_Dragon+1","Skeleton_Dragon","Cold Snap+1","Glacier+1","Finesse","ReplayTheSpireMod:Private Reserves","Bone_Armory+1"],"relics":["Vampire_Amulet","DemoMod:DecoyRelic","DaveBox","ThornShield","LugNut","Guide Book","hubris:Spice","SynthV:TestCard","reliquary:PartyBalloon","DemoMod:VorpalBullet","Matryoshka","CherryCoatedStake","hubris:TenFootPole","aspiration:DefectSkillbook","Pet Ghost","DemoMod:WeirdEgg","Replay:PocketPolymizer","ReplayTheSpireMod:Lightbulb","Lantern","Singing Bowl"],"acts_visited":["Exordium","TheCity","TheBeyond"],"potions_floor_usage":[8,14,16,23,26,31,33,37,40,42,45,46,48,50],"damage_taken":[{"damage":0,"enemies":"2 Louse","floor":1,"turns":3},{"damage":8,"enemies":"Jaw Worm","floor":3,"turns":4},{"damage":24,"enemies":"Lagavulin","floor":6,"turns":8},{"damage":0,"enemies":"Cultist","floor":7,"turns":4},{"damage":15,"enemies":"Gremlin Nob","floor":8,"turns":4},{"damage":5,"enemies":"Blue Slaver","floor":11,"turns":5},{"damage":14,"enemies":"Exordium Thugs","floor":13,"turns":3},{"damage":0,"enemies":"2 Fungi Beasts","floor":14,"turns":4},{"damage":17,"enemies":"The Guardian","floor":16,"turns":12},{"damage":9,"enemies":"3 Byrds","floor":18,"turns":2},{"damage":0,"enemies":"Spheric Guardian","floor":20,"turns":5},{"damage":45,"enemies":"Slavers","floor":23,"turns":5},{"damage":15,"enemies":"Snake Plant","floor":24,"turns":5},{"damage":1,"enemies":"Cultist and Chosen","floor":26,"turns":10},{"damage":13,"enemies":"Cultist and Chosen","floor":30,"turns":7},{"damage":22,"enemies":"3 Cultists","floor":31,"turns":7},{"damage":60,"enemies":"Champ","floor":33,"turns":10},{"damage":15,"enemies":"3 Shapes","floor":35,"turns":5},{"damage":0,"enemies":"3 Darklings","floor":37,"turns":5},{"damage":17,"enemies":"4 Shapes","floor":38,"turns":4},{"damage":22,"enemies":"Maw","floor":39,"turns":7},{"damage":23,"enemies":"Giant Head","floor":40,"turns":8},{"damage":49,"enemies":"Reptomancer","floor":42,"turns":9},{"damage":0,"enemies":"Writhing Mass","floor":45,"turns":4},{"damage":1,"enemies":"Giant Head","floor":46,"turns":7},{"damage":15,"enemies":"Sphere and 2 Shapes","floor":48,"turns":3},{"damage":17,"enemies":"Time Eater","floor":50,"turns":7}],"seed_played":"-4445861456260907123","potions_obtained":[{"floor":3,"key":"Strength Potion"},{"floor":8,"key":"Ancient Potion"},{"floor":14,"key":"Languid Potion"},{"floor":24,"key":"Swift Potion"},{"floor":30,"key":"Energy Potion"},{"floor":31,"key":"sneckomod:MuddlingPotion"},{"floor":33,"key":"DemoMod:LeadSkinPotion"},{"floor":37,"key":"GamblersBrew"},{"floor":39,"key":"DistilledChaos"},{"floor":42,"key":"Explosive Potion"},{"floor":48,"key":"sneckomod:MuddlingPotion"}],"is_trial":false,"path_per_floor":["M","?","M","$","?","E","M","E","T","R","M","R","M","M","R","B",null,"M","$","M","$","?","E","M","R","MIM","R","?","R","M","M","R_BF","B",null,"M","$","M","M","M","E","R","E","T","?","M","E","R","M","R_BF","B",null],"character_chosen":"NECROMANCER","items_purchased":["Bone_Armory","LugNut","Guide Book","Summon_Lich","Bones_to_Steel","reliquary:PartyBalloon","Strength Potion","Summon_Lich","Pet Ghost"],"campfire_rested":1,"item_purchase_floors":[0,0,0,0,4,19,19,21,36],"current_hp_per_floor":[83,66,60,60,60,38,40,27,27,51,54,54,44,48,48,33,83,80,80,82,82,82,44,37,37,68,68,68,68,82,71,71,63,89,91,91,93,95,89,86,86,101,101,86,99,107,107,107,107,113],"gold":267,"neow_bonus":"","is_daily":false,"chose_seed":false,"campfire_upgraded":7,"win_rate":0.0,"timestamp":1614421244,"path_taken":["M","?","M","$","?","E","M","E","T","R","M","R","M","?","R","BOSS","M","$","M","?","?","E","M","R","MIM","R","?","R","?","?","R_BF","BOSS","M","$","M","M","M","E","R","E","T","?","M","E","R","M","R_BF","BOSS"],"items_purchased_type":["Card","Relic","Relic","Card","Card","Relic","Potion","Card","Relic"],"build_version":"2020-12-22","purchased_purges":0,"victory":true,"max_hp_per_floor":[83,83,83,83,83,83,83,83,83,83,83,83,83,83,83,83,83,83,83,83,83,83,83,83,83,83,83,83,83,85,87,87,89,89,91,91,93,95,97,99,99,101,101,101,103,107,107,111,111,113],"card_choices":[{"not_picked":["Necrotic_Claws","Scare"],"picked":"Corrupt","floor":1},{"not_picked":["Bone_Bullets","Exploit","Negative_Energy_Burst","Blood_Whip"],"picked":"Finger_Of_Death","floor":3},{"not_picked":["Exploit","Plague_Bolt","Negative_Energy_Burst","Scare","Thousand_Bone_Knives"],"picked":"SKIP","floor":6},{"not_picked":["Bone_Spikes","Chill_Blood","Negative_Energy_Mist","Negative_Energy_Burst"],"picked":"Spectral_Armor","floor":7},{"not_picked":["Toxic_Smoke_Screen","Spectral_Armor","Shackles_Of_Pain","Spectral_Walk"],"picked":"Summon_Undead","floor":8},{"not_picked":["Scare","Blood_Whip","Necromantic_Selection","Blood_Shield"],"picked":"Siphon_Strength","floor":11},{"not_picked":["Life_Drain","Necrotic_Claws","Bones_to_Steel","Blood_Curse"],"picked":"Bone_Armor","floor":13},{"not_picked":["Epidemic","Blood_Magic","Death_March_Dance","Death_Coil","Chill_Blood"],"picked":"SKIP","floor":14},{"not_picked":["Detonate_Bones","Hellfire","Cloudkill","Negative_Energy_Bomb"],"picked":"Summon_Vampire_Lady","floor":16},{"not_picked":["Scare","Exploit","Life_Drain+1","Bones_to_Steel"],"picked":"Bone_Armor+1","floor":18},{"not_picked":["Bone_Spikes","Negative_Energy_Shield","Toxic_Smoke_Screen","Shade_Step","Finger_Of_Death"],"picked":"SKIP","floor":20},{"not_picked":["Blood_for_Blood+1","Consume_Illness+1","Negative_Energy_Shield","Death_Coil"],"picked":"Summon_Death_Knight","floor":23},{"not_picked":["Negative_Energy_Sphere","Life_Tap","Summon_Lich","Negative_Energy_Burst+1"],"picked":"Toxic_Smoke_Screen+1","floor":24},{"not_picked":["Violent_Necrosis","Shackles_Of_Pain","Blood_Whip","Blood_Curse"],"picked":"Skeleton_Dragon","floor":30},{"not_picked":["Necrotic_Claws","Flesh_Made_Foul","Bone_Shift+1","Negative_Energy_Sphere","Chill_Blood+1"],"picked":"SKIP","floor":31},{"not_picked":["Blood_Magic","Grasp_Heart","Blood_Wake","Detonate_Bones"],"picked":"Skeleton_Dragon","floor":33},{"not_picked":["Coolheaded","Finger_Of_Death","Sweeping Beam+1","Steam","Shackles_Of_Pain+1"],"picked":"Cold Snap+1","floor":35},{"not_picked":["Stack","MostiFishMod:Nova","Doom and Gloom","hubris:Ukulele+1","Vampiric_Strike+1","Blood_Is_Power+1"],"picked":"SKIP","floor":37},{"not_picked":["Death_March_Dance+1","Consume_Illness","Beam Cell+1","Stack+1","ReplayTheSpireMod:Fabricate Wheel","Toxic_Smoke_Screen"],"picked":"SKIP","floor":38},{"not_picked":["Coolheaded","Hello World+1","Necrotic_Claws+1","Stop_Heart+1","Panic Button","Ball Lightning"],"picked":"SKIP","floor":39},{"not_picked":["Scare+1","Force Field+1","ReplayTheSpireMod:Omega Cannon","Compile Driver+1","Corrupt+1"],"picked":"Glacier+1","floor":40},{"not_picked":["Glacier+1","Turbo","Lockon+1","Scare+1","Blood_for_Blood","Gash+1"],"picked":"SKIP","floor":42},{"not_picked":["Pandemic","Compile Driver","Death_Coil","Bone_Armor+1","MostiFishMod:Distribution"],"picked":"Bone_Armory+1","floor":45},{"not_picked":["Force Field+1","Genetic Algorithm+1","Negative_Energy_Shield","Beam Cell+1","Violent_Necrosis","Go for the Eyes+1"],"picked":"Singing Bowl","floor":46},{"not_picked":["Ball Lightning","Slay_Living+1","Bone_Spikes+1","Life_Drain","Blood_Whip","Streamline+1"],"picked":"Singing Bowl","floor":48}],"player_experience":2017175,"relics_obtained":[{"floor":1,"key":"SynthV:TestCard"},{"floor":8,"key":"DemoMod:DecoyRelic"},{"floor":23,"key":"Matryoshka"},{"floor":26,"key":"CherryCoatedStake"},{"floor":26,"key":"hubris:TenFootPole"},{"floor":40,"key":"DemoMod:WeirdEgg"},{"floor":42,"key":"Replay:PocketPolymizer"},{"floor":43,"key":"ReplayTheSpireMod:Lightbulb"},{"floor":43,"key":"Lantern"},{"floor":46,"key":"Singing Bowl"}],"event_choices":[{"damage_healed":83,"gold_gain":0,"player_choice":"Upgrade","damage_taken":17,"max_hp_gain":0,"max_hp_loss":83,"event_name":"betterThird:BetterShining","floor":2,"gold_loss":0,"cards_upgraded":["Strike_W","Defend_W"]},{"damage_healed":0,"gold_gain":0,"player_choice":"Leave","damage_taken":0,"max_hp_gain":0,"max_hp_loss":0,"event_name":"conspire:Investor","floor":5,"gold_loss":0},{"damage_healed":0,"gold_gain":0,"player_choice":"Random: Green","damage_taken":0,"max_hp_gain":0,"max_hp_loss":0,"event_name":"betterThird:BetterPortal","floor":44,"gold_loss":0},{"damage_healed":0,"gold_gain":0,"player_choice":"POTION POTION CARD CARD ","damage_taken":32,"max_hp_gain":0,"max_hp_loss":0,"event_name":"Knowing Skull","floor":44,"potions_obtained":["DistilledChaos","Slimebound:ThreeZeroPotion"],"gold_loss":0,"cards_obtained":["Finesse","ReplayTheSpireMod:Private Reserves"]},{"damage_healed":0,"gold_gain":0,"player_choice":"Ignored","damage_taken":0,"max_hp_gain":0,"max_hp_loss":0,"event_name":"NoteForYourself","floor":49,"gold_loss":0}],"is_beta":false,"boss_relics":[{"not_picked":["hubris:Spice","reliquary:KinkedSpring","halation:MonkeysPaw"]},{"not_picked":["Abe\u0027s Treasure","ReplayTheSpireMod:DimensionalGlitch"],"picked":"aspiration:DefectSkillbook"}],"items_purged_floors":[],"is_endless":false,"potions_floor_spawned":[3,8,14,24,30,31,33,37,39,42,48],"ascension_level":0}}