{"host":"mvk4cyf8p31hksyn","time":1614418514,"event":{"mods":["BaseMod","Block Reminder","Colored Map","Highlight Path","Minty Spire (QoL Compilation)","Relic Sorter"],"gold_per_floor":[113,89,105,125,136,169,169,196,196,196,221,232,232,260,260,357,357,373,386,301,330,342,380,392,432,444,482,494,130,163,163,163,262,262,272,288,307,326,84,117,129,154,204,244,244,277,296,321,321,321,321,321,26,68,68],"floor_reached":56,"language":"ENG","playtime":2817,"items_purged":["Strike_G","All Out Attack","Heel Hook"],"score":1597,"play_id":"696dfaea-b5c6-443a-8991-8ced087878da","local_time":"20210227103514","is_ascension_mode":true,"campfire_choices":[{"data":"Noxious Fumes","floor":10.0,"key":"SMITH"},{"data":"Neutralize","floor":13.0,"key":"SMITH"},{"data":"Accuracy","floor":15.0,"key":"SMITH"},{"data":"Envenom","floor":24.0,"key":"SMITH"},{"floor":28.0,"key":"REST"},{"floor":32.0,"key":"REST"},{"floor":49,"key":"RECALL"},{"data":"Accuracy","floor":52,"key":"SMITH"}],"circlet_count":0,"master_deck":["Defend_G","Defend_G","Defend_G","Survivor","Neutralize+1","Blade Dance+1","Blade Dance+1","Storm of Steel+1","Backflip","Sucker Punch","Escape Plan","Noxious Fumes+1","Terror+1","Accuracy+1","Infinite Blades","Crippling Poison+1","Envenom+1","Blade Dance+1","Escape Plan+1","PiercingWail+1","Escape Plan+1","Backflip+1","Accuracy+1","Blade Dance+1","Infinite Blades","Night Terror+1","Catalyst+1","Backflip+1","Blur+1","Footwork","Finesse+1","Escape Plan+1","Accuracy+1","Wraith Form v2+1","Dodge and Roll+1","Night Terror+1","Footwork+1","Backflip+1"],"relics":["Astrolabe","Nunchaku","Toxic Egg 2","The Courier","Boot","Odd Mushroom","Philosopher\u0027s Stone","Blood Vial","Bag of Preparation","Art of War","Anchor","PreservedInsect","Nloth\u0027s Gift","Empty Cage","Ornamental Fan","Frozen Egg 2","CeramicFish","Kunai","Gremlin Horn","Bottled Tornado","Sundial"],"acts_visited":["Exordium","TheCity","TheBeyond","TheEnding"],"potions_floor_usage":[55,55],"damage_taken":[{"damage":1.0,"enemies":"Cultist","floor":1.0,"turns":3.0},{"damage":0.0,"enemies":"Jaw Worm","floor":3.0,"turns":3.0},{"damage":0.0,"enemies":"2 Louse","floor":4.0,"turns":2.0},{"damage":5.0,"enemies":"Gremlin Gang","floor":5.0,"turns":3.0},{"damage":18.0,"enemies":"3 Sentries","floor":6.0,"turns":6.0},{"damage":0.0,"enemies":"Lagavulin","floor":8.0,"turns":7.0},{"damage":7.0,"enemies":"3 Sentries","floor":11.0,"turns":5.0},{"damage":0.0,"enemies":"Red Slaver","floor":12.0,"turns":2.0},{"damage":7.0,"enemies":"The Mushroom Lair","floor":14.0,"turns":3.0},{"damage":22.0,"enemies":"The Guardian","floor":16.0,"turns":8.0},{"damage":8.0,"enemies":"Shell Parasite","floor":18.0,"turns":4.0},{"damage":0.0,"enemies":"Chosen","floor":19.0,"turns":3.0},{"damage":23.0,"enemies":"Snake Plant","floor":21.0,"turns":3.0},{"damage":16.0,"enemies":"Slavers","floor":23.0,"turns":3.0},{"damage":3.0,"enemies":"Book of Stabbing","floor":25.0,"turns":3.0},{"damage":4.0,"enemies":"Slavers","floor":27.0,"turns":4.0},{"damage":3.0,"enemies":"Gremlin Leader","floor":30.0,"turns":4.0},{"damage":9.0,"enemies":"Champ","floor":33.0,"turns":6.0},{"damage":0.0,"enemies":"Orb Walker","floor":35.0,"turns":1.0},{"damage":0.0,"enemies":"3 Shapes","floor":36.0,"turns":5.0},{"damage":4.0,"enemies":"Jaw Worm Horde","floor":37.0,"turns":4.0},{"damage":0.0,"enemies":"4 Shapes","floor":38.0,"turns":3.0},{"damage":15.0,"enemies":"Nemesis","floor":40.0,"turns":3.0},{"damage":15.0,"enemies":"Maw","floor":41.0,"turns":5.0},{"damage":0.0,"enemies":"Giant Head","floor":42.0,"turns":4.0},{"damage":25.0,"enemies":"Reptomancer","floor":44.0,"turns":4.0},{"damage":0.0,"enemies":"Giant Head","floor":46.0,"turns":5.0},{"damage":0.0,"enemies":"Transient","floor":47.0,"turns":5.0},{"damage":0.0,"enemies":"Spire Growth","floor":48.0,"turns":3.0},{"damage":61,"enemies":"Time Eater","floor":50,"turns":7},{"damage":12,"enemies":"Shield and Spear","floor":54,"turns":4},{"damage":43,"enemies":"The Heart","floor":55,"turns":9}],"seed_played":"-2529253623630840573","potions_obtained":[{"floor":1.0,"key":"LiquidBronze"},{"floor":3.0,"key":"PowerPotion"},{"floor":8.0,"key":"SpeedPotion"},{"floor":18.0,"key":"Energy Potion"},{"floor":33.0,"key":"SneckoOil"},{"floor":38.0,"key":"FairyPotion"},{"floor":44.0,"key":"PowerPotion"},{"floor":48.0,"key":"DuplicationPotion"}],"is_trial":false,"path_per_floor":["M","$","M","M","M","E","$","E","T","R","E","M","R","?","R","B",null,"M","M","?","M","?","E","R","E","T","E","R","$","E","?","R","B",null,"M","M","M","M","$","E","M","E","T","E","T","E","M","M","R","B",null,"R","$","E","B",null],"character_chosen":"THE_SILENT","items_purchased":["Backflip","Backflip+1","Accuracy","Blade Dance+1","Infinite Blades","Anchor","Blur+1","Footwork","Finesse+1","Night Terror+1","Footwork+1","BlessingOfTheForge"],"campfire_rested":2,"item_purchase_floors":[2,29,29,29,29,29,39,39,39,53,53,53],"current_hp_per_floor":[69,69,69,69,64,46,46,46,46,46,39,39,39,32,32,10,70,62,62,62,39,39,23,23,22,22,20,41,41,40,40,61,54,70,70,70,66,68,68,55,42,44,44,21,21,23,25,27,27,9,70,70,70,58,17],"gold":68,"neow_bonus":"BOSS_RELIC","is_daily":false,"chose_seed":false,"campfire_upgraded":5,"win_rate":0.0,"timestamp":1614418514,"path_taken":["M","?","?","M","M","E","$","E","T","R","E","M","R","?","R","BOSS","M","M","?","M","?","E","R","E","T","E","R","$","E","?","R","BOSS","M","M","M","?","$","E","M","E","T","E","?","E","?","M","R","BOSS","R","$","E","BOSS"],"items_purchased_type":["Card","Card","Card","Card","Card","Relic","Card","Card","Card","Card","Card","Potion"],"build_version":"2020-12-22","purchased_purges":3,"victory":true,"max_hp_per_floor":[70,70,70,70,70,70,70,70,70,70,70,70,70,70,70,70,70,70,70,70,70,70,70,70,70,70,70,70,70,70,70,70,70,70,70,70,70,70,70,70,70,70,70,70,70,70,70,70,70,70,70,70,70,70,70],"card_choices":[{"not_picked":["Deflect","Bouncing Flask"],"picked":"Heel Hook","floor":1.0},{"not_picked":["All Out Attack","Quick Slash"],"picked":"Sucker Punch","floor":3.0},{"not_picked":["PiercingWail","All Out Attack","Flying Knee"],"picked":"SKIP","floor":4.0},{"not_picked":["PiercingWail","Flying Knee"],"picked":"All Out Attack","floor":4.0},{"not_picked":["Predator","Deflect"],"picked":"Escape Plan","floor":5.0},{"not_picked":["Dagger Spray","Bane"],"picked":"Noxious Fumes","floor":6.0},{"not_picked":["Blur+1","Expertise+1"],"picked":"Terror+1","floor":8.0},{"not_picked":["Caltrops","Slice"],"picked":"Accuracy","floor":11.0},{"not_picked":["Acrobatics+1","Dash"],"picked":"Infinite Blades","floor":12.0},{"not_picked":["Slice","Phantasmal Killer+1"],"picked":"Crippling Poison+1","floor":14.0},{"not_picked":["Tools of the Trade","A Thousand Cuts"],"picked":"Envenom","floor":16.0},{"not_picked":["Skewer","Finisher"],"picked":"Blade Dance+1","floor":18.0},{"not_picked":["Distraction+1","Eviscerate","Concentrate+1"],"picked":"SKIP","floor":19.0},{"not_picked":["Prepared+1","Crippling Poison+1"],"picked":"Escape Plan+1","floor":21.0},{"not_picked":["Bane","Quick Slash","Deflect+1"],"picked":"SKIP","floor":23.0},{"not_picked":["Choke+1","Skewer"],"picked":"PiercingWail+1","floor":25.0},{"not_picked":["Bullet Time+1","Sucker Punch+1"],"picked":"Escape Plan+1","floor":27.0},{"not_picked":["Quick Slash","Masterful Stab","Bane+1"],"picked":"SKIP","floor":30.0},{"not_picked":["Bane+1","Sucker Punch+1"],"picked":"Night Terror+1","floor":35.0},{"not_picked":["Terror+1","Flying Knee+1"],"picked":"Catalyst+1","floor":36.0},{"not_picked":["Prepared+1","Glass Knife","Poisoned Stab"],"picked":"SKIP","floor":37.0},{"not_picked":["Distraction+1","Leg Sweep+1"],"picked":"Backflip+1","floor":38.0},{"not_picked":["Calculated Gamble+1","Poisoned Stab+1","Distraction+1"],"picked":"SKIP","floor":40.0},{"not_picked":["Terror+1","Calculated Gamble+1"],"picked":"Escape Plan+1","floor":41.0},{"not_picked":["Heel Hook","Terror+1"],"picked":"Accuracy+1","floor":42.0},{"not_picked":["Storm of Steel+1","Bouncing Flask+1"],"picked":"Wraith Form v2+1","floor":44.0},{"not_picked":["Bouncing Flask+1","Slice","Distraction+1"],"picked":"SKIP","floor":46.0},{"not_picked":["Quick Slash","Setup+1","Finisher+1"],"picked":"SKIP","floor":47.0},{"not_picked":["Prepared+1","Deadly Poison+1"],"picked":"Dodge and Roll+1","floor":48.0},{"not_picked":["Finisher+1","Footwork+1"],"picked":"Backflip+1","floor":54}],"player_experience":897532,"relics_obtained":[{"floor":6.0,"key":"Nunchaku"},{"floor":8.0,"key":"Toxic Egg 2"},{"floor":9.0,"key":"The Courier"},{"floor":11.0,"key":"Boot"},{"floor":14.0,"key":"Odd Mushroom"},{"floor":23.0,"key":"Blood Vial"},{"floor":25.0,"key":"Bag of Preparation"},{"floor":27.0,"key":"Art of War"},{"floor":30.0,"key":"PreservedInsect"},{"floor":40.0,"key":"Ornamental Fan"},{"floor":42.0,"key":"Frozen Egg 2"},{"floor":43.0,"key":"CeramicFish"},{"floor":44.0,"key":"Kunai"},{"floor":45.0,"key":"Gremlin Horn"},{"floor":46.0,"key":"Bottled Tornado"},{"floor":54,"key":"Sundial"}],"event_choices":[{"damage_healed":0.0,"max_hp_gain":0.0,"max_hp_loss":0.0,"gold_gain":0.0,"event_name":"Mushrooms","player_choice":"Fought Mushrooms","floor":14.0,"gold_loss":0.0,"damage_taken":0.0},{"damage_healed":0.0,"max_hp_gain":0.0,"max_hp_loss":0.0,"gold_gain":0.0,"event_name":"Addict","player_choice":"Obtained Relic","floor":20.0,"gold_loss":85.0,"damage_taken":0.0,"relics_obtained":["MawBank"]},{"cards_removed":["Strike_G"],"damage_healed":0.0,"max_hp_gain":0.0,"max_hp_loss":0.0,"gold_gain":0.0,"event_name":"Back to Basics","player_choice":"Elegance","floor":22.0,"gold_loss":0.0,"damage_taken":0.0},{"damage_healed":0.0,"max_hp_gain":0.0,"max_hp_loss":0.0,"gold_gain":0.0,"event_name":"N\u0027loth","player_choice":"Traded Relic","floor":31.0,"relics_lost":["MawBank"],"gold_loss":0.0,"damage_taken":0.0,"relics_obtained":["Nloth\u0027s Gift"]}],"is_beta":false,"boss_relics":[{"not_picked":["Tiny House","SlaversCollar"],"picked":"Philosopher\u0027s Stone"},{"not_picked":["HoveringKite","Fusion Hammer"],"picked":"Empty Cage"}],"items_purged_floors":[29,39,53],"is_endless":false,"potions_floor_spawned":[1,3,8,12,14,18,19,21,33,36,38,41,42,44,48,54],"ascension_level":1}}