{"host":"nmjik3bzoelmmajy","time":1614432167,"event":{"mods":["BaseMod","Better Third Choice","Colored Map","DeckTracker","Minty Spire (QoL Compilation)","Quick Restart","Say the Spire","StSLib","SuperFastMode"],"gold_per_floor":[119,119,134,21,98,98,128,143,218,218,231,231,306,335,335,435,435,453,88,88,104,124,124,149,149,149,182,82,82,107,117,117,212,212,232,248,248,103,378,378,391,422,471,484,484,484,834,863,863,863,863],"floor_reached":50,"language":"KOR","playtime":2320,"items_purged":["Strike_G","Strike_G"],"score":830,"play_id":"923cb091-e82d-4fee-95bc-da0142e6b2f9","local_time":"20210227222247","is_ascension_mode":true,"campfire_choices":[{"data":"Blade Dance","floor":6.0,"key":"SMITH"},{"data":"Neutralize","floor":10.0,"key":"SMITH"},{"data":"Backflip","floor":12.0,"key":"SMITH"},{"data":"Night Terror","floor":15.0,"key":"SMITH"},{"data":"Accuracy","floor":23.0,"key":"SMITH"},{"data":"Tactician","floor":25.0,"key":"SMITH"},{"data":"Acrobatics","floor":29.0,"key":"SMITH"},{"data":"Escape Plan","floor":32.0,"key":"SMITH"},{"data":"After Image","floor":40.0,"key":"SMITH"},{"floor":49.0,"key":"REST"}],"circlet_count":0,"master_deck":["Strike_G","Strike_G","Defend_G","Defend_G","Defend_G","Defend_G","Defend_G","Survivor","Neutralize+1","Crippling Poison","Blade Dance+1","Acrobatics+1","Panacea","PiercingWail","Accuracy+1","Escape Plan+1","Infinite Blades","Backflip+1","Night Terror+1","After Image+1","Terror+1","Tactician+1","Blade Dance+1","Corpse Explosion","After Image","CurseOfTheBell","Bouncing Flask+1","Regret"],"relics":["Ring of the Snake","Bottled Tornado","Blue Candle","Eternal Feather","Toy Ornithopter","Sozu","StoneCalendar","Red Mask","Torii","WingedGreaves","Potion Belt","Calling Bell","Pen Nib","InkBottle","Gambling Chip","Snake Skull","Boot","Bronze Scales","Old Coin","Ninja Scroll"],"acts_visited":["TheCity","TheBeyond"],"potions_floor_usage":[],"damage_taken":[{"damage":4.0,"enemies":"Jaw Worm","floor":1.0,"turns":5.0},{"damage":2.0,"enemies":"Cultist","floor":3.0,"turns":4.0},{"damage":19.0,"enemies":"3 Sentries","floor":7.0,"turns":10.0},{"damage":0.0,"enemies":"2 Louse","floor":8.0,"turns":3.0},{"damage":3.0,"enemies":"Looter","floor":11.0,"turns":2.0},{"damage":13.0,"enemies":"Gremlin Nob","floor":14.0,"turns":4.0},{"damage":0.0,"enemies":"Hexaghost","floor":16.0,"turns":9.0},{"damage":0.0,"enemies":"Chosen","floor":18.0,"turns":5.0},{"damage":0.0,"enemies":"Spheric Guardian","floor":21.0,"turns":3.0},{"damage":14.0,"enemies":"Cultist and Chosen","floor":22.0,"turns":6.0},{"damage":0.0,"enemies":"Masked Bandits","floor":24.0,"turns":4.0},{"damage":1.0,"enemies":"Book of Stabbing","floor":27.0,"turns":5.0},{"damage":19.0,"enemies":"Slavers","floor":30.0,"turns":7.0},{"damage":0.0,"enemies":"Snecko","floor":31.0,"turns":3.0},{"damage":52.0,"enemies":"Collector","floor":33.0,"turns":7.0},{"damage":0.0,"enemies":"3 Shapes","floor":35.0,"turns":6.0},{"damage":0.0,"enemies":"3 Darklings","floor":36.0,"turns":5.0},{"damage":9.0,"enemies":"Jaw Worm Horde","floor":41.0,"turns":3.0},{"damage":80.0,"enemies":"Reptomancer","floor":42.0,"turns":5.0},{"damage":1.0,"enemies":"Spire Growth","floor":44.0,"turns":3.0},{"damage":1.0,"enemies":"Mind Bloom Boss Battle","floor":47.0,"turns":4.0},{"damage":0.0,"enemies":"Giant Head","floor":48.0,"turns":4.0},{"damage":77,"enemies":"Awakened One","floor":50,"turns":8}],"seed_played":"-428276479667978771","potions_obtained":[{"floor":3.0,"key":"FairyPotion"},{"floor":8.0,"key":"PowerPotion"},{"floor":16.0,"key":"FairyPotion"}],"is_trial":false,"path_per_floor":["M","?","M","$","T","R","E","M","T","R","M","R","?","E","R","B",null,"M","$","?","M","M","R","?","R","T","E","$","R","E","M","R","B",null,"M","M","?","$","?","R","M","E","T","M","?","?","?","E","R","B"],"character_chosen":"THE_SILENT","items_purchased":["Accuracy","StoneCalendar","Tactician","Snake Skull"],"campfire_rested":1,"item_purchase_floors":[4,19,19,38],"current_hp_per_floor":[66,66,64,64,64,64,45,45,45,54,51,63,52,39,51,56,67,67,67,67,67,53,68,68,70,70,69,69,70,51,51,66,14,56,56,56,56,56,56,70,61,20,20,19,19,19,18,18,52,0,0],"gold":863,"neow_bonus":"THREE_CARDS","is_daily":false,"chose_seed":false,"campfire_upgraded":9,"win_rate":0.0,"timestamp":1614432167,"path_taken":["M","?","M","$","?","R","E","M","T","R","?","R","?","E","R","BOSS","M","$","?","M","M","R","?","R","T","E","$","R","E","M","R","BOSS","M","M","?","$","?","R","M","E","T","?","?","?","?","E","R","BOSS"],"items_purchased_type":["Card","Relic","Card","Relic"],"build_version":"2020-12-22","purchased_purges":2,"victory":false,"max_hp_per_floor":[70,70,70,70,70,70,70,70,70,70,70,70,70,70,70,70,70,70,70,70,70,70,70,70,70,70,70,70,70,70,70,70,70,70,70,70,70,70,70,70,70,70,70,70,70,66,66,66,66,66,66],"card_choices":[{"not_picked":["Prepared","PiercingWail"],"picked":"Crippling Poison","floor":0.0},{"not_picked":["Slice","Choke"],"picked":"Blade Dance","floor":1.0},{"not_picked":["Deflect","Sucker Punch"],"picked":"PiercingWail","floor":3.0},{"not_picked":["Reflex","Flying Knee"],"picked":"Escape Plan","floor":7.0},{"not_picked":["Blur","Distraction"],"picked":"Infinite Blades","floor":8.0},{"not_picked":["Bane","PiercingWail"],"picked":"Backflip","floor":11.0},{"not_picked":["Dodge and Roll","Blade Dance"],"picked":"Night Terror","floor":14.0},{"not_picked":["Unload","Glass Knife"],"picked":"After Image","floor":16.0},{"not_picked":["Dagger Spray","Dagger Throw"],"picked":"Terror+1","floor":18.0},{"not_picked":["Outmaneuver","Acrobatics+1"],"picked":"Blade Dance+1","floor":21.0},{"not_picked":["PiercingWail","Dagger Throw","Blade Dance"],"picked":"SKIP","floor":22.0},{"not_picked":["Poisoned Stab","Deflect+1"],"picked":"Corpse Explosion","floor":24.0},{"not_picked":["Outmaneuver","Backflip","Dagger Spray"],"picked":"SKIP","floor":27.0},{"not_picked":["Dagger Throw+1","Heel Hook","PiercingWail+1"],"picked":"SKIP","floor":30.0},{"not_picked":["Underhanded Strike","Blade Dance","PiercingWail"],"picked":"SKIP","floor":31.0},{"not_picked":["Venomology","Doppelganger"],"picked":"After Image","floor":33.0},{"not_picked":["Predator+1","Distraction","Outmaneuver"],"picked":"SKIP","floor":35.0},{"not_picked":["Dagger Spray+1","Caltrops+1"],"picked":"Bouncing Flask+1","floor":36.0},{"not_picked":["Poisoned Stab","Backstab+1","Backflip+1"],"picked":"SKIP","floor":41.0},{"not_picked":["Outmaneuver","Deadly Poison+1","Backflip"],"picked":"SKIP","floor":42.0},{"not_picked":["Dodge and Roll","Deflect+1","Sucker Punch"],"picked":"SKIP","floor":44.0},{"not_picked":["Heel Hook","Dagger Throw+1","Corpse Explosion"],"picked":"SKIP","floor":48.0}],"player_experience":514927,"relics_obtained":[{"floor":5.0,"key":"Bottled Tornado"},{"floor":7.0,"key":"Blue Candle"},{"floor":9.0,"key":"Eternal Feather"},{"floor":14.0,"key":"Toy Ornithopter"},{"floor":24.0,"key":"Red Mask"},{"floor":26.0,"key":"Torii"},{"floor":27.0,"key":"WingedGreaves"},{"floor":30.0,"key":"Potion Belt"},{"floor":34.0,"key":"Pen Nib"},{"floor":34.0,"key":"InkBottle"},{"floor":34.0,"key":"Gambling Chip"},{"floor":42.0,"key":"Boot"},{"floor":43.0,"key":"Bronze Scales"},{"floor":47.0,"key":"Old Coin"},{"floor":48.0,"key":"Ninja Scroll"}],"event_choices":[{"damage_healed":0.0,"max_hp_gain":0.0,"max_hp_loss":0.0,"gold_gain":0.0,"event_name":"Match and Keep!","player_choice":"2 cards matched","floor":2.0,"gold_loss":0.0,"damage_taken":0.0,"cards_obtained":["Acrobatics","Panacea"]},{"damage_healed":0.0,"max_hp_gain":0.0,"max_hp_loss":0.0,"gold_gain":75.0,"event_name":"betterThird:BetterGoop","player_choice":"Gold","floor":13.0,"gold_loss":0.0,"damage_taken":11.0},{"damage_healed":0.0,"max_hp_gain":0.0,"max_hp_loss":0.0,"gold_gain":0.0,"event_name":"Vampires","player_choice":"Ignored","floor":20.0,"gold_loss":0.0,"damage_taken":0.0},{"damage_healed":0.0,"max_hp_gain":0.0,"max_hp_loss":0.0,"gold_gain":0.0,"event_name":"Masked Bandits","player_choice":"Fought Bandits","floor":24.0,"gold_loss":0.0,"damage_taken":0.0},{"cards_removed":["Strike_G"],"damage_healed":0.0,"max_hp_gain":0.0,"max_hp_loss":0.0,"gold_gain":0.0,"event_name":"Falling","player_choice":"Removed Attack","floor":37.0,"gold_loss":0.0,"damage_taken":0.0},{"damage_healed":0.0,"max_hp_gain":0.0,"max_hp_loss":0.0,"gold_gain":275.0,"event_name":"Golden Shrine","player_choice":"Desecrate","floor":39.0,"gold_loss":0.0,"damage_taken":0.0,"cards_obtained":["Regret"]},{"damage_healed":0.0,"max_hp_gain":0.0,"max_hp_loss":0.0,"gold_gain":0.0,"event_name":"Mysterious Sphere","player_choice":"Ignored","floor":45.0,"gold_loss":0.0,"damage_taken":0.0},{"damage_healed":0.0,"max_hp_gain":0.0,"max_hp_loss":4.0,"gold_gain":0.0,"event_name":"Winding Halls","player_choice":"Max HP","floor":46.0,"gold_loss":0.0,"damage_taken":0.0},{"damage_healed":0.0,"max_hp_gain":0.0,"max_hp_loss":0.0,"gold_gain":0.0,"event_name":"MindBloom","player_choice":"Fight","floor":47.0,"gold_loss":0.0,"damage_taken":0.0}],"is_beta":false,"boss_relics":[{"not_picked":["Velvet Choker","Snecko Eye"],"picked":"Sozu"},{"not_picked":["Runic Dome","Pandora\u0027s Box"],"picked":"Calling Bell"}],"items_purged_floors":[4,28],"is_endless":false,"potions_floor_spawned":[3,8,16,18,21,24,30,31,41,44,47],"killed_by":"Awakened One","ascension_level":5}}