{"host":"mt3nndg5ku536gxi","time":1614436957,"event":{"mods":["BaseMod","Colored Powertips","Minty Spire (QoL Compilation)","Permanent Neow","Quick Restart","Relic Stats","StSLib","UnlockEverythingMod"],"gold_per_floor":[118,136,61,79,95,95,123,123,176,176,176],"floor_reached":10,"language":"ZHS","playtime":546,"items_purged":["Strike_B"],"score":126,"play_id":"f3393f86-9537-4e74-87c0-b40790f24f82","local_time":"20210227224237","is_ascension_mode":true,"campfire_choices":[{"data":"Coolheaded","floor":6,"key":"SMITH"},{"data":"Skim","floor":8,"key":"SMITH"}],"circlet_count":0,"master_deck":["AscendersBane","Strike_B","Strike_B","Strike_B","Defend_B","Defend_B","Defend_B","Defend_B","Zap","Dualcast","Coolheaded+1","Skim+1","Cold Snap"],"relics":["Runic Dome","StrikeDummy"],"acts_visited":["Exordium"],"potions_floor_usage":[],"damage_taken":[{"damage":0,"enemies":"Cultist","floor":1,"turns":3},{"damage":2,"enemies":"Jaw Worm","floor":2,"turns":4},{"damage":1,"enemies":"2 Louse","floor":4,"turns":4},{"damage":5,"enemies":"Looter","floor":5,"turns":4},{"damage":20,"enemies":"3 Sentries","floor":7,"turns":10},{"damage":7,"enemies":"Lagavulin","floor":10,"turns":5}],"seed_played":"-8601306730443389268","potions_obtained":[{"floor":4,"key":"PotionOfCapacity"}],"is_trial":false,"path_per_floor":["M","M","$","M","M","R","E","R","T","E"],"character_chosen":"DEFECT","items_purchased":[],"campfire_rested":0,"item_purchase_floors":[],"current_hp_per_floor":[64,62,62,61,56,56,36,36,36,29,29],"gold":176,"neow_bonus":"BOSS_RELIC","is_daily":false,"chose_seed":false,"campfire_upgraded":2,"win_rate":0.0,"timestamp":1614436957,"path_taken":["M","M","?","?","M","R","E","R","T","E"],"items_purchased_type":[],"build_version":"2020-12-22","purchased_purges":1,"victory":false,"max_hp_per_floor":[71,71,71,71,71,71,71,71,71,71,71],"relic_stats":{"counters":[6,30],"obtain_stats":[{"Runic Dome":0,"Cracked Core":0,"StrikeDummy":7},{"Runic Dome":0,"Cracked Core":0,"StrikeDummy":5},{"Runic Dome":0,"Cracked Core":0,"StrikeDummy":25}]},"card_choices":[{"not_picked":["Conserve Battery","Steam","Compile Driver"],"picked":"SKIP","floor":1},{"not_picked":["Conserve Battery","Chill"],"picked":"Coolheaded","floor":2},{"not_picked":["Sweeping Beam","Genetic Algorithm"],"picked":"Skim","floor":4},{"not_picked":["Sweeping Beam","Barrage","Compile Driver"],"picked":"SKIP","floor":5},{"not_picked":["Loop","Consume"],"picked":"Cold Snap","floor":7}],"player_experience":32760,"relics_obtained":[{"floor":7,"key":"StrikeDummy"}],"event_choices":[],"is_beta":false,"boss_relics":[],"items_purged_floors":[3],"is_endless":false,"potions_floor_spawned":[4],"killed_by":"Lagavulin","ascension_level":17}}