{"host":"ffjrj7fisyni1ebk","time":1614419897,"event":{"mods":["2.2 Compatiblity","BaseMod","Bestiary","Colored Map","Colored Powertips","Curses Come First","Highlight Path","Keyboard Shortcuts","Minty Spire (QoL Compilation)","Relic Stats","Slay the Relics Exporter","StSLib","SuperFastMode"],"gold_per_floor":[118,43,61,77,77,77,106,206,206,206,217,236,236,236],"floor_reached":13,"language":"ENG","playtime":1480,"items_purged":["Strike_P"],"score":85,"play_id":"d5a5dce8-d2bd-42f5-b0fb-8ce1f0922dce","local_time":"20210227115817","is_ascension_mode":false,"campfire_choices":[{"data":"EmptyBody","floor":6,"key":"SMITH"},{"data":"JustLucky","floor":10,"key":"SMITH"}],"circlet_count":0,"master_deck":["Strike_P","Strike_P","Strike_P","Defend_P","Defend_P","Defend_P","Defend_P","Eruption","Vigilance","Prostrate","EmptyBody+1","JustLucky+1","ThirdEye+1","PathToVictory+1"],"relics":["SlaversCollar","Nunchaku","Toxic Egg 2"],"acts_visited":["Exordium"],"potions_floor_usage":[7,11],"damage_taken":[{"damage":1,"enemies":"Jaw Worm","floor":1,"turns":3},{"damage":15,"enemies":"Small Slimes","floor":3,"turns":6},{"damage":0,"enemies":"Cultist","floor":4,"turns":4},{"damage":14,"enemies":"Gremlin Nob","floor":7,"turns":5},{"damage":10,"enemies":"2 Fungi Beasts","floor":11,"turns":4},{"damage":0,"enemies":"Large Slime","floor":12,"turns":5},{"damage":37,"enemies":"3 Sentries","floor":13,"turns":10}],"seed_played":"13714064362852082","potions_obtained":[{"floor":1,"key":"SpeedPotion"},{"floor":4,"key":"StancePotion"}],"is_trial":false,"path_per_floor":["M","$","M","M","?","R","E","?","T","R","M","M","E"],"character_chosen":"WATCHER","items_purchased":[],"campfire_rested":0,"item_purchase_floors":[],"current_hp_per_floor":[71,71,56,56,56,56,42,42,42,42,32,32,0,0],"gold":236,"neow_bonus":"BOSS_RELIC","is_daily":false,"chose_seed":false,"campfire_upgraded":2,"win_rate":0.0,"timestamp":1614419897,"path_taken":["M","$","M","M","?","R","E","?","T","R","M","?","E"],"items_purchased_type":[],"build_version":"2020-12-22","purchased_purges":1,"victory":false,"max_hp_per_floor":[72,72,72,72,72,72,72,72,72,72,72,72,72,72],"relic_stats":{"Nunchaku":[2],"counters":[7,37],"obtain_stats":[{"SlaversCollar":0,"Nunchaku":7,"PureWater":0,"Toxic Egg 2":9},{"SlaversCollar":0,"Nunchaku":4,"PureWater":0,"Toxic Egg 2":4},{"SlaversCollar":0,"Nunchaku":18,"PureWater":0,"Toxic Egg 2":18}]},"card_choices":[{"not_picked":["FearNoEvil","FlurryOfBlows"],"picked":"Prostrate","floor":1},{"not_picked":["FollowUp","CrushJoints","ForeignInfluence"],"picked":"SKIP","floor":3},{"not_picked":["CrushJoints","Swivel"],"picked":"EmptyBody","floor":4},{"not_picked":["FollowUp","Fasting2"],"picked":"JustLucky","floor":7},{"not_picked":["SashWhip","CutThroughFate"],"picked":"ThirdEye+1","floor":11},{"not_picked":["InnerPeace+1","Pray+1"],"picked":"PathToVictory+1","floor":12}],"player_experience":353849,"relics_obtained":[{"floor":7,"key":"Nunchaku"},{"floor":9,"key":"Toxic Egg 2"}],"event_choices":[{"damage_healed":0,"gold_gain":0,"player_choice":"Ignored","damage_taken":0,"max_hp_gain":0,"max_hp_loss":0,"event_name":"Shining Light","floor":5,"gold_loss":0},{"damage_healed":0,"gold_gain":100,"player_choice":"Gold","damage_taken":0,"max_hp_gain":0,"max_hp_loss":0,"event_name":"Wheel of Change","floor":8,"gold_loss":0}],"is_beta":false,"boss_relics":[],"items_purged_floors":[2],"is_endless":false,"potions_floor_spawned":[1,4],"killed_by":"3 Sentries","ascension_level":0}}