{"host":"resql42syj2vwpbb","time":1614442222,"event":{"mods":["BaseMod","BetterRewards","Colored Powertips","Minty Spire (QoL Compilation)","Quick Restart","StSLib","SuperFastMode"],"gold_per_floor":[112,122,142,142,153,153,153,5,5,17,27,27,27,27,27,127,127,147,172,191,40,57,57,72,72,144,169,169,169,17,35,35,136,136,150,198,208,58,58,58,108,108,108,108,143,153,64,77,77,77],"floor_reached":51,"language":"ZHS","playtime":2079,"items_purged":["Strike_R","Decay","Strike_R","Strike_R"],"score":843,"play_id":"20d6f151-e190-4f87-9527-e7ae256cf10d","local_time":"20210228001022","is_ascension_mode":true,"campfire_choices":[{"data":"Inflame","floor":6.0,"key":"SMITH"},{"data":"Barricade","floor":15.0,"key":"SMITH"},{"data":"Dramatic Entrance","floor":23.0,"key":"SMITH"},{"floor":28.0,"key":"REST"},{"data":"Shrug It Off","floor":32.0,"key":"SMITH"},{"data":"Limit Break","floor":40.0,"key":"SMITH"},{"floor":42.0,"key":"REST"},{"data":"Shrug It Off","floor":44.0,"key":"SMITH"},{"floor":49.0,"key":"REST"}],"circlet_count":0,"master_deck":["Strike_R+1","Defend_R+1","Defend_R","Defend_R","Defend_R","Bash","Dramatic Entrance+1","Shrug It Off+1","Inflame+1","Sword Boomerang","Shrug It Off+1","Heavy Blade","Uppercut","Barricade+1","Heavy Blade+1","Flex","Pummel","Dual Wield","Limit Break+1","Seeing Red+1","Rage","Rage","Seeing Red+1","Flex","Pummel"],"relics":["Burning Blood","WingedGreaves","Torii","FossilizedHelix","Philosopher\u0027s Stone","Happy Flower","White Beast Statue","Red Mask","Brimstone","Black Star","Pocketwatch","Prayer Wheel","Paper Frog","Shovel","Bottled Tornado"],"acts_visited":["Exordium","TheCity","TheBeyond"],"potions_floor_usage":[50,50,50],"damage_taken":[{"damage":0.0,"enemies":"Cultist","floor":1.0,"turns":4.0},{"damage":1.0,"enemies":"2 Louse","floor":2.0,"turns":2.0},{"damage":0.0,"enemies":"Jaw Worm","floor":3.0,"turns":4.0},{"damage":1.0,"enemies":"Red Slaver","floor":5.0,"turns":4.0},{"damage":0.0,"enemies":"2 Fungi Beasts","floor":10.0,"turns":3.0},{"damage":0.0,"enemies":"Lots of Slimes","floor":11.0,"turns":3.0},{"damage":13.0,"enemies":"The Guardian","floor":16.0,"turns":15.0},{"damage":0.0,"enemies":"Spheric Guardian","floor":18.0,"turns":4.0},{"damage":7.0,"enemies":"3 Byrds","floor":20.0,"turns":5.0},{"damage":0.0,"enemies":"Snecko","floor":22.0,"turns":3.0},{"damage":25.0,"enemies":"Centurion and Healer","floor":24.0,"turns":6.0},{"damage":39.0,"enemies":"Masked Bandits","floor":27.0,"turns":5.0},{"damage":14.0,"enemies":"Snake Plant","floor":31.0,"turns":3.0},{"damage":1.0,"enemies":"Champ","floor":33.0,"turns":6.0},{"damage":0.0,"enemies":"Orb Walker","floor":35.0,"turns":3.0},{"damage":56.0,"enemies":"2 Orb Walkers","floor":36.0,"turns":4.0},{"damage":1.0,"enemies":"3 Darklings","floor":37.0,"turns":4.0},{"damage":0.0,"enemies":"Mind Bloom Boss Battle","floor":41.0,"turns":5.0},{"damage":10.0,"enemies":"Nemesis","floor":45.0,"turns":5.0},{"damage":29.0,"enemies":"Writhing Mass","floor":46.0,"turns":3.0},{"damage":0.0,"enemies":"Transient","floor":48.0,"turns":5.0},{"damage":33,"enemies":"Time Eater","floor":50,"turns":6}],"seed_played":"240601294924814907","potions_obtained":[{"floor":3.0,"key":"Block Potion"},{"floor":10.0,"key":"PowerPotion"},{"floor":11.0,"key":"Explosive Potion"},{"floor":16.0,"key":"Strength Potion"},{"floor":22.0,"key":"ElixirPotion"},{"floor":24.0,"key":"Regen Potion"},{"floor":33.0,"key":"Swift Potion"},{"floor":35.0,"key":"LiquidMemories"},{"floor":36.0,"key":"CultistPotion"},{"floor":37.0,"key":"Swift Potion"},{"floor":45.0,"key":"SteroidPotion"},{"floor":48.0,"key":"Regen Potion"}],"is_trial":false,"path_per_floor":["M","M","M","?","M","R","?","$","T","M","M","?","?","?","R","B",null,"M","T","M","$","M","R","M","$","T","?","R","?","$","M","R","B",null,"M","?","M","$","?","R","?","R","T","R","E","M","$","M","R","B",null],"character_chosen":"IRONCLAD","items_purchased":["Dramatic Entrance","Shrug It Off","Flex","Brimstone","Flex","Pummel"],"campfire_rested":3,"item_purchase_floors":[0,8,21,30,47,47],"current_hp_per_floor":[80,80,80,73,78,78,78,78,78,80,80,64,69,69,69,62,85,85,85,84,84,85,85,66,66,66,33,58,58,58,50,50,70,85,85,35,40,40,40,40,46,70,70,70,66,43,43,49,73,57],"gold":77,"neow_bonus":"","is_daily":false,"chose_seed":false,"campfire_upgraded":6,"win_rate":0.0,"timestamp":1614442222,"path_taken":["M","M","?","?","M","R","?","$","T","M","?","?","?","?","R","BOSS","M","?","?","$","M","R","?","$","T","?","R","?","?","M","R","BOSS","M","?","M","$","?","R","?","R","T","R","E","M","$","?","R","BOSS"],"items_purchased_type":["Card","Card","Card","Relic","Card","Card"],"build_version":"2020-12-22","purchased_purges":4,"victory":true,"max_hp_per_floor":[80,80,80,80,80,80,80,80,80,80,80,80,85,85,85,85,85,85,85,85,85,85,85,85,85,85,85,85,85,85,85,85,85,85,85,85,85,85,81,81,81,81,81,81,81,81,81,81,81,81],"card_choices":[{"not_picked":["Clothesline","Body Slam"],"picked":"Shrug It Off","floor":1.0},{"not_picked":["Fire Breathing","Warcry"],"picked":"Inflame","floor":2.0},{"not_picked":["Evolve","Perfected Strike"],"picked":"Sword Boomerang","floor":3.0},{"not_picked":["Perfected Strike","Combust","Thunderclap"],"picked":"SKIP","floor":5.0},{"not_picked":["Warcry","Wild Strike"],"picked":"Heavy Blade","floor":10.0},{"not_picked":["Infernal Blade","Blood for Blood","Uppercut"],"picked":"SKIP","floor":11.0},{"not_picked":["Reckless Charge","Warcry","Wild Strike+1"],"picked":"SKIP","floor":18.0},{"not_picked":["Second Wind","Body Slam"],"picked":"Heavy Blade+1","floor":20.0},{"not_picked":["Seeing Red","Body Slam"],"picked":"Pummel","floor":22.0},{"not_picked":["Clothesline","Iron Wave+1","Havoc+1"],"picked":"SKIP","floor":24.0},{"not_picked":["Blood for Blood","Havoc+1"],"picked":"Dual Wield","floor":31.0},{"not_picked":["Reaper","Berserk"],"picked":"Limit Break","floor":33.0},{"not_picked":["Thunderclap+1","Cleave+1"],"picked":"Seeing Red+1","floor":35.0},{"not_picked":["Thunderclap+1","Twin Strike"],"picked":"Rage","floor":36.0},{"not_picked":["Wild Strike+1","Headbutt+1"],"picked":"Rage","floor":37.0},{"not_picked":["Anger+1","Clothesline+1","Cleave"],"picked":"SKIP","floor":45.0},{"not_picked":["Thunderclap+1","Twin Strike+1"],"picked":"Seeing Red+1","floor":46.0},{"not_picked":["Iron Wave+1","Armaments","True Grit"],"picked":"SKIP","floor":46.0},{"not_picked":["Thunderclap+1","Bludgeon","Pommel Strike"],"picked":"SKIP","floor":48.0},{"not_picked":["True Grit+1","Hemokinesis","Dark Embrace"],"picked":"SKIP","floor":48.0}],"player_experience":91450,"relics_obtained":[{"floor":9.0,"key":"FossilizedHelix"},{"floor":19.0,"key":"Happy Flower"},{"floor":26.0,"key":"White Beast Statue"},{"floor":27.0,"key":"Red Mask"},{"floor":36.0,"key":"Pocketwatch"},{"floor":41.0,"key":"Prayer Wheel"},{"floor":43.0,"key":"Paper Frog"},{"floor":45.0,"key":"Shovel"},{"floor":45.0,"key":"Bottled Tornado"}],"event_choices":[{"cards_removed":["Strike_R"],"damage_healed":0.0,"max_hp_gain":0.0,"max_hp_loss":0.0,"gold_gain":0.0,"event_name":"Golden Wing","player_choice":"Card Removal","floor":4.0,"gold_loss":0.0,"damage_taken":7.0},{"damage_healed":0.0,"max_hp_gain":0.0,"max_hp_loss":0.0,"gold_gain":0.0,"event_name":"Wheel of Change","player_choice":"Cursed","floor":7.0,"gold_loss":0.0,"damage_taken":0.0,"cards_obtained":["Decay"]},{"damage_healed":0.0,"max_hp_gain":0.0,"max_hp_loss":0.0,"gold_gain":0.0,"event_name":"Shining Light","player_choice":"Entered Light","floor":12.0,"gold_loss":0.0,"damage_taken":16.0,"cards_upgraded":["Strike_R","Defend_R"]},{"damage_healed":0.0,"max_hp_gain":5.0,"max_hp_loss":0.0,"gold_gain":0.0,"event_name":"Big Fish","player_choice":"Donut","floor":13.0,"gold_loss":0.0,"damage_taken":0.0},{"damage_healed":0.0,"max_hp_gain":0.0,"max_hp_loss":0.0,"gold_gain":0.0,"event_name":"Match and Keep!","player_choice":"2 cards matched","floor":14.0,"gold_loss":0.0,"damage_taken":0.0,"cards_obtained":["Uppercut","Barricade"]},{"damage_healed":0.0,"max_hp_gain":0.0,"max_hp_loss":0.0,"gold_gain":0.0,"event_name":"Masked Bandits","player_choice":"Fought Bandits","floor":27.0,"gold_loss":0.0,"damage_taken":0.0},{"damage_healed":0.0,"max_hp_gain":0.0,"max_hp_loss":0.0,"gold_gain":0.0,"event_name":"Vampires","player_choice":"Ignored","floor":29.0,"gold_loss":0.0,"damage_taken":0.0},{"damage_healed":0.0,"max_hp_gain":0.0,"max_hp_loss":0.0,"gold_gain":0.0,"event_name":"Mysterious Sphere","player_choice":"Fight","floor":36.0,"gold_loss":0.0,"damage_taken":0.0},{"damage_healed":0.0,"max_hp_gain":0.0,"max_hp_loss":4.0,"gold_gain":0.0,"event_name":"Winding Halls","player_choice":"Max HP","floor":39.0,"gold_loss":0.0,"damage_taken":0.0},{"damage_healed":0.0,"max_hp_gain":0.0,"max_hp_loss":0.0,"gold_gain":0.0,"event_name":"MindBloom","player_choice":"Fight","floor":41.0,"gold_loss":0.0,"damage_taken":0.0}],"is_beta":false,"boss_relics":[{"not_picked":["Runic Dome","Coffee Dripper"],"picked":"Philosopher\u0027s Stone"},{"not_picked":["SacredBark","Tiny House"],"picked":"Black Star"}],"items_purged_floors":[0,8,21,38],"is_endless":false,"potions_floor_spawned":[3,10,11,16,22,24,27,31,33,35,36,37,41,45,46,48],"ascension_level":4}}