{"host":"raaimkojny05jekw","time":1614428047,"event":{"mods":["AchievementEnabler","BaseMod","Colored Map","Colored Powertips","DeckTracker","Minty Spire (QoL Compilation)","Quick Restart","Rare Cards Sparkle","everything is the same but u backflip on backflip"],"gold_per_floor":[111,127,137,149,149,149,179,179,254,274,549,12,33,57,57,152,152,165,80,179,179,198,198,198,198],"floor_reached":24,"language":"KOR","playtime":610,"items_purged":["Regret"],"score":327,"play_id":"9d366ab3-11ac-46b0-adde-555e56a89738","local_time":"20210227211407","is_ascension_mode":true,"campfire_choices":[{"data":"Armaments","floor":6,"key":"SMITH"},{"data":"Bludgeon","floor":15,"key":"SMITH"},{"data":"Berserk","floor":23,"key":"SMITH"}],"circlet_count":0,"master_deck":["AscendersBane","Strike_R","Strike_R","Strike_R","Strike_R","Strike_R","Defend_R","Defend_R","Defend_R","Defend_R","Bash","Hemokinesis","Seeing Red","Rupture","Armaments+1","Fiend Fire","Dropkick","Bludgeon+1","HandOfGreed","Evolve","Seeing Red","Berserk+1"],"relics":["Black Blood","NeowsBlessing","Incense Burner","Lantern","Bloody Idol","InkBottle","Omamori","Torii"],"acts_visited":["Exordium","TheCity"],"potions_floor_usage":[7,10,16,18,24],"damage_taken":[{"damage":0,"enemies":"Cultist","floor":1,"turns":1},{"damage":0,"enemies":"2 Louse","floor":2,"turns":1},{"damage":0,"enemies":"Jaw Worm","floor":3,"turns":1},{"damage":19,"enemies":"3 Louse","floor":4,"turns":6},{"damage":50,"enemies":"Gremlin Nob","floor":7,"turns":5},{"damage":0,"enemies":"Lots of Slimes","floor":10,"turns":6},{"damage":3,"enemies":"Exordium Thugs","floor":13,"turns":3},{"damage":3,"enemies":"Blue Slaver","floor":14,"turns":3},{"damage":31,"enemies":"Hexaghost","floor":16,"turns":8},{"damage":41,"enemies":"Shell Parasite","floor":18,"turns":4},{"damage":11,"enemies":"Chosen","floor":22,"turns":4},{"damage":46,"enemies":"Book of Stabbing","floor":24,"turns":4}],"seed_played":"-9041800413483547412","potions_obtained":[{"floor":1,"key":"HeartOfIron"},{"floor":2,"key":"Fruit Juice"},{"floor":13,"key":"FairyPotion"},{"floor":14,"key":"Dexterity Potion"},{"floor":16,"key":"Fire Potion"},{"floor":22,"key":"Strength Potion"}],"is_trial":false,"path_per_floor":["M","M","M","M","?","R","E","?","T","M","?","$","M","M","R","B",null,"M","?","?","?","M","R","E"],"character_chosen":"IRONCLAD","items_purchased":["Bludgeon","Omamori","HandOfGreed"],"campfire_rested":0,"item_purchase_floors":[12,12,12],"current_hp_per_floor":[78,80,80,67,49,49,10,10,10,16,16,16,19,22,22,21,65,36,36,36,36,42,42,0,0],"gold":198,"neow_bonus":"THREE_ENEMY_KILL","is_daily":false,"chose_seed":false,"campfire_upgraded":3,"win_rate":0.0,"timestamp":1614428047,"path_taken":["M","?","M","?","?","R","E","?","T","M","?","$","?","M","R","BOSS","M","?","?","?","M","R","E"],"items_purchased_type":["Card","Relic","Card"],"build_version":"2020-12-22","purchased_purges":1,"victory":false,"max_hp_per_floor":[80,80,80,80,80,80,85,79,79,79,79,79,79,79,79,79,79,79,79,79,79,79,79,79,79],"card_choices":[{"not_picked":["Heavy Blade","Combust"],"picked":"Hemokinesis","floor":1},{"not_picked":["Iron Wave","Perfected Strike"],"picked":"Seeing Red","floor":2},{"not_picked":["Headbutt","Spot Weakness"],"picked":"Rupture","floor":3},{"not_picked":["Pommel Strike","Dark Embrace"],"picked":"Armaments","floor":4},{"not_picked":["Havoc","Power Through"],"picked":"Fiend Fire","floor":7},{"not_picked":["Warcry","Wild Strike"],"picked":"Dropkick","floor":10},{"not_picked":["Cleave","Clash"],"picked":"Evolve","floor":13},{"not_picked":["Burning Pact","Intimidate"],"picked":"Seeing Red","floor":14},{"not_picked":["Fiend Fire","Double Tap"],"picked":"Berserk","floor":16},{"not_picked":["Pummel","Carnage","Sword Boomerang"],"picked":"SKIP","floor":18},{"not_picked":["Warcry","Cleave+1","Pommel Strike"],"picked":"SKIP","floor":22}],"player_experience":793270,"relics_obtained":[{"floor":7,"key":"Lantern"},{"floor":9,"key":"InkBottle"}],"event_choices":[{"damage_healed":0,"gold_gain":0,"player_choice":"Success","damage_taken":18,"relics_obtained":["Incense Burner"],"max_hp_gain":0,"max_hp_loss":0,"event_name":"Scrap Ooze","floor":5,"gold_loss":0},{"damage_healed":0,"gold_gain":0,"player_choice":"Lose Max HP","damage_taken":0,"relics_obtained":["Golden Idol"],"max_hp_gain":0,"max_hp_loss":6,"event_name":"Golden Idol","floor":8,"gold_loss":0},{"damage_healed":0,"gold_gain":275,"player_choice":"Desecrate","damage_taken":0,"max_hp_gain":0,"max_hp_loss":0,"event_name":"Golden Shrine","floor":11,"gold_loss":0,"cards_obtained":["Regret"]},{"damage_healed":0,"gold_gain":0,"player_choice":"Obtained Relic","damage_taken":0,"relics_obtained":["Torii"],"max_hp_gain":0,"max_hp_loss":0,"event_name":"Addict","floor":19,"gold_loss":85},{"damage_healed":0,"gold_gain":99,"player_choice":"Stole From Cult","damage_taken":0,"max_hp_gain":0,"max_hp_loss":0,"event_name":"Nest","floor":20,"gold_loss":0},{"damage_healed":0,"gold_gain":0,"player_choice":"Gave Idol","damage_taken":0,"relics_obtained":["Bloody Idol"],"max_hp_gain":0,"max_hp_loss":0,"event_name":"Forgotten Altar","floor":21,"relics_lost":["Golden Idol"],"gold_loss":0}],"is_beta":false,"boss_relics":[{"not_picked":["SacredBark","Tiny House"],"picked":"Black Blood"}],"items_purged_floors":[12],"is_endless":false,"potions_floor_spawned":[1,2,13,14,16,22],"killed_by":"Book of Stabbing","ascension_level":13}}