{"host":"we8ay8el3o9pwc2d","time":1614444055,"event":{"mods":["Act Like it!","Aspiration","BaseMod","BetterRewards","Colored Map","Conspire","Downfall","Elementarium","GungeonMod","Minty Spire (QoL Compilation)","Reliquary","Robot Space Explorer","Ruina","Spire Arcade","StSLib","The Marked","Waifu the Spire"],"gold_per_floor":[99,109,127,77,92,192,192,210,110,118,118,147,132,157,202,229,229,229],"floor_reached":16,"language":"ENG","playtime":941,"items_purged":[],"score":102,"play_id":"615f5e0c-dd76-47d7-87ea-2bbe4384d209","local_time":"20210227094055","is_ascension_mode":false,"campfire_choices":[{"floor":1,"key":"RECALL"},{"data":"conspire:SpireCoStock","floor":9,"key":"SMITH"},{"data":"bronze:Break","floor":11,"key":"SMITH"}],"circlet_count":0,"master_deck":["bronze:Strike","bronze:Strike","bronze:Strike","bronze:Strike","bronze:Defend","bronze:Defend","bronze:Defend","bronze:Defend","bronze:Replicate","bronze:Goto","bronze:WildBeam","bronze:Constructor","conspire:SpireCoStock+1","bronze:Separator","bronze:WhirlingStrike","bronze:Break+1","bronze:CloningBeam","bronze:Optimize","bronze:Shell","bronze:TinkerersToolbox"],"relics":["bronze:BronzeCore","Peace Pipe","downfall:HeartBlessingRed","reliquary:SharkskinSheath"],"acts_visited":["Exordium"],"potions_floor_usage":[10,12,16],"damage_taken":[{"damage":1,"enemies":"Jaw Worm","floor":2,"turns":4},{"damage":0,"enemies":"conspire:RoseBush","floor":3,"turns":3},{"damage":0,"enemies":"2 Louse","floor":5,"turns":2},{"damage":5,"enemies":"Blue Slaver","floor":8,"turns":2},{"damage":0,"enemies":"downfall:FleeingMerchant","floor":10,"turns":4},{"damage":6,"enemies":"3 Sentries","floor":12,"turns":4},{"damage":0,"enemies":"downfall:FleeingMerchant","floor":13,"turns":4},{"damage":10,"enemies":"downfall:LooterAlt","floor":14,"turns":3},{"damage":0,"enemies":"Large Slime","floor":15,"turns":3},{"damage":59,"enemies":"DF_ARCHETYPE_STREAMLINE","floor":16,"turns":6}],"seed_played":"-6644568690799836842","potions_obtained":[{"floor":2,"key":"DuplicationPotion"},{"floor":5,"key":"GamblersBrew"},{"floor":15,"key":"Energy Potion"}],"is_trial":false,"path_per_floor":["R","M","M","?","M","?","T","M","R","$","R","E","$","M","M","B"],"character_chosen":"THE_AUTOMATON","items_purchased":[],"campfire_rested":0,"item_purchase_floors":[],"current_hp_per_floor":[77,76,76,76,76,76,76,71,71,71,71,65,65,55,55,0,0,0],"gold":229,"neow_bonus":"TEN_PERCENT_HP_BONUS","is_daily":false,"chose_seed":false,"campfire_upgraded":2,"win_rate":0.0,"timestamp":1614444055,"path_taken":["R","M","M","?","M","?","T","M","R","$","R","E","$","M","M","BOSS"],"items_purchased_type":[],"build_version":"2020-12-22","purchased_purges":0,"victory":false,"max_hp_per_floor":[77,77,77,77,77,77,77,77,77,77,77,77,77,77,77,77,77,77],"card_choices":[{"not_picked":["bronze:FineTuning","bronze:DelayedGuard"],"picked":"bronze:WildBeam","floor":2},{"not_picked":["bronze:Philosophize","bronze:Overload"],"picked":"bronze:Constructor","floor":3},{"not_picked":["bronze:BitShift","bronze:Philosophize"],"picked":"bronze:Separator","floor":5},{"not_picked":["bronze:ItsAFeature","bronze:Deprecate"],"picked":"bronze:WhirlingStrike","floor":8},{"not_picked":["bronze:DelayedGuard","bronze:Philosophize"],"picked":"bronze:Break","floor":10},{"not_picked":["bronze:Branch","bronze:Separator"],"picked":"bronze:CloningBeam","floor":12},{"not_picked":["bronze:DigitalCarnage","bronze:Deprecate"],"picked":"bronze:Optimize","floor":13},{"not_picked":["bronze:Turbo","bronze:DelayedSlice"],"picked":"bronze:Shell","floor":14},{"not_picked":["bronze:DigitalCarnage","bronze:BuggyMess"],"picked":"bronze:TinkerersToolbox","floor":15}],"player_experience":2188467,"relics_obtained":[{"floor":7,"key":"Peace Pipe"},{"floor":12,"key":"reliquary:SharkskinSheath"}],"event_choices":[{"damage_healed":0,"gold_gain":0,"player_choice":"Invest 1","damage_taken":0,"max_hp_gain":0,"max_hp_loss":0,"event_name":"conspire:Investor","floor":4,"gold_loss":0}],"is_beta":false,"boss_relics":[],"items_purged_floors":[],"is_endless":false,"potions_floor_spawned":[2,5,15],"killed_by":"DF_ARCHETYPE_STREAMLINE","ascension_level":0}}