{"host":"71mgpozmht821pzh","time":1614452891,"event":{"mods":["BaseMod","Downfall","Minty Spire (QoL Compilation)","Replay The Spire","StSLib"],"gold_per_floor":[24,81,11,59,110,167,254,293,319,319,319,352,391,391,391,688,688,739,787,38,38,38,38,140,140,163,220,253,7,106,136,136,430,430,472,146,146,146,146,176,108,133,26,35,83,179,179,248,296,464,464,464],"floor_reached":53,"language":"ENG","playtime":6110,"items_purged":["sneckomod:Defend","Shame","LessonLearned+1"],"score":827,"play_id":"ebca4a83-acc4-44e3-9ada-ccfe33f490aa","local_time":"20210227130811","daily_mods":["Diverse","Midas"],"is_ascension_mode":false,"campfire_choices":[{"floor":10,"key":"REST"},{"floor":23,"key":"REST"},{"floor":25,"key":"REST"},{"floor":32,"key":"REST"},{"floor":47,"key":"REST"},{"floor":51,"key":"REST"}],"circlet_count":0,"master_deck":["sneckomod:Strike+1","sneckomod:Strike+1","sneckomod:Strike+1","sneckomod:Defend+1","sneckomod:Defend+1","sneckomod:TailWhip+1","sneckomod:SnekBite+1","Feel No Pain+1","Conserve Battery+1","ReplayTheSpireMod:Strike From Hell+1","hexamod:SixthSeal","Slimebound:GoopSpray+1","champ:StanceDance+1","Slimebound:SpikyOuterGoop+1","True Grit+1","Coolheaded+1","Genetic Algorithm+1","Dash+1","champ:FlashCut+1","bronze:BronzeArmor+1","PathToVictory+1","CutThroughFate+1","hexamod:SwordOfDarkness+1","Battle Trance+1","champ:GladiatorForm+1","bronze:DelayedSlice","PathToVictory+1","Ball Lightning+1","sneckomod:UnknownX","Slimebound:GoopSpray+1","champ:Lariat+1","Corpse Explosion+1","Feed+1","Sneak Up+1","champ:DefensiveShout"],"relics":["sneckomod:SneckoSoul","Mummified Hand","Regal Pillow","m_SnakeBloodCore","Philosopher\u0027s Stone","Sling","hexamod:BolsterEngine","Pantograph","Tiny Chest","Nilry\u0027s Codex","War Paint","Omamori","Pet Ghost","Gambling Chip","Calling Bell","Juzu Bracelet","Mercury Hourglass","Replay:Arrowhead","DollysMirror","CeramicFish","Replay:Wax Seal","MealTicket","Golden Egg"],"acts_visited":["Exordium","TheCity","TheBeyond"],"potions_floor_usage":[5,16,16,30,52,52,52,52,52,52],"damage_taken":[{"damage":1,"enemies":"Cultist","floor":2,"turns":3},{"damage":0,"enemies":"Small Slimes","floor":4,"turns":2},{"damage":3,"enemies":"2 Louse","floor":5,"turns":4},{"damage":7,"enemies":"Looter","floor":6,"turns":4},{"damage":29,"enemies":"Lagavulin","floor":7,"turns":8},{"damage":18,"enemies":"Exordium Wildlife","floor":8,"turns":6},{"damage":0,"enemies":"2 Fungi Beasts","floor":12,"turns":3},{"damage":4,"enemies":"Large Slime","floor":13,"turns":8},{"damage":29,"enemies":"Hexaghost","floor":16,"turns":19},{"damage":16,"enemies":"Shell Parasite","floor":18,"turns":8},{"damage":11,"enemies":"2 Thieves","floor":19,"turns":5},{"damage":0,"enemies":"Replay:Snechameleon","floor":24,"turns":7},{"damage":20,"enemies":"Sentry and Sphere","floor":27,"turns":7},{"damage":0,"enemies":"Snake Plant","floor":28,"turns":4},{"damage":0,"enemies":"Book of Stabbing","floor":30,"turns":7},{"damage":0,"enemies":"Centurion and Healer","floor":31,"turns":6},{"damage":37,"enemies":"Automaton","floor":33,"turns":11},{"damage":13,"enemies":"3 Darklings","floor":35,"turns":6},{"damage":0,"enemies":"Orb Walker","floor":40,"turns":1},{"damage":12,"enemies":"Reptomancer","floor":46,"turns":8},{"damage":8,"enemies":"Sphere and 2 Shapes","floor":48,"turns":4},{"damage":7,"enemies":"Writhing Mass","floor":49,"turns":7},{"damage":28,"enemies":"Donu and Deca","floor":52,"turns":9}],"seed_played":"7058628782026496002","potions_obtained":[{"floor":4,"key":"Block Potion"},{"floor":7,"key":"Block Potion"},{"floor":13,"key":"Swift Potion"},{"floor":16,"key":"SkillPotion"},{"floor":24,"key":"FairyPotion"},{"floor":27,"key":"EntropicBrew"},{"floor":31,"key":"Elixir"},{"floor":48,"key":"Energy Potion"},{"floor":49,"key":"Adrenaline Potion"}],"is_trial":true,"path_per_floor":["$","M","$","M","M","M","E","M","T","R","?","M","M","?","R","B",null,"M","M","$","?","?","R","E","R","T","M","M","$","E","M","R","B",null,"M","$","?","PTL","PTL","M","$","T","$","R","T","E","R","M","M","?","R","B",null],"character_chosen":"THE_SNECKO","items_purchased":["Feel No Pain","LessonLearned","champ:FlashCut","Sling","hexamod:BolsterEngine","Pantograph","bronze:BronzeArmor","Pet Ghost","bronze:DelayedSlice","DollysMirror","sneckomod:UnknownX","Slimebound:GoopSpray","champ:Lariat"],"campfire_rested":6,"item_purchase_floors":[1,3,20,20,20,20,20,29,36,36,41,43,43],"current_hp_per_floor":[90,89,89,89,86,79,50,32,32,74,74,77,83,76,76,50,90,87,79,79,79,63,90,90,90,90,73,76,76,79,82,90,56,90,80,80,80,80,80,83,83,83,83,83,83,74,90,88,84,61,93,77],"gold":464,"neow_bonus":"","is_daily":false,"chose_seed":false,"campfire_upgraded":0,"win_rate":0.0,"timestamp":1614452891,"path_taken":["?","M","$","M","?","M","E","M","T","R","?","M","M","?","R","BOSS","M","M","$","?","?","R","E","R","T","M","M","?","E","M","R","BOSS","M","$","?","PTL","PTL","M","$","?","?","R","T","E","R","M","M","?","R","BOSS"],"items_purchased_type":["Card","Card","Card","Relic","Relic","Relic","Card","Relic","Card","Relic","Card","Card","Card"],"build_version":"2020-12-22","purchased_purges":3,"victory":true,"max_hp_per_floor":[90,90,90,90,90,90,90,90,90,90,90,90,90,90,90,90,90,90,90,90,90,90,90,90,90,90,90,90,90,90,90,90,90,90,90,90,90,90,90,90,90,90,90,90,90,90,90,93,93,93,93,93],"card_choices":[{"not_picked":["Loop","champ:Lariat"],"picked":"Conserve Battery","floor":2},{"not_picked":["bronze:BitShift","bronze:DelayedGuard"],"picked":"ReplayTheSpireMod:Strike From Hell","floor":4},{"not_picked":["hexamod:FourthSeal","hexamod:ThirdSeal"],"picked":"hexamod:SixthSeal","floor":5},{"not_picked":["sneckomod:Nope","Go for the Eyes"],"picked":"Slimebound:GoopSpray","floor":5},{"not_picked":["Defy Death","FIFO Queue"],"picked":"champ:StanceDance","floor":6},{"not_picked":["Run Through","bronze:Overheat"],"picked":"Slimebound:SpikyOuterGoop","floor":7},{"not_picked":["hexamod:ThermalTransfer","Guardian:Planning"],"picked":"True Grit","floor":8},{"not_picked":["bronze:HardenedForm","bronze:Constructor"],"picked":"Coolheaded","floor":12},{"not_picked":["bronze:Separator","Dark Embrace","hexamod:GhostOfSpireFuture"],"picked":"SKIP","floor":13},{"not_picked":["Replay:Undeath\u0027s Touch","Indignation","Blizzard"],"picked":"SKIP","floor":18},{"not_picked":["Wild Strike+1","Lockon"],"picked":"Dash+1","floor":19},{"not_picked":["hexamod:FastForward","Vengeance"],"picked":"PathToVictory+1","floor":24},{"not_picked":["Guardian:ShieldCharger","Force Field"],"picked":"CutThroughFate","floor":27},{"not_picked":["Clash+1","Guardian:PrismaticBeam+1","Reflex"],"picked":"SKIP","floor":28},{"not_picked":["ReplayTheSpireMod:Omega Cannon","Slimebound:Prepare"],"picked":"hexamod:SwordOfDarkness","floor":30},{"not_picked":["FollowUp","Flex"],"picked":"Battle Trance+1","floor":31},{"not_picked":["Slimebound:LeechLife","champ:ShieldThrow"],"picked":"champ:GladiatorForm","floor":33},{"not_picked":["Turbo","Dagger Throw","Guardian:RollAttack+1"],"picked":"SKIP","floor":35},{"not_picked":["hexamod:HauntingEcho+1","Slimebound:Gluttony"],"picked":"Ball Lightning","floor":40},{"not_picked":["ReplayTheSpireMod:GoodbyeWorld","champ:HeartStrike"],"picked":"Feed","floor":46},{"not_picked":["Streamline+1","Guardian:TemporalStrike"],"picked":"Sneak Up+1","floor":48},{"not_picked":["Replay:ManipulateFuture","bronze:Backtrace+1"],"picked":"champ:DefensiveShout","floor":49}],"player_experience":6599128,"relics_obtained":[{"floor":7,"key":"Mummified Hand"},{"floor":9,"key":"Regal Pillow"},{"floor":22,"key":"Nilry\u0027s Codex"},{"floor":24,"key":"War Paint"},{"floor":26,"key":"Omamori"},{"floor":30,"key":"Gambling Chip"},{"floor":34,"key":"Juzu Bracelet"},{"floor":34,"key":"Mercury Hourglass"},{"floor":34,"key":"Replay:Arrowhead"},{"floor":42,"key":"CeramicFish"},{"floor":45,"key":"Replay:Wax Seal"},{"floor":46,"key":"MealTicket"},{"floor":50,"key":"Golden Egg"}],"event_choices":[{"cards_removed":["downfall:Bewildered"],"damage_healed":0,"gold_gain":0,"player_choice":"Card Removal","damage_taken":7,"max_hp_gain":0,"max_hp_loss":0,"event_name":"Golden Wing","floor":14,"gold_loss":0},{"damage_healed":0,"gold_gain":0,"player_choice":"Stole Relic","damage_taken":0,"relics_obtained":["Tiny Chest"],"max_hp_gain":0,"max_hp_loss":0,"event_name":"Addict","floor":21,"gold_loss":0,"cards_obtained":["Shame"]},{"damage_healed":0,"gold_gain":0,"player_choice":"Obtained Book","damage_taken":16,"max_hp_gain":0,"max_hp_loss":0,"event_name":"Cursed Tome","floor":22,"gold_loss":0},{"damage_healed":0,"gold_gain":0,"player_choice":"Ignored","damage_taken":0,"max_hp_gain":0,"max_hp_loss":0,"event_name":"Tomb of Lord Red Mask","floor":37,"gold_loss":0}],"is_beta":false,"boss_relics":[{"not_picked":["Snecko Heart","Astrolabe"],"picked":"Philosopher\u0027s Stone"},{"not_picked":["Painkiller Herb","bronze:MakeshiftBattery"],"picked":"Calling Bell"}],"items_purged_floors":[20,29,36],"is_endless":false,"potions_floor_spawned":[4,7,13,16,24,27,31,48,49],"ascension_level":0}}