{"host":"wbs0wzz0alz01mnq","time":1614459857,"event":{"mods":["2.2 Compatiblity","AchievementEnabler","BaseMod","Bestiary","Colored Map","Colored Powertips","Curses Come First","Dark Map","DeckTracker","GifTheSpireLib","Googly Eyes","Highlight Path","Minty Spire (QoL Compilation)","Morshu Shopkeeper - ENHANCED","Permanent Neow","Quick Restart","RNG Fix","Rare Cards Sparkle","Relic Stats","Smile Girya","StSLib","UnlockEverythingMod","Waifu the Spire","Weighted Paths","thorton"],"gold_per_floor":[121,196,196,71,89,89,89,89],"floor_reached":6,"language":"ENG","playtime":179,"items_purged":["Normality"],"score":34,"play_id":"218bcfd5-56a0-4954-b93b-d8ce1fa30425","local_time":"20210227160417","is_ascension_mode":false,"campfire_choices":[],"circlet_count":0,"master_deck":["thethorton:Strike+1","thethorton:Strike","thethorton:Strike","thethorton:Strike+1","thethorton:Defend","thethorton:Defend","thethorton:Defend","thethorton:Defend","thethorton:Heckle","thethorton:CreditCard","thethorton:BusinessCard","thethorton:BusinessCard","thethorton:BusinessCard"],"relics":["Velvet Choker"],"acts_visited":["Exordium"],"potions_floor_usage":[],"damage_taken":[{"damage":12,"enemies":"Cultist","floor":1,"turns":6},{"damage":0,"enemies":"Small Slimes","floor":5,"turns":4},{"damage":28,"enemies":"Gremlin Nob","floor":6,"turns":5}],"seed_played":"-3579839004644549397","potions_obtained":[{"floor":1,"key":"Fire Potion"}],"is_trial":false,"path_per_floor":["M","?","?","$","M","E"],"character_chosen":"THE_THORT","items_purchased":["thethorton:BusinessCard"],"campfire_rested":0,"item_purchase_floors":[4],"current_hp_per_floor":[56,45,31,31,31,3,3,3],"gold":89,"neow_bonus":"BOSS_RELIC","is_daily":false,"chose_seed":false,"campfire_upgraded":0,"win_rate":0.0,"timestamp":1614459857,"path_taken":["M","?","?","$","?","E"],"items_purchased_type":["Card"],"build_version":"2020-12-22","purchased_purges":1,"victory":false,"max_hp_per_floor":[68,68,68,68,68,68,68,68],"relic_stats":{"counters":[3,15],"obtain_stats":[{"Velvet Choker":0,"thethorton:CouragePotion":0},{"Velvet Choker":0,"thethorton:CouragePotion":0},{"Velvet Choker":0,"thethorton:CouragePotion":0}]},"card_choices":[{"not_picked":["thethorton:DownPayment","thethorton:BookBash"],"picked":"thethorton:BusinessCard","floor":1},{"not_picked":["thethorton:RunningFeint","thethorton:SicklyRun"],"picked":"thethorton:BusinessCard","floor":5}],"player_experience":62682,"relics_obtained":[],"event_choices":[{"damage_healed":0,"gold_gain":75,"player_choice":"Gather Gold","damage_taken":11,"max_hp_gain":0,"max_hp_loss":0,"event_name":"World of Goop","floor":2,"gold_loss":0},{"damage_healed":0,"gold_gain":0,"player_choice":"Entered Light","damage_taken":14,"max_hp_gain":0,"max_hp_loss":0,"event_name":"Shining Light","floor":3,"gold_loss":0,"cards_upgraded":["thethorton:Strike","thethorton:Strike"]}],"is_beta":false,"boss_relics":[],"items_purged_floors":[4],"is_endless":false,"potions_floor_spawned":[1],"killed_by":"Gremlin Nob","ascension_level":0}}