{"host":"a4s27ghlnr83kbqz","time":1614418863,"event":{"mods":["AchievementEnabler","BaseMod","Colored Map","Minty Spire (QoL Compilation)","Permanent Neow","SuperFastMode"],"gold_per_floor":[114,114,162,162,186,229,229,242,296,305,329,352,379,379,379],"floor_reached":14,"language":"KOR","playtime":209,"items_purged":[],"score":234,"play_id":"caecb6a0-0c3e-422f-946c-ad6f3da618dd","local_time":"20210227184103","is_ascension_mode":true,"campfire_choices":[{"data":"Bash","floor":7,"key":"SMITH"}],"circlet_count":0,"master_deck":["AscendersBane","Strike_R","Strike_R","Strike_R","Strike_R","Defend_R","Defend_R","Defend_R","Defend_R","Bash+1","Disarm","Warcry","Anger","Dark Embrace","Clothesline","Fire Breathing"],"relics":["Burning Blood","NeowsBlessing","Golden Idol","CeramicFish","Juzu Bracelet","Tiny Chest","Bag of Marbles"],"acts_visited":["Exordium"],"potions_floor_usage":[12],"damage_taken":[{"damage":0,"enemies":"Small Slimes","floor":1,"turns":1},{"damage":0,"enemies":"Jaw Worm","floor":5,"turns":1},{"damage":0,"enemies":"Lagavulin","floor":6,"turns":1},{"damage":1,"enemies":"2 Louse","floor":8,"turns":5},{"damage":20,"enemies":"Large Slime","floor":11,"turns":7},{"damage":26,"enemies":"Lots of Slimes","floor":12,"turns":6},{"damage":1,"enemies":"3 Louse","floor":13,"turns":4},{"damage":30,"enemies":"Gremlin Nob","floor":14,"turns":3}],"seed_played":"2586870735091451152","potions_obtained":[{"floor":6,"key":"SkillPotion"},{"floor":8,"key":"SpeedPotion"},{"floor":12,"key":"LiquidBronze"}],"is_trial":false,"path_per_floor":["M","?","T","?","M","E","R","M","T","?","M","M","M","E"],"character_chosen":"IRONCLAD","items_purchased":[],"campfire_rested":0,"item_purchase_floors":[],"current_hp_per_floor":[74,48,48,37,43,49,49,54,54,54,40,20,25,0,0],"gold":379,"neow_bonus":"THREE_ENEMY_KILL","is_daily":false,"chose_seed":false,"campfire_upgraded":1,"win_rate":0.0,"timestamp":1614418863,"path_taken":["M","?","?","?","M","E","R","M","T","?","M","M","M","E"],"items_purchased_type":[],"build_version":"2020-12-22","purchased_purges":0,"victory":false,"max_hp_per_floor":[75,75,75,75,75,75,75,75,75,75,75,75,75,75,75],"card_choices":[{"not_picked":["Armaments","Shrug It Off"],"picked":"Disarm","floor":1},{"not_picked":["Clash","Havoc"],"picked":"Warcry","floor":5},{"not_picked":["True Grit","Ghostly Armor"],"picked":"Anger","floor":6},{"not_picked":["Combust","Sever Soul","Sword Boomerang"],"picked":"SKIP","floor":8},{"not_picked":["Feel No Pain","Dropkick","Rupture"],"picked":"SKIP","floor":11},{"not_picked":["Anger","True Grit"],"picked":"Clothesline","floor":12},{"not_picked":["Burning Pact","Warcry"],"picked":"Fire Breathing","floor":13}],"player_experience":1154316,"relics_obtained":[{"floor":3,"key":"CeramicFish"},{"floor":6,"key":"Tiny Chest"},{"floor":9,"key":"Bag of Marbles"}],"event_choices":[{"damage_healed":0,"gold_gain":0,"player_choice":"Take Damage","damage_taken":26,"relics_obtained":["Golden Idol"],"max_hp_gain":0,"max_hp_loss":0,"event_name":"Golden Idol","floor":2,"gold_loss":0},{"damage_healed":0,"gold_gain":0,"player_choice":"Success","damage_taken":11,"relics_obtained":["Juzu Bracelet"],"max_hp_gain":0,"max_hp_loss":0,"event_name":"Scrap Ooze","floor":4,"gold_loss":0},{"damage_healed":0,"gold_gain":0,"cards_transformed":["Strike_R"],"player_choice":"Change","damage_taken":0,"max_hp_gain":0,"max_hp_loss":0,"event_name":"Living Wall","floor":10,"gold_loss":0,"cards_obtained":["Dark Embrace"]}],"is_beta":false,"boss_relics":[],"items_purged_floors":[],"is_endless":false,"potions_floor_spawned":[6,8,11,12],"killed_by":"Gremlin Nob","ascension_level":20}}