{"host":"7gquyva492f4udta","time":1614447863,"event":{"mods":["BaseMod","Minty Spire (QoL Compilation)"],"gold_per_floor":[116,135,149,159,159,159,184,28,75,100,100,133,153,3,3,107,107,124,140,65,65,75,103,116,143,190,206,233,233,267,285,285,389,389,400,40,40,40,57,57,92,107,134,159,159,7,32,45,45,45,45,45,45,71,71,71],"floor_reached":55,"language":"ENG","playtime":4719,"items_purged":["Strike_R","Defend_R"],"score":1339,"play_id":"62967948-62d0-48b3-bb49-2efd043fc656","local_time":"20210227114423","is_ascension_mode":true,"campfire_choices":[{"data":"Fiend Fire","floor":6.0,"key":"SMITH"},{"data":"Limit Break","floor":11.0,"key":"SMITH"},{"data":"Bash","floor":15.0,"key":"SMITH"},{"data":"Infernal Blade","floor":32,"key":"SMITH"},{"floor":40,"key":"RECALL"},{"data":"Apotheosis","floor":49,"key":"SMITH"},{"data":"Mayhem","floor":52,"key":"SMITH"}],"circlet_count":0,"master_deck":["Defend_R","Defend_R","Defend_R","Bash+1","Battle Trance","Armaments+1","Fiend Fire+1","Spot Weakness","Evolve","Immolate","Limit Break+1","Exhume","Ghostly Armor","Reaper","Iron Wave+1","Sentinel","Bite","Bite","Bite","Bite","Bite","Bloodletting+1","Flame Barrier+1","Battle Trance","Impervious","Infernal Blade+1","Seeing Red","Offering","True Grit","Deep Breath","Discovery","Mayhem+1","Apotheosis+1","Bludgeon","Madness","Madness","Armaments+1","Fire Breathing+1"],"relics":["Black Blood","NeowsBlessing","Matryoshka","Meat on the Bone","Pen Nib","Red Skull","Incense Burner","Sling","Bottled Flame","WingedGreaves","Centennial Puzzle","Toy Ornithopter","Dead Branch","PreservedInsect","Philosopher\u0027s Stone","Bag of Preparation","Calipers","Charon\u0027s Ashes","HandDrill","Darkstone Periapt","Pantograph"],"acts_visited":["Exordium","TheCity","TheBeyond","TheEnding"],"potions_floor_usage":[23,23,25,27,33,33,47,50,55,55],"damage_taken":[{"damage":0.0,"enemies":"Cultist","floor":1.0,"turns":1.0},{"damage":0.0,"enemies":"2 Louse","floor":2.0,"turns":1.0},{"damage":0.0,"enemies":"Jaw Worm","floor":3.0,"turns":1.0},{"damage":7.0,"enemies":"3 Louse","floor":4.0,"turns":5.0},{"damage":15.0,"enemies":"Gremlin Nob","floor":7.0,"turns":4.0},{"damage":20.0,"enemies":"3 Sentries","floor":10.0,"turns":4.0},{"damage":54.0,"enemies":"Gremlin Nob","floor":12.0,"turns":5.0},{"damage":9.0,"enemies":"Red Slaver","floor":13.0,"turns":2.0},{"damage":0.0,"enemies":"Slime Boss","floor":16.0,"turns":6.0},{"damage":29,"enemies":"3 Byrds","floor":18,"turns":7},{"damage":2,"enemies":"Chosen","floor":19,"turns":3},{"damage":41,"enemies":"Centurion and Healer","floor":22,"turns":7},{"damage":33,"enemies":"Gremlin Leader","floor":23,"turns":6},{"damage":36,"enemies":"Snecko","floor":24,"turns":5},{"damage":36,"enemies":"Slavers","floor":25,"turns":4},{"damage":55,"enemies":"3 Cultists","floor":27,"turns":7},{"damage":11,"enemies":"Gremlin Leader","floor":28,"turns":5},{"damage":7,"enemies":"Book of Stabbing","floor":30,"turns":3},{"damage":11,"enemies":"Cultist and Chosen","floor":31,"turns":4},{"damage":93,"enemies":"Collector","floor":33,"turns":10},{"damage":31,"enemies":"3 Darklings","floor":35,"turns":5},{"damage":0,"enemies":"Orb Walker","floor":39,"turns":2},{"damage":7,"enemies":"Nemesis","floor":41,"turns":3},{"damage":25,"enemies":"Sphere and 2 Shapes","floor":42,"turns":3},{"damage":13,"enemies":"Reptomancer","floor":44,"turns":3},{"damage":30,"enemies":"Nemesis","floor":47,"turns":5},{"damage":0,"enemies":"Jaw Worm Horde","floor":48,"turns":2},{"damage":51,"enemies":"Time Eater","floor":50,"turns":7},{"damage":24,"enemies":"Shield and Spear","floor":54,"turns":1},{"damage":97,"enemies":"The Heart","floor":55,"turns":3}],"seed_played":"-2070095821853780416","potions_obtained":[{"floor":2.0,"key":"Weak Potion"},{"floor":3.0,"key":"BloodPotion"},{"floor":10.0,"key":"CultistPotion"},{"floor":16.0,"key":"Swift Potion"},{"floor":19,"key":"DuplicationPotion"},{"floor":22,"key":"Fire Potion"},{"floor":25,"key":"SkillPotion"},{"floor":30,"key":"SpeedPotion"},{"floor":31,"key":"Fire Potion"},{"floor":33,"key":"SteroidPotion"},{"floor":42,"key":"Swift Potion"},{"floor":44,"key":"Dexterity Potion"},{"floor":54,"key":"Explosive Potion"}],"is_trial":false,"path_per_floor":["M","M","M","M","?","R","E","$","T","E","R","E","M","$","R","B",null,"M","M","$","?","M","E","M","E","T","M","E","?","E","M","R","B",null,"M","$","?","?","M","R","E","M","T","E","?","$","E","M","R","B",null,"R","$","E","B"],"character_chosen":"IRONCLAD","items_purchased":["Immolate","Sling","True Grit","Deep Breath","Bag of Preparation","HandDrill"],"campfire_rested":0,"item_purchase_floors":[8,14,36,36,36,46],"current_hp_per_floor":[78,80,80,79,79,79,70,70,70,56,56,36,45,45,45,51,73,61,71,71,56,55,51,48,41,41,43,48,48,53,56,56,28,49,55,55,45,45,56,56,56,43,43,56,49,49,51,56,56,56,56,56,56,50,0,0],"gold":71,"neow_bonus":"THREE_ENEMY_KILL","is_daily":false,"chose_seed":false,"campfire_upgraded":6,"win_rate":0.0,"timestamp":1614447863,"path_taken":["M","M","M","?","?","R","E","$","T","E","R","E","M","$","R","BOSS","M","?","$","?","M","E","M","E","T","M","E","?","E","M","R","BOSS","M","$","?","?","?","R","E","?","T","E","?","?","E","M","R","BOSS","R","$","E","BOSS"],"items_purchased_type":["Card","Relic","Card","Card","Relic","Relic"],"build_version":"2020-12-22","purchased_purges":2,"victory":false,"max_hp_per_floor":[80,80,80,80,80,80,80,80,80,80,80,80,80,80,80,80,80,80,80,80,56,56,56,56,56,56,56,56,56,56,56,56,56,56,56,56,56,56,56,56,56,56,56,56,56,56,56,56,56,56,56,56,56,56,56,56],"card_choices":[{"not_picked":["Warcry","Wild Strike"],"picked":"Battle Trance","floor":1.0},{"not_picked":["Clothesline","Combust"],"picked":"Armaments","floor":2.0},{"not_picked":["Clothesline","Twin Strike"],"picked":"Fiend Fire","floor":3.0},{"not_picked":["True Grit","Power Through"],"picked":"Spot Weakness","floor":4.0},{"not_picked":["Twin Strike","Flex"],"picked":"Evolve","floor":7.0},{"not_picked":["Iron Wave","Searing Blow"],"picked":"Limit Break","floor":10.0},{"not_picked":["Pommel Strike","Sever Soul"],"picked":"Exhume","floor":12.0},{"not_picked":["Dual Wield","Iron Wave"],"picked":"Ghostly Armor","floor":13.0},{"not_picked":["Barricade","Corruption"],"picked":"Reaper","floor":16.0},{"not_picked":["Dropkick","Entrench"],"picked":"Iron Wave+1","floor":18},{"not_picked":["Clash","Flex"],"picked":"Sentinel","floor":19},{"not_picked":["Sword Boomerang","Wild Strike+1"],"picked":"Bloodletting+1","floor":22},{"not_picked":["Havoc","Thunderclap","Body Slam"],"picked":"SKIP","floor":23},{"not_picked":["Dual Wield","Thunderclap","Iron Wave"],"picked":"SKIP","floor":24},{"not_picked":["Hemokinesis","Body Slam"],"picked":"Flame Barrier+1","floor":25},{"not_picked":["Sword Boomerang","Reckless Charge","Dropkick"],"picked":"SKIP","floor":27},{"not_picked":["Perfected Strike","Twin Strike"],"picked":"Battle Trance","floor":28},{"not_picked":["Entrench+1","Heavy Blade"],"picked":"Infernal Blade","floor":30},{"not_picked":["Armaments","Blood for Blood"],"picked":"Seeing Red","floor":31},{"not_picked":["Berserk","Demon Form"],"picked":"Offering","floor":33},{"not_picked":["Thunderclap","Heavy Blade+1","Iron Wave"],"picked":"SKIP","floor":35},{"not_picked":["Magnetism","Trip"],"picked":"Discovery","floor":37},{"not_picked":["Swift Strike","Impatience"],"picked":"Mayhem","floor":37},{"not_picked":["Jack Of All Trades","Mind Blast"],"picked":"Apotheosis","floor":37},{"not_picked":["Sword Boomerang","Perfected Strike+1","Body Slam"],"picked":"SKIP","floor":39},{"not_picked":["Combust+1","Spot Weakness","Sword Boomerang"],"picked":"SKIP","floor":41},{"not_picked":["Sever Soul+1","Sword Boomerang+1","Clothesline"],"picked":"SKIP","floor":42},{"not_picked":["Ghostly Armor","Searing Blow","Armaments"],"picked":"SKIP","floor":44},{"not_picked":["Immolate","Combust+1"],"picked":"Armaments+1","floor":47},{"not_picked":["Pommel Strike+1","Clash+1","Uppercut+1"],"picked":"SKIP","floor":48},{"not_picked":["Anger+1","Wild Strike+1"],"picked":"Fire Breathing+1","floor":54}],"player_experience":327028,"relics_obtained":[{"floor":7.0,"key":"Matryoshka"},{"floor":9.0,"key":"Meat on the Bone"},{"floor":9.0,"key":"Pen Nib"},{"floor":10.0,"key":"Red Skull"},{"floor":12.0,"key":"Incense Burner"},{"floor":23,"key":"Bottled Flame"},{"floor":25,"key":"WingedGreaves"},{"floor":26,"key":"Centennial Puzzle"},{"floor":26,"key":"Toy Ornithopter"},{"floor":28,"key":"Dead Branch"},{"floor":30,"key":"PreservedInsect"},{"floor":41,"key":"Calipers"},{"floor":44,"key":"Charon\u0027s Ashes"},{"floor":47,"key":"Darkstone Periapt"},{"floor":54,"key":"Pantograph"}],"event_choices":[{"damage_healed":0.0,"max_hp_gain":0.0,"max_hp_loss":0.0,"gold_gain":0.0,"event_name":"Upgrade Shrine","player_choice":"Upgraded","floor":5.0,"gold_loss":0.0,"damage_taken":0.0,"cards_upgraded":["Armaments"]},{"damage_healed":0,"gold_gain":0,"player_choice":"Became a vampire","damage_taken":0,"max_hp_gain":0,"max_hp_loss":24,"event_name":"Vampires","floor":21,"gold_loss":0,"cards_obtained":["Bite","Bite","Bite","Bite","Bite"]},{"damage_healed":0,"gold_gain":0,"player_choice":"Read","damage_taken":0,"max_hp_gain":0,"max_hp_loss":0,"event_name":"The Library","floor":29,"gold_loss":0,"cards_obtained":["Impervious"]},{"damage_healed":0,"gold_gain":0,"player_choice":"Memory 3","damage_taken":10,"max_hp_gain":0,"max_hp_loss":0,"event_name":"SensoryStone","floor":37,"gold_loss":0},{"damage_healed":0,"gold_gain":0,"player_choice":"1 cards matched","damage_taken":0,"max_hp_gain":0,"max_hp_loss":0,"event_name":"Match and Keep!","floor":38,"gold_loss":0,"cards_obtained":["Bludgeon"]},{"damage_healed":0,"gold_gain":0,"player_choice":"Embrace Madness","damage_taken":7,"max_hp_gain":0,"max_hp_loss":0,"event_name":"Winding Halls","floor":45,"gold_loss":0,"cards_obtained":["Madness","Madness"]}],"is_beta":false,"boss_relics":[{"not_picked":["Snecko Eye","Busted Crown"],"picked":"Black Blood"},{"not_picked":["Velvet Choker","Astrolabe"],"picked":"Philosopher\u0027s Stone"}],"items_purged_floors":[20,36],"is_endless":false,"potions_floor_spawned":[2,3,10,16,19,22,25,30,31,33,42,44,54],"killed_by":"The Heart","ascension_level":7}}