{"host":"l2dnabsh5e0fsksb","time":1614425175,"event":{"mods":["2.2 Compatiblity","BaseMod","Downfall","Minty Spire (QoL Compilation)","Quick Restart","StSLib"],"gold_per_floor":[99,99,99,99,99,99,181,181,213,233,233,260,160,186,199,272,272,272,283,283,303,321,352,377,393,293,319,339,350,350,368,384,458,458,458,470,73,73,84,103,149,179,179,189,203,213,248,160,184,196,208,246,9,9,9,9,9],"floor_reached":55,"language":"ENG","playtime":3379,"items_purged":["Pain"],"score":1492,"play_id":"f570e2d5-1631-4bc8-a238-ee7ec9b92f3b","local_time":"20210227215615","is_ascension_mode":true,"campfire_choices":[{"floor":1.0,"key":"RECALL"},{"floor":13.0,"key":"REST"},{"data":"hexamod:TimeWarp","floor":18.0,"key":"SMITH"},{"data":"hexamod:TimeWarp","floor":26.0,"key":"SMITH"},{"floor":30.0,"key":"REST"},{"data":"hexamod:PhantomCloak","floor":35.0,"key":"SMITH"},{"floor":43.0,"key":"REST"},{"floor":48,"key":"REST"},{"data":"hexamod:PhantomCloak","floor":54,"key":"SMITH"}],"circlet_count":0,"master_deck":["AscendersBane","hexamod:Strike","hexamod:Strike+1","hexamod:Strike+1","hexamod:Strike","hexamod:Defend+1","hexamod:Defend","hexamod:Defend+1","hexamod:Defend","hexamod:Sear+1","hexamod:Float","hexamod:Incineration","hexamod:RainOfEmbers","hexamod:ThermalTransfer","hexamod:GiftsFromTheDead","hexamod:EmpoweredFlame","hexamod:TimeWarp+1","hexamod:Hexaguard","hexamod:GhostflameBarrier","hexamod:TimeWarp+1","hexamod:ShieldOfDarkness","hexamod:FastForward+1","hexamod:FlamesFromBeyond","hexamod:ShieldOfDarkness","hexamod:PhantomCloak+1","hexamod:FlamesFromBeyond+1","hexamod:PhantomCloak+1","hexamod:GhostLash","hexamod:GhostLash+1","hexamod:WildfireWeapon","hexamod:GhostLash+1","hexamod:GhostOfSpireFuture","hexamod:FlamesFromBeyond","hexamod:FastForward+1","hexamod:InspiringFlames+1","hexamod:SpectersWail","hexamod:HeatShield+1","hexamod:Rewind+1","hexamod:HeatMetal+1","hexamod:StepThrough","hexamod:SwordOfDarkness"],"relics":["hexamod:SpiritBrand","downfall:HeartsMalice","downfall:ShatteredFragment","Eternal Feather","Orichalcum","Pantograph","Mercury Hourglass","downfall:HeartBlessingRed","Strawberry","hexamod:IceCube","WarpedTongs","Gambling Chip","downfall:HeartBlessingBlue","Guardian:PocketSentry","expansioncontent:StudyCardRelic","Thread and Needle","Spirit Poop","Whetstone","InkBottle","MawBank","downfall:HeartBlessingGreen","Happy Flower","War Paint"],"acts_visited":["Exordium","TheCity","TheBeyond","TheEnding"],"potions_floor_usage":[50,55,55],"damage_taken":[{"damage":0.0,"enemies":"2 Louse","floor":2.0,"turns":1.0},{"damage":0.0,"enemies":"downfall:FleeingMerchant","floor":6.0,"turns":1.0},{"damage":0.0,"enemies":"Small Slimes","floor":8.0,"turns":1.0},{"damage":12.0,"enemies":"3 Sentries","floor":9.0,"turns":6.0},{"damage":2.0,"enemies":"Jaw Worm","floor":10.0,"turns":3.0},{"damage":0.0,"enemies":"Gremlin Nob","floor":12.0,"turns":3.0},{"damage":7.0,"enemies":"Lagavulin","floor":14.0,"turns":4.0},{"damage":4.0,"enemies":"Lots of Slimes","floor":15.0,"turns":3.0},{"damage":2.0,"enemies":"IC_STATUS_ARCHETYPE","floor":16.0,"turns":6.0},{"damage":9.0,"enemies":"Shell Parasite","floor":19.0,"turns":3.0},{"damage":0.0,"enemies":"3 Byrds","floor":21.0,"turns":4.0},{"damage":4.0,"enemies":"Centurion and Healer","floor":22.0,"turns":5.0},{"damage":7.0,"enemies":"Book of Stabbing","floor":23.0,"turns":4.0},{"damage":3.0,"enemies":"Cultist and Chosen","floor":25.0,"turns":5.0},{"damage":23.0,"enemies":"Slavers","floor":27.0,"turns":5.0},{"damage":22.0,"enemies":"Snake Plant","floor":28.0,"turns":4.0},{"damage":6.0,"enemies":"Snecko","floor":29.0,"turns":3.0},{"damage":5.0,"enemies":"Centurion and Healer","floor":31.0,"turns":6.0},{"damage":0.0,"enemies":"Snake Plant","floor":32.0,"turns":2.0},{"damage":25.0,"enemies":"DF_ARCHETYPE_CLAW","floor":33.0,"turns":6.0},{"damage":16.0,"enemies":"3 Shapes","floor":36.0,"turns":4.0},{"damage":2.0,"enemies":"downfall:FleeingMerchant","floor":37.0,"turns":4.0},{"damage":0.0,"enemies":"Orb Walker","floor":39.0,"turns":2.0},{"damage":0.0,"enemies":"4 Shapes","floor":40.0,"turns":3.0},{"damage":38.0,"enemies":"Giant Head","floor":42.0,"turns":9.0},{"damage":1.0,"enemies":"Sphere and 2 Shapes","floor":44.0,"turns":3.0},{"damage":0.0,"enemies":"Transient","floor":45.0,"turns":5.0},{"damage":19.0,"enemies":"Writhing Mass","floor":46.0,"turns":4.0},{"damage":4,"enemies":"Reptomancer","floor":47,"turns":5},{"damage":1,"enemies":"Maw","floor":49,"turns":4},{"damage":0,"enemies":"WA_ARCHETYPE_DIVINITY","floor":50,"turns":9},{"damage":15,"enemies":"downfall:CharBossMerchant","floor":52,"turns":5},{"damage":88,"enemies":"downfall:NeowBoss","floor":55,"turns":17}],"seed_played":"-1180678939502700705","potions_obtained":[{"floor":9.0,"key":"Block Potion"},{"floor":12.0,"key":"PowerPotion"},{"floor":19.0,"key":"Block Potion"},{"floor":21.0,"key":"Slimebound:ThreeZeroPotion"},{"floor":28.0,"key":"Strength Potion"},{"floor":29.0,"key":"hexamod:DoubleChargePotion"},{"floor":33.0,"key":"Energy Potion"},{"floor":42.0,"key":"hexamod:DoubleChargePotion"},{"floor":52,"key":"hexamod:DoubleChargePotion"}],"is_trial":false,"path_per_floor":["R","M","?","?","?","$","T","M","E","M","?","E","R","E","M","B",null,"R","M","?","M","M","E","T","M","R","E","M","M","R","M","M","B",null,"R","M","$","?","M","M","T","E","R","M","M","M","E","R","M","B",null,"E","$","R","B"],"character_chosen":"THE_SPIRIT","items_purchased":["Thread and Needle","War Paint","hexamod:StepThrough","hexamod:SwordOfDarkness"],"campfire_rested":4,"item_purchase_floors":[37,53,53,53],"current_hp_per_floor":[57,57,57,36,57,57,57,57,45,43,17,17,44,44,40,63,68,70,61,61,61,57,50,50,47,72,49,27,21,60,55,55,55,74,80,64,62,62,62,62,62,24,66,65,65,46,42,80,79,80,80,65,65,80,0,0,0],"gold":9,"neow_bonus":"THREE_ENEMY_KILL","is_daily":false,"chose_seed":false,"campfire_upgraded":4,"win_rate":0.0,"timestamp":1614425175,"path_taken":["R","M","?","?","?","?","T","M","E","?","?","E","R","E","M","BOSS","R","M","?","?","M","E","T","M","R","E","M","M","R","M","M","BOSS","R","M","$","?","?","M","T","E","R","M","M","M","E","R","M","BOSS","E","$","R","BOSS"],"items_purchased_type":["Relic","Relic","Card","Card"],"build_version":"2020-12-22","purchased_purges":1,"victory":false,"max_hp_per_floor":[63,63,63,63,63,63,63,63,63,63,63,63,63,70,70,70,70,70,70,70,70,70,70,70,70,80,80,80,80,80,80,80,80,80,80,80,80,80,80,80,80,80,80,80,80,80,80,80,80,80,80,80,80,80,80,80,80],"card_choices":[{"not_picked":["hexamod:SpectersWail","hexamod:ShieldOfDarkness"],"picked":"hexamod:Incineration","floor":2.0},{"not_picked":["hexamod:HeatMetal","hexamod:NightmareGuise"],"picked":"hexamod:RainOfEmbers","floor":6.0},{"not_picked":["hexamod:ThirdSeal","hexamod:Firestarter"],"picked":"hexamod:ThermalTransfer","floor":8.0},{"not_picked":["hexamod:ShieldOfDarkness","hexamod:GhostLash"],"picked":"hexamod:GiftsFromTheDead","floor":9.0},{"not_picked":["hexamod:ShieldOfDarkness","hexamod:Hexaguard"],"picked":"hexamod:EmpoweredFlame","floor":10.0},{"not_picked":["hexamod:GhostLash","hexamod:BurningTouch"],"picked":"hexamod:TimeWarp","floor":12.0},{"not_picked":["hexamod:PowerFromBeyond","hexamod:ChargedBarrage"],"picked":"hexamod:Hexaguard","floor":14.0},{"not_picked":["hexamod:PowerFromBeyond","hexamod:NecessarySacrifice"],"picked":"hexamod:GhostflameBarrier","floor":15.0},{"not_picked":["hexamod:UnleashSpirits","hexamod:SixthSeal"],"picked":"hexamod:TimeWarp","floor":16.0},{"not_picked":["hexamod:BacktrackSmack","hexamod:DynamicBlow"],"picked":"hexamod:ShieldOfDarkness","floor":19.0},{"not_picked":["hexamod:NightmareStrike","hexamod:InspiringFlames"],"picked":"hexamod:FastForward+1","floor":21.0},{"not_picked":["hexamod:Again","hexamod:GhostflameBarrier","hexamod:SuperheatedStrike"],"picked":"SKIP","floor":22.0},{"not_picked":["hexamod:HeatShield","hexamod:ChargedBarrage"],"picked":"hexamod:FlamesFromBeyond","floor":23.0},{"not_picked":["hexamod:HeatMetal","hexamod:GhostShield"],"picked":"hexamod:ShieldOfDarkness","floor":25.0},{"not_picked":["hexamod:GhostflameBarrier","hexamod:ShieldOfDarkness"],"picked":"hexamod:PhantomCloak","floor":27.0},{"not_picked":["hexamod:ShieldOfDarkness","hexamod:ChargedBarrage"],"picked":"hexamod:FlamesFromBeyond","floor":28.0},{"not_picked":["hexamod:SuperheatedStrike","hexamod:ApocalypticArmor"],"picked":"hexamod:PhantomCloak","floor":29.0},{"not_picked":["hexamod:FastForward","hexamod:Again"],"picked":"hexamod:GhostLash","floor":31.0},{"not_picked":["hexamod:FastForward","hexamod:HeatMetal"],"picked":"hexamod:GhostLash+1","floor":32.0},{"not_picked":["hexamod:SearingWound","hexamod:UnleashSpirits"],"picked":"hexamod:WildfireWeapon","floor":33.0},{"not_picked":["hexamod:NightmareGuise+1","hexamod:BurningTouch"],"picked":"hexamod:GhostLash","floor":36.0},{"not_picked":["hexamod:FastForward","hexamod:ExtraCrispy","hexamod:ThirdSeal"],"picked":"SKIP","floor":37.0},{"not_picked":["hexamod:InspiringFlames","hexamod:Rewind"],"picked":"hexamod:GhostOfSpireFuture","floor":39.0},{"not_picked":["hexamod:FastForward","hexamod:SwordOfDarkness"],"picked":"hexamod:FlamesFromBeyond","floor":40.0},{"not_picked":["hexamod:HauntingEcho","hexamod:Haunt"],"picked":"hexamod:FastForward+1","floor":42.0},{"not_picked":["hexamod:FlamesFromBeyond+1","hexamod:FastForward"],"picked":"hexamod:InspiringFlames+1","floor":44.0},{"not_picked":["hexamod:ShieldOfDarkness","hexamod:BacktrackSmack","hexamod:HeatCrush+1"],"picked":"SKIP","floor":45.0},{"not_picked":["hexamod:HeatMetal","hexamod:GhostShield"],"picked":"hexamod:SpectersWail","floor":46.0},{"not_picked":["hexamod:FlameSwitch","hexamod:HeatCrush"],"picked":"hexamod:HeatShield+1","floor":47},{"not_picked":["hexamod:SpectralAdrenaline+1","hexamod:ShieldOfDarkness+1"],"picked":"hexamod:Rewind+1","floor":49},{"not_picked":["hexamod:NightmareGuise","hexamod:SecondSeal"],"picked":"hexamod:HeatMetal+1","floor":52}],"player_experience":1984813,"relics_obtained":[{"floor":7.0,"key":"Eternal Feather"},{"floor":9.0,"key":"Orichalcum"},{"floor":12.0,"key":"Mercury Hourglass"},{"floor":14.0,"key":"Strawberry"},{"floor":23.0,"key":"Gambling Chip"},{"floor":27.0,"key":"Guardian:PocketSentry"},{"floor":41.0,"key":"Whetstone"},{"floor":42.0,"key":"InkBottle"},{"floor":47,"key":"MawBank"},{"floor":52,"key":"Happy Flower"}],"event_choices":[{"damage_healed":21.0,"max_hp_gain":0.0,"max_hp_loss":0.0,"gold_gain":0.0,"event_name":"Big Fish","player_choice":"Banana","floor":5.0,"gold_loss":0.0,"damage_taken":0.0},{"damage_healed":0.0,"max_hp_gain":0.0,"max_hp_loss":0.0,"gold_gain":0.0,"event_name":"Scrap Ooze","player_choice":"Success","floor":11.0,"gold_loss":0.0,"damage_taken":26.0,"relics_obtained":["Pantograph"]},{"damage_healed":0.0,"max_hp_gain":0.0,"max_hp_loss":0.0,"gold_gain":0.0,"event_name":"Accursed Blacksmith","player_choice":"Rummage","floor":20.0,"gold_loss":0.0,"damage_taken":0.0,"relics_obtained":["WarpedTongs"],"cards_obtained":["Pain"]},{"cards_removed":["downfall:Malfunctioning"],"damage_healed":0.0,"max_hp_gain":0.0,"max_hp_loss":0.0,"gold_gain":0.0,"event_name":"Bonfire Elementals","player_choice":"Offered Curse","floor":38.0,"gold_loss":0.0,"damage_taken":0.0,"relics_obtained":["Spirit Poop"]}],"is_beta":false,"boss_relics":[{"not_picked":["bronze:MakeshiftBattery","Snecko Eye"],"picked":"hexamod:IceCube"},{"not_picked":["Runic Dome","Astrolabe"],"picked":"expansioncontent:StudyCardRelic"}],"items_purged_floors":[37],"is_endless":false,"potions_floor_spawned":[9,12,14,19,21,28,29,31,33,39,40,42,47,49,52],"killed_by":"downfall:NeowBoss","ascension_level":15}}