{"host":"2sct7qpnpunnnd84","time":1614395469,"event":{"mods":["BaseMod","Googly Eyes","Minty Spire (QoL Compilation)","Quick Restart","Shop Mod","StSLib","The IronCluck"],"gold_per_floor":[118,118,131,148,168,168,179,144,144,144,162,179,197,214,214,309,309,323,323,364,391,391,391,351,138,138,138,157,157,181,200,200,311,311,332,341,563,590,1607,1607,1607,1607,1607,1013,1013,1047,43,72,72,72],"floor_reached":51,"language":"ENG","playtime":4200,"items_purged":["Normality","Normality"],"score":418,"play_id":"ee3a8047-967f-49a5-b6b1-1107b7439cc7","local_time":"20210226191109","is_ascension_mode":false,"campfire_choices":[{"data":"Blur","floor":6.0,"key":"SMITH"},{"floor":15.0,"key":"REST"},{"floor":23.0,"key":"REST"},{"floor":27.0,"key":"REST"},{"data":"Terror","floor":32.0,"key":"SMITH"},{"data":"Storm of Steel","floor":40.0,"key":"SMITH"},{"data":"After Image","floor":42.0,"key":"SMITH"},{"floor":49.0,"key":"REST"}],"circlet_count":0,"master_deck":["Strike_G+1","Strike_G+1","Strike_G+1","Strike_G+1","Defend_G+1","Defend_G+1","Defend_G+1","Defend_G+1","Defend_G+1","Survivor","Neutralize","Blade Dance","Blur+1","Infinite Blades+1","Finisher","Dagger Spray","Flechettes","Deadly Poison+1","Infinite Blades","Terror+1","CurseOfTheBell","Finisher+1","Poisoned Stab","Storm of Steel+1","Caltrops","Deadly Poison","Infinite Blades+1","After Image+1","Slice+1","Writhe","Deadly Poison","Cloak And Dagger","Footwork","Parasite","Cloak And Dagger","Bullet Time","Infinite Blades","Panache","Flying Knee+1"],"relics":["Ring of the Serpent","NeowsBlessing","The Specimen","Calling Bell","CeramicFish","Ninja Scroll","FossilizedHelix","Red Mask","Shuriken","Pantograph","Potion Belt","Bag of Marbles","Toy Ornithopter","Regal Pillow","Snake Skull","Strange Spoon"],"acts_visited":["Exordium","TheCity","TheBeyond"],"potions_floor_usage":[50,50,50,50,50,50,50,50,50,50,50],"damage_taken":[{"damage":0.0,"enemies":"Small Slimes","floor":1.0,"turns":1.0},{"damage":0.0,"enemies":"Cultist","floor":3.0,"turns":1.0},{"damage":0.0,"enemies":"Jaw Worm","floor":4.0,"turns":1.0},{"damage":0.0,"enemies":"Blue Slaver","floor":5.0,"turns":5.0},{"damage":16.0,"enemies":"3 Louse","floor":7.0,"turns":4.0},{"damage":5.0,"enemies":"Lots of Slimes","floor":11.0,"turns":2.0},{"damage":3.0,"enemies":"Exordium Thugs","floor":12.0,"turns":4.0},{"damage":4.0,"enemies":"Blue Slaver","floor":13.0,"turns":3.0},{"damage":0.0,"enemies":"Looter","floor":14.0,"turns":2.0},{"damage":41.0,"enemies":"The Guardian","floor":16.0,"turns":9.0},{"damage":12.0,"enemies":"2 Thieves","floor":18.0,"turns":3.0},{"damage":24.0,"enemies":"Masked Bandits","floor":20.0,"turns":6.0},{"damage":0.0,"enemies":"Spheric Guardian","floor":21.0,"turns":3.0},{"damage":3.0,"enemies":"Chosen and Byrds","floor":28.0,"turns":4.0},{"damage":5.0,"enemies":"Centurion and Healer","floor":30.0,"turns":5.0},{"damage":0.0,"enemies":"Snake Plant","floor":31.0,"turns":4.0},{"damage":52.0,"enemies":"Champ","floor":33.0,"turns":8.0},{"damage":12.0,"enemies":"3 Darklings","floor":35.0,"turns":3.0},{"damage":0.0,"enemies":"Orb Walker","floor":38.0,"turns":2.0},{"damage":0.0,"enemies":"Spire Growth","floor":45.0,"turns":1.0},{"damage":44.0,"enemies":"Writhing Mass","floor":46.0,"turns":7.0},{"damage":0.0,"enemies":"Sphere and 2 Shapes","floor":48.0,"turns":4.0},{"damage":28,"enemies":"Time Eater","floor":50,"turns":9}],"seed_played":"-2213477391452924483","potions_obtained":[{"floor":2.0,"key":"DistilledChaos"},{"floor":2.0,"key":"SneckoOil"},{"floor":2.0,"key":"EntropicBrew"},{"floor":7.0,"key":"Fire Potion"},{"floor":14.0,"key":"Fire Potion"},{"floor":16.0,"key":"Weak Potion"},{"floor":20.0,"key":"Dexterity Potion"},{"floor":21.0,"key":"Energy Potion"},{"floor":28.0,"key":"BlessingOfTheForge"},{"floor":31.0,"key":"EntropicBrew"},{"floor":35.0,"key":"AttackPotion"}],"is_trial":false,"path_per_floor":["M","?","M","M","M","R","M","?","T","?","M","M","M","M","R","B",null,"M","?","?","M","?","R","?","$","T","R","M","$","M","M","R","B",null,"M","?","?","M","?","R","T","R","T","$","M","M","$","M","R","B",null],"character_chosen":"THE_SILENT","items_purchased":["Storm of Steel","Caltrops","Cloak And Dagger","Footwork","Bag of Marbles","Toy Ornithopter","PowerPotion","SmokeBomb","Regal Pillow","Bullet Time","AttackPotion","PowerPotion","Infinite Blades","Panache","Snake Skull","Strange Spoon"],"campfire_rested":4,"item_purchase_floors":[25,25,44,44,44,44,44,44,47,47,47,47,47,47,47,47],"current_hp_per_floor":[70,70,70,70,70,70,54,70,70,70,65,62,58,58,70,29,70,58,58,34,39,39,60,60,60,60,70,67,67,62,62,62,10,70,58,70,70,70,70,70,70,70,70,70,70,26,26,36,70,53],"gold":72,"neow_bonus":"THREE_ENEMY_KILL","is_daily":false,"chose_seed":false,"campfire_upgraded":4,"win_rate":0.0,"timestamp":1614395469,"path_taken":["M","?","M","?","M","R","M","?","T","?","?","M","M","M","R","BOSS","M","?","?","M","?","R","?","$","T","R","M","$","?","M","R","BOSS","M","?","?","M","?","R","?","R","T","?","M","M","$","M","R","BOSS"],"items_purchased_type":["Card","Card","Card","Card","Relic","Relic","Potion","Potion","Relic","Card","Potion","Potion","Card","Card","Relic","Relic"],"build_version":"2020-12-22","purchased_purges":2,"victory":true,"max_hp_per_floor":[70,70,70,70,70,70,70,70,70,70,70,70,70,70,70,70,70,70,70,70,70,70,70,70,70,70,70,70,70,70,70,70,70,70,70,70,70,70,70,70,70,70,70,70,70,70,70,70,70,70],"card_choices":[{"not_picked":["Outmaneuver","Deadly Poison"],"picked":"Blade Dance","floor":1.0},{"not_picked":["Setup","Prepared"],"picked":"Blur","floor":3.0},{"not_picked":["Distraction","Leg Sweep"],"picked":"Infinite Blades","floor":4.0},{"not_picked":["Quick Slash","Flying Knee"],"picked":"Finisher","floor":5.0},{"not_picked":["Backflip","Calculated Gamble"],"picked":"Dagger Spray","floor":7.0},{"not_picked":["Dagger Throw","Dodge and Roll","Expertise"],"picked":"SKIP","floor":11.0},{"not_picked":["Wraith Form v2","Slice"],"picked":"Deadly Poison","floor":12.0},{"not_picked":["Calculated Gamble","Deadly Poison"],"picked":"Infinite Blades","floor":13.0},{"not_picked":["Leg Sweep","Slice"],"picked":"Terror","floor":14.0},{"not_picked":["Underhanded Strike","Riddle With Holes","Prepared"],"picked":"SKIP","floor":18.0},{"not_picked":["Dagger Spray","Outmaneuver"],"picked":"Finisher+1","floor":20.0},{"not_picked":["Bane","Prepared"],"picked":"Poisoned Stab","floor":21.0},{"not_picked":["Outmaneuver","Tactician","Acrobatics"],"picked":"SKIP","floor":28.0},{"not_picked":["Riddle With Holes","Outmaneuver"],"picked":"Deadly Poison","floor":30.0},{"not_picked":["Backflip","Deflect+1"],"picked":"Infinite Blades+1","floor":31.0},{"not_picked":["Die Die Die","Malaise"],"picked":"After Image","floor":33.0},{"not_picked":["Deflect","Skewer+1"],"picked":"Slice+1","floor":35.0},{"not_picked":["Dagger Throw","Poisoned Stab"],"picked":"Deadly Poison","floor":38.0},{"not_picked":["Backflip+1","Well Laid Plans+1"],"picked":"Cloak And Dagger","floor":46.0},{"not_picked":["Slice","Bane"],"picked":"Flying Knee+1","floor":48.0}],"player_experience":3498702,"relics_obtained":[{"floor":9.0,"key":"The Specimen"},{"floor":17.0,"key":"CeramicFish"},{"floor":17.0,"key":"Ninja Scroll"},{"floor":17.0,"key":"FossilizedHelix"},{"floor":20.0,"key":"Red Mask"},{"floor":26.0,"key":"Shuriken"},{"floor":41.0,"key":"Pantograph"},{"floor":43.0,"key":"Potion Belt"}],"event_choices":[{"damage_healed":0.0,"max_hp_gain":0.0,"max_hp_loss":0.0,"gold_gain":0.0,"event_name":"Lab","player_choice":"Got Potions","floor":2.0,"gold_loss":0.0,"damage_taken":0.0},{"damage_healed":17.0,"max_hp_gain":0.0,"max_hp_loss":0.0,"gold_gain":0.0,"event_name":"The Cleric","player_choice":"Healed","floor":8.0,"gold_loss":35.0,"damage_taken":0.0},{"damage_healed":0.0,"max_hp_gain":0.0,"max_hp_loss":0.0,"gold_gain":0.0,"cards_transformed":["Strike_G"],"event_name":"Transmorgrifier","player_choice":"Transformed","floor":10.0,"gold_loss":0.0,"damage_taken":0.0,"cards_obtained":["Flechettes"]},{"damage_healed":0.0,"max_hp_gain":0.0,"max_hp_loss":0.0,"gold_gain":0.0,"event_name":"Vampires","player_choice":"Ignored","floor":19.0,"gold_loss":0.0,"damage_taken":0.0},{"damage_healed":0.0,"max_hp_gain":0.0,"max_hp_loss":0.0,"gold_gain":0.0,"event_name":"Masked Bandits","player_choice":"Fought Bandits","floor":20.0,"gold_loss":0.0,"damage_taken":0.0},{"damage_healed":0.0,"max_hp_gain":0.0,"max_hp_loss":0.0,"gold_gain":0.0,"event_name":"Back to Basics","player_choice":"Simplicity","floor":22.0,"gold_loss":0.0,"damage_taken":0.0,"cards_upgraded":["Strike_G","Strike_G","Strike_G","Strike_G","Defend_G","Defend_G","Defend_G","Defend_G","Defend_G"]},{"damage_healed":0.0,"max_hp_gain":0.0,"max_hp_loss":0.0,"gold_gain":0.0,"event_name":"Designer","player_choice":"Upgraded Two","floor":24.0,"gold_loss":40.0,"damage_taken":0.0,"cards_upgraded":["Infinite Blades","Deadly Poison"]},{"damage_healed":18.0,"max_hp_gain":0.0,"max_hp_loss":0.0,"gold_gain":0.0,"event_name":"Winding Halls","player_choice":"Writhe","floor":36.0,"gold_loss":0.0,"damage_taken":0.0,"cards_obtained":["Writhe"]},{"damage_healed":0.0,"max_hp_gain":0.0,"max_hp_loss":0.0,"gold_gain":222.0,"event_name":"Tomb of Lord Red Mask","player_choice":"Wore Mask","floor":37.0,"gold_loss":0.0,"damage_taken":0.0},{"damage_healed":0.0,"max_hp_gain":0.0,"max_hp_loss":0.0,"gold_gain":999.0,"event_name":"MindBloom","player_choice":"Gold","floor":39.0,"gold_loss":0.0,"damage_taken":0.0,"cards_obtained":["Normality","Normality"]}],"is_beta":false,"boss_relics":[{"not_picked":["Astrolabe","Ectoplasm"],"picked":"Calling Bell"},{"not_picked":["HoveringKite","Velvet Choker"],"picked":"Ring of the Serpent"}],"items_purged_floors":[44,47],"is_endless":false,"potions_floor_spawned":[7,11,14,16,20,21,28,31,35,45],"ascension_level":0}}