{"host":"21o28mgl9u9ntir2","time":1614407532,"event":{"mods":["BaseMod","BetterRewards","Colored Powertips","Minty Spire (QoL Compilation)","Quick Restart","Remove Card Discount Mod","SOS（斯巴达之子）","Spicy Shops","StSLib","SuperFastMode","[IsaacMod]以撒尖塔","【遗物卡牌】REMEMod","残留之物"],"gold_per_floor":[109,109,125,125,200,200,225,241,241,259,273,298,298,1,1,77,77,97,97,116,130,118,144,144,162,235,36,89,105,105,148,148,230,230,255,278,278,291,311,352,133,133,186,219,248,84,84,114,114,117],"floor_reached":51,"language":"ZHS","playtime":1186,"items_purged":["PlaceholderMod:BaseStrike","PlaceholderMod:BaseStrike","PlaceholderMod:BaseStrike","PlaceholderMod:BaseStrike","PlaceholderMod:BaseStrike","PlaceholderMod:BaseDefend","PlaceholderMod:BaseDefend","PlaceholderMod:BaseDefend","PlaceholderMod:BaseStrike","PlaceholderMod:HardStinger","PlaceholderMod:BaseDefend","PlaceholderMod:BaseDefend","PlaceholderMod:CorePoison"],"score":1890,"play_id":"446bf189-7dac-45b6-962b-451e2f58de46","local_time":"20210227143212","is_ascension_mode":true,"campfire_choices":[{"floor":6.0,"key":"REST"},{"data":"PlaceholderMod:FinalSpray","floor":13,"key":"SMITH"},{"floor":15,"key":"REST"},{"data":"PlaceholderMod:DiffusionPoison","floor":24,"key":"SMITH"},{"data":"PlaceholderMod:PoisonAbsorb","floor":30,"key":"SMITH"},{"data":"PlaceholderMod:PoisonExcitation","floor":32,"key":"SMITH"},{"data":"PlaceholderMod:CorePoison","floor":42,"key":"SMITH"},{"data":"PlaceholderMod:DirectingGroup","floor":47,"key":"SMITH"},{"floor":49,"key":"REST"}],"circlet_count":0,"master_deck":["AscendersBane","PlaceholderMod:Crystal","PlaceholderMod:DirectingGroup+1","PlaceholderMod:FinalSpray+1","PlaceholderMod:DiffusionPoison+1","PlaceholderMod:PoisonExcitation+1","PlaceholderMod:PoisonAbsorb+1","PlaceholderMod:CorePoison+1","PlaceholderMod:HardStinger+1"],"relics":["PlaceholderMod:Tancle","HushsDoor","REME_ComplimentaryCards","DeathBook","Blood Vial","Dream Catcher","Potion Belt","InkBottle","PunchingBag","Singing Bowl","Kunai","Letter Opener","Bronze Scales","Chaos","Diplopia","SteamSale","GuppysPaw","Oddly Smooth Stone","REME_ArchaeologicalTools","Orichalcum","Art of War","Bottled Tornado","Incubus","Busted Crown","PlaceholderMod:Abhoth","Boot","Anchor"],"acts_visited":["Exordium","TheCity","TheBeyond"],"potions_floor_usage":[18,25,31,33,46,48,50,50],"damage_taken":[{"damage":4.0,"enemies":"Small Slimes","floor":1.0,"turns":5.0},{"damage":2.0,"enemies":"Jaw Worm","floor":3.0,"turns":5.0},{"damage":2.0,"enemies":"Lagavulin","floor":7.0,"turns":4.0},{"damage":0.0,"enemies":"2 Louse","floor":8.0,"turns":2.0},{"damage":4.0,"enemies":"Exordium Wildlife","floor":10.0,"turns":5.0},{"damage":7.0,"enemies":"3 Louse","floor":11.0,"turns":4.0},{"damage":24,"enemies":"3 Sentries","floor":12,"turns":10},{"damage":3,"enemies":"The Guardian","floor":16,"turns":5},{"damage":1,"enemies":"Spheric Guardian","floor":18,"turns":4},{"damage":9,"enemies":"Shell Parasite","floor":20,"turns":5},{"damage":13,"enemies":"Snecko","floor":21,"turns":4},{"damage":0,"enemies":"Slavers","floor":23,"turns":1},{"damage":0,"enemies":"3 Cultists","floor":25,"turns":2},{"damage":0,"enemies":"Snake Plant","floor":28,"turns":2},{"damage":18,"enemies":"Centurion and Healer","floor":29,"turns":4},{"damage":1,"enemies":"REME_1_Revenger","floor":31,"turns":3},{"damage":2,"enemies":"Champ","floor":33,"turns":7},{"damage":0,"enemies":"3 Shapes","floor":35,"turns":3},{"damage":0,"enemies":"Orb Walker","floor":36,"turns":2},{"damage":0,"enemies":"Writhing Mass","floor":38,"turns":3},{"damage":16,"enemies":"Spire Growth","floor":39,"turns":4},{"damage":12,"enemies":"Reptomancer","floor":40,"turns":3},{"damage":0,"enemies":"4 Shapes","floor":44,"turns":3},{"damage":0,"enemies":"Giant Head","floor":45,"turns":3},{"damage":0,"enemies":"Reptomancer","floor":48,"turns":2},{"damage":0,"enemies":"Time Eater","floor":50,"turns":3}],"seed_played":"8530241063276214486","potions_obtained":[{"floor":3.0,"key":"REME_GoldPotion"},{"floor":7.0,"key":"DistilledChaos"},{"floor":8.0,"key":"Explosive Potion"},{"floor":16,"key":"BlessingOfTheForge"},{"floor":18,"key":"GamblersBrew"},{"floor":23,"key":"Strength Potion"},{"floor":29,"key":"Energy Potion"},{"floor":38,"key":"FearPotion"},{"floor":39,"key":"Strength Potion"},{"floor":40,"key":"Fire Potion"},{"floor":48,"key":"Fruit Juice"}],"is_trial":false,"path_per_floor":["M","?","M","?","?","R","E","M","T","M","M","E","R","$","R","B",null,"M","?","M","M","$","E","R","M","T","$","M","M","R","E","R","B",null,"M","M","?","M","M","E","$","R","T","M","E","$","R","E","R","B",null],"character_chosen":"THE_PLACEHOLDER","items_purchased":["PlaceholderMod:HardStinger","Blood Vial","Dream Catcher","Potion Belt","InkBottle","Bronze Scales","Chaos","Oddly Smooth Stone","REME_ArchaeologicalTools","PlaceholderMod:CorePoison","Incubus","Boot","Fruit Juice","Regen Potion"],"campfire_rested":3,"item_purchase_floors":[0,0,0,0,0,14,14,27,27,34,41,46,46,46],"current_hp_per_floor":[31,31,31,31,20,43,45,49,49,49,44,24,24,24,51,50,78,79,79,72,63,63,67,67,71,71,71,75,61,61,62,62,64,87,91,95,97,101,87,79,79,79,79,83,87,92,92,101,123,123],"gold":117,"neow_bonus":"","is_daily":false,"chose_seed":false,"campfire_upgraded":6,"win_rate":0.0,"timestamp":1614407532,"path_taken":["M","?","M","?","?","R","E","?","T","M","M","E","R","$","R","BOSS","M","?","M","?","$","E","R","M","T","$","M","M","R","E","R","BOSS","M","M","?","M","M","E","$","R","T","M","E","?","R","E","R","BOSS"],"items_purchased_type":["Card","Relic","Relic","Relic","Relic","Relic","Card","Relic","Relic","Card","Relic","Relic","Potion","Potion"],"build_version":"2020-12-22","purchased_purges":13,"victory":true,"max_hp_per_floor":[77,77,77,77,77,77,79,81,81,83,83,85,85,85,87,87,87,87,87,87,89,89,91,91,93,93,93,95,97,97,97,97,99,95,97,99,101,103,103,105,105,105,105,107,109,114,114,121,123,123],"card_choices":[{"not_picked":["PlaceholderMod:HardStrike","PlaceholderMod:OHStrongAttack"],"picked":"PlaceholderMod:DirectingGroup","floor":1.0},{"not_picked":["PlaceholderMod:Polyp","PlaceholderMod:HardStrike","PlaceholderMod:ReactionCatalyze"],"picked":"SKIP","floor":3.0},{"not_picked":["PlaceholderMod:Hyperplasia","PlaceholderMod:OHStrongAttack","PlaceholderMod:ThreeBenzyolStart"],"picked":"Singing Bowl","floor":7.0},{"not_picked":["PlaceholderMod:Internalization","PlaceholderMod:HardStinger","PlaceholderMod:HardStrike"],"picked":"Singing Bowl","floor":8.0},{"not_picked":["PlaceholderMod:Polyp","PlaceholderMod:DirectingGroup","PlaceholderMod:OHStrongAttack"],"picked":"Singing Bowl","floor":10.0},{"not_picked":["PlaceholderMod:HardStinger","PlaceholderMod:ParasiteChange"],"picked":"PlaceholderMod:FinalSpray","floor":11.0},{"not_picked":["PlaceholderMod:Inner","PlaceholderMod:SevereHeat","PlaceholderMod:HardStinger"],"picked":"Singing Bowl","floor":12},{"not_picked":["PlaceholderMod:DissolvingSpikes","PlaceholderMod:Corrosion","PlaceholderMod:OHStrongAttack"],"picked":"Singing Bowl","floor":15},{"not_picked":["PlaceholderMod:BlastSpray","PlaceholderMod:MultiReaction"],"picked":"PlaceholderMod:DiffusionPoison","floor":16},{"not_picked":["PlaceholderMod:Break+1","PlaceholderMod:Turn"],"picked":"PlaceholderMod:PoisonExcitation","floor":18},{"not_picked":["PlaceholderMod:Crystallization","PlaceholderMod:TriggerStrike"],"picked":"PlaceholderMod:PoisonAbsorb","floor":20},{"not_picked":["PlaceholderMod:OHStrongAttack","PlaceholderMod:SpinBlade","PlaceholderMod:Polyp"],"picked":"Singing Bowl","floor":21},{"not_picked":["PlaceholderMod:SeverePoisonStrike","PlaceholderMod:BlastSpray","PlaceholderMod:HornyBlast"],"picked":"Singing Bowl","floor":23},{"not_picked":["PlaceholderMod:DissolvingSpikes","PlaceholderMod:Internalization","PlaceholderMod:NearChange"],"picked":"Singing Bowl","floor":25},{"not_picked":["PlaceholderMod:Polyp","PlaceholderMod:Colorful+1","PlaceholderMod:NearChange"],"picked":"Singing Bowl","floor":28},{"not_picked":["PlaceholderMod:MultipleOxi","PlaceholderMod:CycleAttack","PlaceholderMod:ThreeBenzyolStart"],"picked":"Singing Bowl","floor":29},{"not_picked":["PlaceholderMod:SeverePoisonStrike","PlaceholderMod:Sweep"],"picked":"PlaceholderMod:CorePoison","floor":31},{"not_picked":["PlaceholderMod:AbsorbTouch","PlaceholderMod:QualitativeChange","PlaceholderMod:MultiReaction"],"picked":"Singing Bowl","floor":33},{"not_picked":["PlaceholderMod:OHStrongAttack","PlaceholderMod:StressReaction","PlaceholderMod:CrystallizationStrike"],"picked":"Singing Bowl","floor":35},{"not_picked":["PlaceholderMod:Polyp","PlaceholderMod:Hard","PlaceholderMod:HornyBlast"],"picked":"Singing Bowl","floor":36},{"not_picked":["REME_TheoryOfElimination","Enlightenment","REME_WheelOfFate"],"picked":"Singing Bowl","floor":37},{"not_picked":["PlaceholderMod:Sweep","PlaceholderMod:Colorful","PlaceholderMod:DissolvingSpikes"],"picked":"Singing Bowl","floor":38},{"not_picked":["PlaceholderMod:Colorful","PlaceholderMod:Corrosion"],"picked":"PlaceholderMod:HardStinger+1","floor":39},{"not_picked":["PlaceholderMod:ConsolidateHit","PlaceholderMod:Corrosion","PlaceholderMod:SprayAttack"],"picked":"Singing Bowl","floor":40},{"not_picked":["PlaceholderMod:ParasiteChange"],"picked":"Singing Bowl","floor":44},{"not_picked":["PlaceholderMod:HardStinger"],"picked":"Singing Bowl","floor":45},{"not_picked":["PlaceholderMod:SubstitutionNucleophilic1"],"picked":"Singing Bowl","floor":48},{"not_picked":["PlaceholderMod:ParasiteChange"],"picked":"Singing Bowl","floor":49}],"player_experience":778052,"relics_obtained":[{"floor":7.0,"key":"Singing Bowl"},{"floor":9.0,"key":"Kunai"},{"floor":12,"key":"Letter Opener"},{"floor":23,"key":"SteamSale"},{"floor":26,"key":"GuppysPaw"},{"floor":31,"key":"Orichalcum"},{"floor":40,"key":"Bottled Tornado"},{"floor":43,"key":"Busted Crown"},{"floor":45,"key":"PlaceholderMod:Abhoth"},{"floor":48,"key":"Anchor"}],"event_choices":[{"damage_healed":0.0,"max_hp_gain":0.0,"max_hp_loss":0.0,"gold_gain":0.0,"event_name":"Golden Wing","player_choice":"Ignored","floor":2.0,"gold_loss":0.0,"damage_taken":0.0},{"damage_healed":0.0,"max_hp_gain":0.0,"max_hp_loss":0.0,"gold_gain":75.0,"event_name":"World of Goop","player_choice":"Gather Gold","floor":5.0,"gold_loss":0.0,"damage_taken":11.0},{"cards_removed":["PlaceholderMod:PoisonWhip"],"damage_healed":0,"gold_gain":0,"player_choice":"Elegance","damage_taken":0,"max_hp_gain":0,"max_hp_loss":0,"event_name":"Back to Basics","floor":19,"gold_loss":0},{"damage_healed":0,"gold_gain":0,"player_choice":"Memory 1","damage_taken":0,"max_hp_gain":0,"max_hp_loss":0,"event_name":"SensoryStone","floor":37,"gold_loss":0}],"is_beta":false,"boss_relics":[{"not_picked":["Whetstone","Bag of Marbles"],"picked":"Diplopia"},{"not_picked":[]},{"not_picked":["BFFS","Unceasing Top"],"picked":"Art of War"},{"not_picked":[]}],"items_purged_floors":[14,14,22,22,22,22,22,22,41,41,41,41,41],"is_endless":false,"potions_floor_spawned":[3,7,8,16,18,23,29,38,39,40,48],"ascension_level":15}}