{"host":"irkvb15aeca84r2v","time":1614402318,"event":{"mods":["AchievementEnabler","BaseMod","Better Note","Block Reminder","Minty Spire (QoL Compilation)","Permanent Neow","Quick Restart","StSLib"],"gold_per_floor":[119,131,131,131,150,150,165,135,135,135,168,181,181,146,146,249,249,263,275,275,275,200,200,200,200,200,200,213,213,248,248,248],"floor_reached":31,"language":"ENG","playtime":1255,"items_purged":["Strike_R"],"score":251,"play_id":"a532640e-5bd0-4c4b-ac06-01e9771c044f","local_time":"20210226230518","is_ascension_mode":false,"campfire_choices":[{"floor":6,"key":"RECALL"},{"data":"Armaments","floor":10,"key":"SMITH"},{"floor":15,"key":"REST"},{"data":"Demon Form","floor":23,"key":"SMITH"},{"data":"True Grit","floor":24,"key":"SMITH"},{"data":"Double Tap","floor":27,"key":"SMITH"}],"circlet_count":0,"master_deck":["Strike_R","Strike_R","Strike_R","Defend_R","Defend_R","Defend_R","Defend_R","Bash+1","Armaments","Shrug It Off","Impervious","Armaments+1","Demon Form+1","Power Through","Double Tap+1","Searing Blow","True Grit+1","Searing Blow","Heavy Blade"],"relics":["Burning Blood","WingedGreaves","TungstenRod","Kunai","Runic Dome","Unceasing Top"],"acts_visited":["Exordium","TheCity"],"potions_floor_usage":[28,30,31],"damage_taken":[{"damage":0,"enemies":"2 Louse","floor":1,"turns":3},{"damage":15,"enemies":"Cultist","floor":2,"turns":4},{"damage":0,"enemies":"Small Slimes","floor":5,"turns":3},{"damage":6,"enemies":"2 Fungi Beasts","floor":7,"turns":5},{"damage":5,"enemies":"Looter","floor":8,"turns":4},{"damage":25,"enemies":"3 Sentries","floor":11,"turns":8},{"damage":7,"enemies":"Red Slaver","floor":12,"turns":5},{"damage":14,"enemies":"Hexaghost","floor":16,"turns":12},{"damage":25,"enemies":"Chosen","floor":18,"turns":6},{"damage":8,"enemies":"3 Byrds","floor":19,"turns":8},{"damage":11,"enemies":"Centurion and Healer","floor":28,"turns":7},{"damage":53,"enemies":"Book of Stabbing","floor":30,"turns":8},{"damage":12,"enemies":"Snake Plant","floor":31,"turns":3}],"seed_played":"-871064744074739706","potions_obtained":[{"floor":1,"key":"CultistPotion"},{"floor":11,"key":"DuplicationPotion"},{"floor":18,"key":"DistilledChaos"},{"floor":28,"key":"Block Potion"}],"is_trial":false,"path_per_floor":["M","M","?","?","M","R","M","M","T","R","E","M","?","?","R","B",null,"M","M","?","?","$","R","R","$","T","R","M","?","E","M"],"character_chosen":"IRONCLAD","items_purchased":[],"campfire_rested":1,"item_purchase_floors":[],"current_hp_per_floor":[80,71,55,55,61,61,61,62,62,62,43,42,36,56,80,72,80,61,59,59,59,59,59,59,59,59,59,54,54,7,0,0],"gold":248,"neow_bonus":"THREE_CARDS","is_daily":false,"chose_seed":false,"campfire_upgraded":4,"win_rate":0.0,"timestamp":1614402318,"path_taken":["M","M","?","?","?","R","M","M","T","R","E","M","?","?","R","BOSS","M","M","?","?","$","R","R","$","T","R","?","?","E","M"],"items_purchased_type":[],"build_version":"2020-12-22","purchased_purges":1,"victory":false,"max_hp_per_floor":[80,80,80,80,80,80,80,80,80,80,80,80,80,80,80,80,80,80,80,80,80,80,80,80,80,80,80,80,80,80,80,80],"card_choices":[{"not_picked":["Clothesline","Spot Weakness"],"picked":"Armaments","floor":0},{"not_picked":["Dropkick","Havoc"],"picked":"Shrug It Off","floor":1},{"not_picked":["Clothesline","Entrench"],"picked":"Wild Strike","floor":2},{"not_picked":["Body Slam","Whirlwind"],"picked":"Impervious","floor":5},{"not_picked":["Flex","Sword Boomerang"],"picked":"Armaments","floor":7},{"not_picked":["Intimidate","Rampage"],"picked":"Demon Form","floor":8},{"not_picked":["Rage","Disarm","Havoc"],"picked":"SKIP","floor":11},{"not_picked":["Second Wind","Twin Strike"],"picked":"Power Through","floor":12},{"not_picked":["Fiend Fire","Corruption"],"picked":"Double Tap","floor":16},{"not_picked":["Disarm+1","Pommel Strike"],"picked":"Searing Blow","floor":18},{"not_picked":["Anger","Twin Strike+1"],"picked":"True Grit","floor":19},{"not_picked":["Disarm+1","Perfected Strike","Thunderclap+1"],"picked":"SKIP","floor":28},{"not_picked":["Fire Breathing","Wild Strike+1"],"picked":"Heavy Blade","floor":30}],"player_experience":339961,"relics_obtained":[{"floor":9,"key":"TungstenRod"},{"floor":11,"key":"Kunai"},{"floor":30,"key":"Unceasing Top"}],"event_choices":[{"damage_healed":0,"gold_gain":0,"player_choice":"Entered Light","damage_taken":16,"max_hp_gain":0,"max_hp_loss":0,"event_name":"Shining Light","floor":3,"gold_loss":0,"cards_upgraded":["Bash","Wild Strike"]},{"cards_removed":["Wild Strike"],"damage_healed":0,"gold_gain":0,"player_choice":"Gave Card","damage_taken":0,"relics_obtained":["WingedGreaves"],"max_hp_gain":0,"max_hp_loss":0,"event_name":"WeMeetAgain","floor":4,"gold_loss":0},{"cards_removed":["Strike_R"],"damage_healed":0,"gold_gain":0,"player_choice":"Card Removal","damage_taken":7,"max_hp_gain":0,"max_hp_loss":0,"event_name":"Golden Wing","floor":13,"gold_loss":0},{"damage_healed":20,"gold_gain":0,"player_choice":"Healed","damage_taken":0,"max_hp_gain":0,"max_hp_loss":0,"event_name":"The Cleric","floor":14,"gold_loss":35},{"damage_healed":0,"gold_gain":0,"player_choice":"Got Potions","damage_taken":0,"max_hp_gain":0,"max_hp_loss":0,"event_name":"Lab","floor":20,"gold_loss":0},{"damage_healed":0,"gold_gain":0,"player_choice":"Take","damage_taken":0,"max_hp_gain":0,"max_hp_loss":0,"event_name":"betterNote:BetterNote","floor":21,"gold_loss":0,"cards_obtained":["Searing Blow"]},{"damage_healed":0,"gold_gain":0,"player_choice":"Ignored","damage_taken":0,"max_hp_gain":0,"max_hp_loss":0,"event_name":"Vampires","floor":29,"gold_loss":0}],"is_beta":false,"boss_relics":[{"not_picked":["Snecko Eye","Empty Cage"],"picked":"Runic Dome"}],"items_purged_floors":[22],"is_endless":false,"potions_floor_spawned":[1,11,18,28],"killed_by":"Snake Plant","ascension_level":0}}