{"host":"928gv66myv2vlnsd","time":1614413821,"event":{"mods":["BaseMod","Highlight Path","Minty Spire (QoL Compilation)","Relic Stats","StSLib"],"gold_per_floor":[117,133,153,153,168,202,217,217,217,227,238,271,271,117,117,190,190,203,219,238,238,307,307,307],"floor_reached":23,"language":"ENG","playtime":986,"items_purged":["Strike_R"],"score":410,"play_id":"c306baed-697d-42f6-b75f-bb35656c553d","local_time":"20210227031701","is_ascension_mode":true,"campfire_choices":[{"data":"Sword Boomerang","floor":8,"key":"SMITH"},{"data":"Disarm","floor":13,"key":"SMITH"},{"data":"Metallicize","floor":15,"key":"SMITH"}],"circlet_count":0,"master_deck":["AscendersBane","Strike_R","Strike_R","Defend_R","Defend_R","Defend_R","Defend_R","Bash","Sword Boomerang+1","Shockwave","Impervious","Spot Weakness","Whirlwind","Dual Wield","Disarm+1","Metallicize+1","Feed","True Grit","Double Tap","Shockwave","Anger"],"relics":["Burning Blood","NeowsBlessing","FaceOfCleric","Meat on the Bone","Pantograph","Sozu","StrikeDummy"],"acts_visited":["Exordium","TheCity"],"potions_floor_usage":[12,23],"damage_taken":[{"damage":0,"enemies":"Cultist","floor":1,"turns":1},{"damage":0,"enemies":"2 Louse","floor":2,"turns":1},{"damage":0,"enemies":"Jaw Worm","floor":3,"turns":1},{"damage":17,"enemies":"Looter","floor":5,"turns":3},{"damage":56,"enemies":"Gremlin Nob","floor":6,"turns":5},{"damage":2,"enemies":"Exordium Wildlife","floor":7,"turns":4},{"damage":7,"enemies":"Large Slime","floor":10,"turns":4},{"damage":6,"enemies":"Red Slaver","floor":11,"turns":4},{"damage":45,"enemies":"3 Sentries","floor":12,"turns":5},{"damage":30,"enemies":"The Guardian","floor":16,"turns":15},{"damage":40,"enemies":"Chosen","floor":18,"turns":7},{"damage":27,"enemies":"Shell Parasite","floor":19,"turns":9},{"damage":9,"enemies":"Centurion and Healer","floor":20,"turns":10},{"damage":70,"enemies":"Slavers","floor":23,"turns":4}],"seed_played":"-6281774147494086488","potions_obtained":[{"floor":2,"key":"CultistPotion"},{"floor":6,"key":"ColorlessPotion"},{"floor":12,"key":"Strength Potion"}],"is_trial":false,"path_per_floor":["M","M","M","?","M","E","M","R","T","M","M","E","R","$","R","B",null,"M","M","M","?","T","E"],"character_chosen":"IRONCLAD","items_purchased":["Metallicize"],"campfire_rested":0,"item_purchase_floors":[14],"current_hp_per_floor":[74,75,75,75,65,16,33,33,33,45,58,32,32,32,32,46,73,55,50,63,63,63,0,0],"gold":307,"neow_bonus":"THREE_ENEMY_KILL","is_daily":false,"chose_seed":false,"campfire_upgraded":3,"win_rate":0.0,"timestamp":1614413821,"path_taken":["M","?","M","?","M","E","M","R","T","M","M","E","R","$","R","BOSS","M","M","?","?","?","E"],"items_purchased_type":["Card"],"build_version":"2020-12-22","purchased_purges":1,"victory":false,"max_hp_per_floor":[75,75,75,75,76,77,78,78,78,79,80,81,81,81,81,82,82,86,90,94,94,94,94,94],"relic_stats":{"Sozu":2,"FaceOfCleric":10,"counters":[14,73],"Pantograph":25,"obtain_stats":[{"Sozu":17,"NeowsBlessing":0,"FaceOfCleric":4,"Pantograph":12,"StrikeDummy":22,"Burning Blood":0,"Meat on the Bone":6},{"Sozu":10,"NeowsBlessing":0,"FaceOfCleric":3,"Pantograph":9,"StrikeDummy":13,"Burning Blood":0,"Meat on the Bone":5},{"Sozu":43,"NeowsBlessing":0,"FaceOfCleric":3,"Pantograph":28,"StrikeDummy":69,"Burning Blood":0,"Meat on the Bone":11}],"Burning Blood":67,"Meat on the Bone":96},"card_choices":[{"not_picked":["Anger","Clothesline"],"picked":"Sword Boomerang","floor":1},{"not_picked":["Metallicize","Heavy Blade"],"picked":"Shockwave","floor":2},{"not_picked":["Rage","Twin Strike"],"picked":"Impervious","floor":3},{"not_picked":["Entrench","Warcry"],"picked":"Spot Weakness","floor":5},{"not_picked":["Flex","Anger","Twin Strike"],"picked":"SKIP","floor":6},{"not_picked":["Carnage","Clash"],"picked":"Whirlwind","floor":7},{"not_picked":["Cleave","Havoc"],"picked":"Dual Wield","floor":10},{"not_picked":["Bloodletting","Juggernaut","Cleave"],"picked":"SKIP","floor":11},{"not_picked":["Blood for Blood","Clothesline"],"picked":"Disarm","floor":12},{"not_picked":["Fiend Fire","Double Tap"],"picked":"Feed","floor":16},{"not_picked":["Anger","Warcry"],"picked":"True Grit","floor":18},{"not_picked":["Armaments","Inflame","Iron Wave"],"picked":"SKIP","floor":19},{"not_picked":["Warcry","Rupture+1","Double Tap"],"picked":"SKIP","floor":20},{"not_picked":["Warcry","Rupture+1"],"picked":"Double Tap","floor":20}],"player_experience":1489494,"relics_obtained":[{"floor":6,"key":"Meat on the Bone"},{"floor":12,"key":"Pantograph"},{"floor":22,"key":"StrikeDummy"}],"event_choices":[{"damage_healed":0,"gold_gain":0,"player_choice":"Trade","damage_taken":0,"relics_obtained":["FaceOfCleric"],"max_hp_gain":0,"max_hp_loss":0,"event_name":"FaceTrader","floor":4,"gold_loss":0},{"damage_healed":0,"gold_gain":0,"cards_transformed":["Strike_R","Strike_R"],"player_choice":"Became Test Subject","damage_taken":0,"max_hp_gain":0,"max_hp_loss":0,"event_name":"Drug Dealer","floor":21,"gold_loss":0,"cards_obtained":["Shockwave","Anger"]}],"is_beta":false,"boss_relics":[{"not_picked":["Mark of Pain","Runic Dome"],"picked":"Sozu"}],"items_purged_floors":[14],"is_endless":false,"potions_floor_spawned":[2,6,7,12,16,18,19],"killed_by":"Slavers","ascension_level":20}}