{"host":"8th1b252t61ilvte","time":1614393010,"event":{"mods":["BaseMod","Better Altar","Better Match","Better Note","Better Sensory Stone","Better Skull","Better Third Choice","Colored Map","Hermit","Minty Spire (QoL Compilation)","Permanent Neow","Relic Stats","StSLib","The IronCluck","The Problem Sleuth","everything is the same but u backflip on backflip"],"gold_per_floor":[118,268,268,193,207,207,234,244,244,244,244,27,27,44,44,116,116,126,126,35,35,46,46,0,0,26,54,54,54,68,86,86,86,86],"floor_reached":33,"language":"ENG","playtime":1705,"items_purged":["Doubt"],"score":473,"play_id":"eb0e7ba0-c6ce-4c49-942a-3bb9d20afe52","local_time":"20210226213010","is_ascension_mode":true,"campfire_choices":[{"data":"TalkToTheHand","floor":6,"key":"SMITH"},{"data":"WaveOfTheHand","floor":11,"key":"SMITH"},{"data":"Scrawl","floor":13,"key":"SMITH"},{"floor":15,"key":"REST"},{"floor":23,"key":"REST"},{"data":"Enlightenment","floor":25,"key":"SMITH"},{"data":"Halt","floor":32,"key":"SMITH"}],"circlet_count":0,"master_deck":["AscendersBane","Defend_P","Defend_P","Eruption+1","Vigilance+1","TalkToTheHand+1","Scrawl+1","FollowUp","WaveOfTheHand+1","FlyingSleeves+1","TalkToTheHand+1","FollowUp","Consecrate+1","LessonLearned","Wallop+1","Protect+1","CutThroughFate+1","Enlightenment+1","Halt","Halt+1","WheelKick+1"],"relics":["PureWater","Darkstone Periapt","Centennial Puzzle","DollysMirror","Bloody Idol","Strawberry","Molten Egg 2","MutagenicStrength","Nloth\u0027s Gift"],"acts_visited":["Exordium","TheCity"],"potions_floor_usage":[19,33,33],"damage_taken":[{"damage":4,"enemies":"Jaw Worm","floor":1,"turns":3},{"damage":2,"enemies":"Cultist","floor":5,"turns":3},{"damage":18,"enemies":"Lagavulin","floor":7,"turns":10},{"damage":0,"enemies":"2 Louse","floor":8,"turns":3},{"damage":0,"enemies":"2 Fungi Beasts","floor":14,"turns":3},{"damage":22,"enemies":"Hexaghost","floor":16,"turns":5},{"damage":1,"enemies":"Shell Parasite","floor":18,"turns":3},{"damage":0,"enemies":"2 Thieves","floor":19,"turns":1},{"damage":6,"enemies":"Cultist and Chosen","floor":22,"turns":8},{"damage":4,"enemies":"Gremlin Leader","floor":27,"turns":5},{"damage":0,"enemies":"Centurion and Healer","floor":30,"turns":4},{"damage":0,"enemies":"Snake Plant","floor":31,"turns":6},{"damage":61,"enemies":"Automaton","floor":33,"turns":10}],"seed_played":"-1084264376805457299","potions_obtained":[{"floor":1,"key":"Energy Potion"},{"floor":8,"key":"SmokeBomb"},{"floor":30,"key":"BottledMiracle"}],"is_trial":false,"path_per_floor":["M","?","?","$","M","R","E","M","T","?","R","$","R","M","R","B",null,"M","M","$","?","M","R","?","R","T","E","?","?","M","M","R","B"],"character_chosen":"WATCHER","items_purchased":["DollysMirror","FollowUp","Enlightenment"],"campfire_rested":2,"item_purchase_floors":[12,12,20],"current_hp_per_floor":[39,39,39,39,37,37,19,19,19,19,19,19,19,19,39,17,55,54,54,54,17,16,36,36,36,48,49,49,49,54,59,59,0,0],"gold":86,"neow_bonus":"REMOVE_TWO","is_daily":false,"chose_seed":false,"campfire_upgraded":5,"win_rate":0.0,"timestamp":1614393010,"path_taken":["M","?","?","$","?","R","E","M","T","?","R","$","R","M","R","BOSS","M","M","$","?","M","R","?","R","T","E","?","?","?","M","R","BOSS"],"items_purchased_type":["Relic","Card","Card"],"build_version":"2020-12-22","purchased_purges":1,"victory":false,"max_hp_per_floor":[68,68,68,68,68,68,68,68,68,68,68,68,68,68,68,68,68,68,68,68,68,68,68,68,68,75,75,75,75,75,75,75,75,75],"relic_stats":{"Darkstone Periapt":0,"Centennial Puzzle":[15],"counters":[13,64],"Bloody Idol":25,"Nloth\u0027s Gift":1,"obtain_stats":[{"Darkstone Periapt":7,"Centennial Puzzle":9,"DollysMirror":12,"Astrolabe":17,"Bloody Idol":21,"Strawberry":26,"MutagenicStrength":28,"Molten Egg 2":27,"Nloth\u0027s Gift":29,"PureWater":0},{"Darkstone Periapt":3,"Centennial Puzzle":4,"DollysMirror":4,"Astrolabe":6,"Bloody Idol":8,"Strawberry":9,"MutagenicStrength":10,"Molten Egg 2":10,"Nloth\u0027s Gift":10,"PureWater":0},{"Darkstone Periapt":16,"Centennial Puzzle":19,"DollysMirror":19,"Astrolabe":27,"Bloody Idol":31,"Strawberry":39,"MutagenicStrength":44,"Molten Egg 2":44,"Nloth\u0027s Gift":44,"PureWater":0}]},"card_choices":[{"not_picked":["Nirvana","EmptyBody"],"picked":"TalkToTheHand","floor":1},{"not_picked":["CutThroughFate","BattleHymn"],"picked":"FollowUp","floor":5},{"not_picked":["EmptyMind","Consecrate"],"picked":"WaveOfTheHand","floor":7},{"not_picked":["WindmillStrike","Consecrate"],"picked":"FlyingSleeves","floor":8},{"not_picked":["WreathOfFlame","EmptyFist"],"picked":"Consecrate","floor":14},{"not_picked":["DeusExMachina","Judgement"],"picked":"LessonLearned","floor":16},{"not_picked":["Crescendo","Fasting2","ReachHeaven+1"],"picked":"SKIP","floor":18},{"not_picked":["Crescendo","Fasting2","ReachHeaven+1"],"picked":"SKIP","floor":18},{"not_picked":["Prostrate+1","CrushJoints"],"picked":"Halt","floor":22},{"not_picked":["Study","WaveOfTheHand","Conclude+1"],"picked":"SKIP","floor":27},{"not_picked":["FlyingSleeves+1","EmptyFist+1"],"picked":"Halt","floor":30},{"not_picked":["DeusExMachina","BowlingBash+1"],"picked":"WheelKick+1","floor":31}],"player_experience":1167840,"relics_obtained":[{"floor":7,"key":"Darkstone Periapt"},{"floor":9,"key":"Centennial Puzzle"},{"floor":26,"key":"Strawberry"},{"floor":27,"key":"Molten Egg 2"}],"event_choices":[{"damage_healed":0,"gold_gain":150,"player_choice":"AGREE","damage_taken":118,"max_hp_gain":0,"max_hp_loss":0,"event_name":"betterThird:BetterSerpent","floor":2,"gold_loss":0},{"damage_healed":0,"gold_gain":0,"cards_transformed":["Strike_P"],"player_choice":"Transformed","damage_taken":0,"max_hp_gain":0,"max_hp_loss":0,"event_name":"Transmorgrifier","floor":3,"gold_loss":0,"cards_obtained":["Scrawl"]},{"damage_healed":0,"gold_gain":0,"player_choice":"Grow","damage_taken":0,"max_hp_gain":0,"max_hp_loss":0,"event_name":"Living Wall","floor":10,"gold_loss":0,"cards_upgraded":["Eruption"]},{"damage_healed":0,"gold_gain":0,"player_choice":" Idol ","damage_taken":37,"relics_obtained":["Bloody Idol"],"max_hp_gain":54,"max_hp_loss":17,"event_name":"betterAltar:BetterAltar","floor":21,"potions_obtained":[],"relics_lost":[],"gold_loss":0},{"damage_healed":0,"gold_gain":0,"player_choice":"Paid Fearfully","damage_taken":0,"max_hp_gain":0,"max_hp_loss":0,"event_name":"Masked Bandits","floor":24,"gold_loss":46},{"damage_healed":0,"gold_gain":0,"player_choice":"Inject Mutagens","damage_taken":0,"relics_obtained":["MutagenicStrength"],"max_hp_gain":0,"max_hp_loss":0,"event_name":"Drug Dealer","floor":28,"gold_loss":0},{"damage_healed":0,"gold_gain":0,"player_choice":"Traded Relic","damage_taken":0,"relics_obtained":["Nloth\u0027s Gift"],"max_hp_gain":0,"max_hp_loss":0,"event_name":"N\u0027loth","floor":29,"relics_lost":["Astrolabe"],"gold_loss":0}],"is_beta":false,"boss_relics":[{"not_picked":["Runic Pyramid","Fusion Hammer"],"picked":"Astrolabe"}],"items_purged_floors":[4],"is_endless":false,"potions_floor_spawned":[1,8,18,30],"killed_by":"Automaton","ascension_level":16}}