{"host":"mvhzznpw3ffw85pv","time":1614417069,"event":{"mods":["AchievementEnabler","BaseMod","Bestiary","Block Reminder","Colored Map","Highlight Path","Minty Spire (QoL Compilation)","Relic Stats"],"gold_per_floor":[15,33,33,33,47,47,78,78,78,153,153,169,22,36,36,132,132,156,156,180,200,214,214,214],"floor_reached":23,"language":"ENG","playtime":1186,"items_purged":["Strike_P"],"score":328,"play_id":"607fe9e5-cd36-499b-b8c0-783c0c1302fc","local_time":"20210227041109","is_ascension_mode":true,"campfire_choices":[{"data":"CutThroughFate","floor":6,"key":"SMITH"},{"data":"Vigilance","floor":8,"key":"SMITH"},{"floor":11,"key":"REST"},{"data":"WaveOfTheHand","floor":15,"key":"SMITH"}],"circlet_count":0,"master_deck":["AscendersBane","Strike_P","Strike_P","Strike_P","Defend_P","Defend_P","Defend_P","Defend_P","Eruption","Vigilance+1","Alpha+1","CutThroughFate+1","Sanctity","WaveOfTheHand+1","Vault","Writhe","ThirdEye"],"relics":["PureWater","Golden Idol","Bird Faced Urn","Blue Candle","Coffee Dripper","StrikeDummy"],"acts_visited":["Exordium","TheCity"],"potions_floor_usage":[7],"damage_taken":[{"damage":11,"enemies":"Small Slimes","floor":1,"turns":5},{"damage":6,"enemies":"2 Louse","floor":2,"turns":4},{"damage":4,"enemies":"Jaw Worm","floor":5,"turns":3},{"damage":7,"enemies":"Lagavulin","floor":7,"turns":5},{"damage":1,"enemies":"Large Slime","floor":12,"turns":4},{"damage":7,"enemies":"Looter","floor":14,"turns":3},{"damage":24,"enemies":"Hexaghost","floor":16,"turns":6},{"damage":0,"enemies":"Chosen","floor":18,"turns":4},{"damage":15,"enemies":"3 Byrds","floor":20,"turns":3},{"damage":7,"enemies":"Snecko","floor":21,"turns":4},{"damage":16,"enemies":"3 Cultists","floor":22,"turns":4},{"damage":24,"enemies":"Book of Stabbing","floor":23,"turns":5}],"seed_played":"-3479645698828559460","potions_obtained":[{"floor":5,"key":"DistilledChaos"},{"floor":7,"key":"StancePotion"},{"floor":12,"key":"Ambrosia"}],"is_trial":false,"path_per_floor":["M","M","?","?","M","R","E","R","T","?","R","M","$","M","R","B",null,"M","?","M","M","M","E"],"character_chosen":"WATCHER","items_purchased":["Sanctity"],"campfire_rested":1,"item_purchase_floors":[13],"current_hp_per_floor":[50,44,44,44,40,40,33,33,33,22,40,41,41,36,36,14,51,53,53,40,35,21,0,0],"gold":214,"neow_bonus":"THREE_RARE_CARDS","is_daily":false,"chose_seed":false,"campfire_upgraded":3,"win_rate":0.0,"timestamp":1614417069,"path_taken":["M","M","?","?","M","R","E","R","T","?","R","?","$","M","R","BOSS","M","?","M","M","M","E"],"items_purchased_type":["Card"],"build_version":"2020-12-22","purchased_purges":1,"victory":false,"max_hp_per_floor":[68,68,63,63,63,63,63,63,63,63,63,63,63,63,63,63,63,63,63,63,63,63,63,63],"relic_stats":{"counters":[12,50],"Golden Idol":51,"Bird Faced Urn":[14],"Blue Candle":[0],"obtain_stats":[{"Golden Idol":3,"Bird Faced Urn":7,"Blue Candle":9,"Coffee Dripper":17,"PureWater":0,"StrikeDummy":19},{"Golden Idol":2,"Bird Faced Urn":4,"Blue Candle":4,"Coffee Dripper":7,"PureWater":0,"StrikeDummy":8},{"Golden Idol":9,"Bird Faced Urn":17,"Blue Candle":17,"Coffee Dripper":30,"PureWater":0,"StrikeDummy":34}]},"card_choices":[{"not_picked":["MasterReality","Omniscience"],"picked":"Alpha","floor":0},{"not_picked":["Protect","Prostrate","Crescendo"],"picked":"SKIP","floor":1},{"not_picked":["SashWhip","ClearTheMind"],"picked":"CutThroughFate","floor":2},{"not_picked":["Protect","EmptyFist","ClearTheMind"],"picked":"SKIP","floor":5},{"not_picked":["Crescendo","Judgement","SashWhip"],"picked":"SKIP","floor":7},{"not_picked":["PathToVictory","Protect","FollowUp"],"picked":"SKIP","floor":12},{"not_picked":["Swivel","SashWhip"],"picked":"WaveOfTheHand","floor":14},{"not_picked":["DevaForm","Blasphemy"],"picked":"Vault","floor":16},{"not_picked":["Tantrum+1","SashWhip+1","WaveOfTheHand+1"],"picked":"SKIP","floor":18},{"not_picked":["Halt","Consecrate"],"picked":"ThirdEye","floor":20},{"not_picked":["Study","JustLucky","ClearTheMind"],"picked":"SKIP","floor":21},{"not_picked":["Fasting2","EmptyFist","ClearTheMind"],"picked":"SKIP","floor":22}],"player_experience":687367,"relics_obtained":[{"floor":7,"key":"Bird Faced Urn"},{"floor":9,"key":"Blue Candle"}],"event_choices":[{"damage_healed":0,"gold_gain":0,"player_choice":"Lose Max HP","damage_taken":0,"relics_obtained":["Golden Idol"],"max_hp_gain":0,"max_hp_loss":5,"event_name":"Golden Idol","floor":3,"gold_loss":0},{"damage_healed":0,"gold_gain":0,"player_choice":"Grow","damage_taken":0,"max_hp_gain":0,"max_hp_loss":0,"event_name":"Living Wall","floor":4,"gold_loss":0,"cards_upgraded":["Alpha"]},{"damage_healed":0,"gold_gain":75,"player_choice":"Gather Gold","damage_taken":11,"max_hp_gain":0,"max_hp_loss":0,"event_name":"World of Goop","floor":10,"gold_loss":0},{"damage_healed":0,"gold_gain":0,"player_choice":"Opened","damage_taken":0,"relics_obtained":["StrikeDummy"],"max_hp_gain":0,"max_hp_loss":0,"event_name":"The Mausoleum","floor":19,"gold_loss":0,"cards_obtained":["Writhe"]}],"is_beta":false,"boss_relics":[{"not_picked":["Busted Crown","Empty Cage"],"picked":"Coffee Dripper"}],"items_purged_floors":[13],"is_endless":false,"potions_floor_spawned":[5,7,12,16,20,22],"killed_by":"Book of Stabbing","ascension_level":14}}