{"host":"71mgpozmht821pzh","time":1614387613,"event":{"mods":["BaseMod","Downfall","Minty Spire (QoL Compilation)","Replay The Spire","StSLib"],"gold_per_floor":[109,119,139,154,20,53,68,91,137,170,170,198,246,246,246,348,448,455,480,503,413,460,511,511,511,565,565,579,621,669,669,669,806,806,823,880,959,978,471,471,521,521,521,561,573,585,597,627,639,641],"floor_reached":51,"language":"ENG","playtime":6864,"items_purged":["bronze:Defend"],"score":1057,"play_id":"6558984b-c376-48b4-ae9d-76b43c6aff8e","local_time":"20210226190013","daily_mods":["Colorless Cards","Terminal"],"is_ascension_mode":true,"campfire_choices":[{"data":"downfall:Aged","floor":15,"key":"PURGE"},{"floor":25,"key":"REST"},{"floor":27,"key":"DIG"},{"floor":40,"key":"REST"},{"floor":49,"key":"DIG"}],"circlet_count":0,"master_deck":["bronze:Defend","bronze:Replicate","bronze:Goto","bronze:Frontload","bronze:Branch","bronze:WhirlingStrike","sneckomod:Nope","bronze:ItsAFeature","bronze:Flail","sneckomod:QuickBite","bronze:Branch+1","sneckomod:QuickMove+1","bronze:DigitalCarnage","Midas Touch","sneckomod:UnknownX","CurseOfTheBell","CurseOfTheBell","bronze:Mutator+1","sneckomod:GlitteringGambit","Trip+1","bronze:Refactor+1","bronze:Branch","bronze:MaxOutput+1","bronze:Optimize+1","bronze:Constructor+1","sneckomod:UnknownStrength","ReplayTheSpireMod:Private Reserves","sneckomod:UnknownColorless","bronze:Assembly","bronze:Frontload","sneckomod:Nope+1","sneckomod:SoulRoll+1","Bandage Up","ReplayTheSpireMod:Necrogeddon","Forethought","bronze:CutThrough","bronze:BitShift"],"relics":["bronze:BronzeCore","Frozen Egg 2","Odd Mushroom","Smiling Mask","Replay:WaspNest","ReplayTheSpireMod:Lightbulb","downfall:ExtraCursedBell","Art of War","Garlic","Replay:Multitool","Replay:Wanted Poster","Potion Belt","Akabeko","ReplayTheSpireMod:Shallot","Replay:Grab Bag","Coffee Dripper","bronze:MakeshiftBattery","SlaversCollar","Ginger","bronze:Mallet","Membership Card","Matryoshka","Turnip","Pen Nib","hexamod:CandleOfCauterizing","champ:DeflectingBracers","MawBank","Unceasing Top"],"acts_visited":["Exordium","TheCity","TheBeyond"],"potions_floor_usage":[16,20,33,35,37,37,50,50,50,50,50],"damage_taken":[{"damage":0,"enemies":"2 Louse","floor":1,"turns":3},{"damage":0,"enemies":"Small Slimes","floor":2,"turns":4},{"damage":0,"enemies":"Jaw Worm","floor":3,"turns":4},{"damage":0,"enemies":"2 Fungi Beasts","floor":4,"turns":3},{"damage":4,"enemies":"Lagavulin","floor":6,"turns":8},{"damage":0,"enemies":"Large Slime","floor":7,"turns":5},{"damage":0,"enemies":"The Mushroom Lair","floor":8,"turns":2},{"damage":0,"enemies":"3 Sentries","floor":10,"turns":2},{"damage":0,"enemies":"Gremlin Nob","floor":12,"turns":2},{"damage":13,"enemies":"Fading Forest","floor":16,"turns":11},{"damage":9,"enemies":"2 Thieves","floor":18,"turns":3},{"damage":0,"enemies":"3 Byrds","floor":19,"turns":2},{"damage":19,"enemies":"Centurion and Healer","floor":20,"turns":6},{"damage":7,"enemies":"Snake Plant","floor":22,"turns":5},{"damage":4,"enemies":"Book of Stabbing","floor":23,"turns":5},{"damage":0,"enemies":"Snecko","floor":28,"turns":3},{"damage":10,"enemies":"Sentry and Sphere","floor":29,"turns":6},{"damage":0,"enemies":"Centurion and Healer","floor":30,"turns":6},{"damage":11,"enemies":"Automaton","floor":33,"turns":7},{"damage":0,"enemies":"3 Darklings","floor":35,"turns":3},{"damage":0,"enemies":"Mind Bloom Boss Battle","floor":36,"turns":5},{"damage":14,"enemies":"2 Orb Walkers","floor":37,"turns":7},{"damage":17,"enemies":"Orb Walker","floor":38,"turns":5},{"damage":0,"enemies":"Giant Head","floor":41,"turns":4},{"damage":0,"enemies":"Reptomancer","floor":44,"turns":5},{"damage":0,"enemies":"Jaw Worm Horde","floor":48,"turns":2},{"damage":0,"enemies":"Time Eater","floor":50,"turns":7}],"seed_played":"-2301625277332463415","potions_obtained":[{"floor":3,"key":"AttackPotion"},{"floor":6,"key":"Toxic Potion"},{"floor":12,"key":"Venom Potion"},{"floor":13,"key":"Flashbang"},{"floor":18,"key":"Weak Potion"},{"floor":22,"key":"Slimebound:ThreeZeroPotion"},{"floor":29,"key":"DuplicationPotion"},{"floor":37,"key":"Dexterity Potion"},{"floor":45,"key":"LiquidMemories"},{"floor":45,"key":"Strength Potion"},{"floor":47,"key":"Toxic Potion"}],"is_trial":true,"path_per_floor":["M","M","M","M","$","E","M","?","T","E","?","E","?","?","R","B",null,"M","M","M","?","M","E","?","R","T","R","M","M","M","?","R","B",null,"M","?","?","M","$","R","E","R","T","E","R","?","R","M","R","B",null],"character_chosen":"THE_AUTOMATON","items_purchased":["sneckomod:Nope","bronze:ItsAFeature","Membership Card","Bandage Up","Matryoshka","Turnip"],"campfire_rested":2,"item_purchase_floors":[5,5,39,39,39,39],"current_hp_per_floor":[68,67,66,65,64,60,60,60,60,59,58,57,43,48,48,45,57,48,48,29,29,22,18,18,33,33,33,33,23,23,23,35,24,40,39,38,24,7,7,17,21,21,21,25,25,25,25,26,25,24],"gold":653,"neow_bonus":"","is_daily":false,"chose_seed":false,"campfire_upgraded":0,"win_rate":0.0,"timestamp":1614387613,"path_taken":["M","M","M","M","$","E","M","?","T","E","?","E","?","?","R","BOSS","M","M","M","?","?","E","?","R","T","R","M","?","M","?","R","BOSS","M","?","?","M","$","R","E","R","T","E","R","?","R","?","R","BOSS"],"items_purchased_type":["Card","Card","Relic","Card","Relic","Relic"],"build_version":"2020-12-22","purchased_purges":1,"victory":true,"max_hp_per_floor":[68,67,66,65,64,63,62,61,60,59,58,57,56,60,59,58,57,56,55,54,53,52,51,50,49,48,47,46,45,44,43,42,41,40,39,38,37,36,35,34,33,32,31,30,29,28,27,26,25,24],"card_choices":[{"not_picked":["sneckomod:Unknown1Cost","bronze:Shield"],"picked":"bronze:Frontload","floor":1},{"not_picked":["bronze:Overheat","bronze:BuggyMess"],"picked":"bronze:Branch","floor":2},{"not_picked":["sneckomod:UnknownCommonAttack","bronze:NullPointer","sneckomod:UnknownClassRED"],"picked":"SKIP","floor":3},{"not_picked":["sneckomod:IronFang","sneckomod:UnknownClassSLIMEBOUND"],"picked":"bronze:WhirlingStrike","floor":4},{"not_picked":["sneckomod:WideSting","sneckomod:Mudshield+1"],"picked":"bronze:Flail","floor":6},{"not_picked":["bronze:WildBeam","sneckomod:RainOfDice"],"picked":"sneckomod:QuickBite","floor":7},{"not_picked":["bronze:Constructor","sneckomod:UnknownClassBLUE"],"picked":"bronze:Branch","floor":8},{"not_picked":["bronze:OilSpill","Survey Options"],"picked":"sneckomod:QuickMove","floor":10},{"not_picked":["sneckomod:IronFang","sneckomod:Nope"],"picked":"Midas Touch","floor":12},{"not_picked":["sneckomod:UnknownClassHEXA_GHOST_PURPLE","sneckomod:Unknown2Cost"],"picked":"sneckomod:UnknownX","floor":13},{"not_picked":["sneckomod:Restock","bronze:FindAndReplace"],"picked":"sneckomod:GlitteringGambit","floor":16},{"not_picked":["sneckomod:IronFang","sneckomod:UnendingSupply+1"],"picked":"Trip+1","floor":18},{"not_picked":["sneckomod:WideSting","sneckomod:SoulDraw"],"picked":"bronze:Refactor+1","floor":19},{"not_picked":["bronze:WhirlingStrike","sneckomod:DiceCrush"],"picked":"bronze:Branch","floor":20},{"not_picked":["bronze:Overheat","Discovery"],"picked":"bronze:MaxOutput+1","floor":22},{"not_picked":["sneckomod:DefensiveFlair+1","sneckomod:RainOfDice+1","sneckomod:UnknownClassGUARDIAN"],"picked":"SKIP","floor":23},{"not_picked":["Madness","sneckomod:QuickMove"],"picked":"bronze:Optimize+1","floor":28},{"not_picked":["sneckomod:RainOfDice","bronze:DelayedSlice"],"picked":"bronze:Constructor+1","floor":29},{"not_picked":["bronze:Flail+1","bronze:CutThrough"],"picked":"sneckomod:UnknownStrength","floor":30},{"not_picked":["sneckomod:UnknownRarePower+1","Secret Technique"],"picked":"bronze:Assembly","floor":33},{"not_picked":["sneckomod:UnknownClassBLUE+1","sneckomod:UnknownCommonSkill+1"],"picked":"bronze:Frontload","floor":35},{"not_picked":["bronze:FineTuning+1","bronze:Branch"],"picked":"sneckomod:Nope+1","floor":37},{"not_picked":["bronze:Iterate","bronze:Invalidate+1"],"picked":"sneckomod:SoulRoll+1","floor":38},{"not_picked":["bronze:Separator","sneckomod:UnknownDraw+1"],"picked":"ReplayTheSpireMod:Necrogeddon","floor":41},{"not_picked":["ReplayTheSpireMod:Uncanny Aura","sneckomod:DiceCrush+1"],"picked":"bronze:CutThrough","floor":44},{"not_picked":["sneckomod:UnknownClassGUARDIAN","sneckomod:Unknown1Cost+1"],"picked":"bronze:BitShift","floor":48}],"player_experience":6577295,"relics_obtained":[{"floor":6,"key":"Frozen Egg 2"},{"floor":8,"key":"Odd Mushroom"},{"floor":9,"key":"Smiling Mask"},{"floor":10,"key":"Replay:WaspNest"},{"floor":12,"key":"ReplayTheSpireMod:Lightbulb"},{"floor":14,"key":"Art of War"},{"floor":14,"key":"Garlic"},{"floor":14,"key":"Replay:Multitool"},{"floor":23,"key":"Potion Belt"},{"floor":26,"key":"Akabeko"},{"floor":27,"key":"ReplayTheSpireMod:Shallot"},{"floor":36,"key":"Ginger"},{"floor":37,"key":"bronze:Mallet"},{"floor":41,"key":"Pen Nib"},{"floor":43,"key":"hexamod:CandleOfCauterizing"},{"floor":43,"key":"champ:DeflectingBracers"},{"floor":44,"key":"MawBank"},{"floor":49,"key":"Unceasing Top"}],"event_choices":[{"damage_healed":0,"gold_gain":0,"player_choice":"Fought Mushrooms","damage_taken":0,"max_hp_gain":0,"max_hp_loss":0,"event_name":"Mushrooms","floor":8,"gold_loss":0},{"cards_removed":["Languid"],"damage_healed":0,"gold_gain":0,"player_choice":"Upgrade and Remove","damage_taken":0,"max_hp_gain":0,"max_hp_loss":0,"event_name":"Designer","floor":21,"gold_loss":90,"cards_upgraded":["sneckomod:QuickMove"]},{"cards_removed":["bronze:Strike"],"damage_healed":0,"gold_gain":0,"player_choice":"Purged","damage_taken":0,"max_hp_gain":0,"max_hp_loss":0,"event_name":"Purifier","floor":24,"gold_loss":0},{"damage_healed":0,"gold_gain":0,"cards_transformed":["bronze:Strike","bronze:Strike"],"player_choice":"Became Test Subject","damage_taken":0,"max_hp_gain":0,"max_hp_loss":0,"event_name":"Drug Dealer","floor":31,"gold_loss":0,"cards_obtained":["ReplayTheSpireMod:Private Reserves","sneckomod:UnknownColorless"]},{"damage_healed":0,"gold_gain":0,"player_choice":"Fight","damage_taken":0,"max_hp_gain":0,"max_hp_loss":0,"event_name":"MindBloom","floor":36,"gold_loss":0},{"damage_healed":0,"gold_gain":0,"player_choice":"Fight","damage_taken":0,"max_hp_gain":0,"max_hp_loss":0,"event_name":"Mysterious Sphere","floor":37,"gold_loss":0},{"cards_removed":["bronze:Defend"],"damage_healed":0,"gold_gain":0,"player_choice":"Purged","damage_taken":0,"max_hp_gain":0,"max_hp_loss":0,"event_name":"Purifier","floor":46,"gold_loss":0}],"is_beta":false,"boss_relics":[{"not_picked":["Runic Pyramid","Pandora\u0027s Box"],"picked":"Replay:Wanted Poster"},{"not_picked":["bronze:PlatinumCore","Ring of Chaos"],"picked":"Replay:Grab Bag"},{"not_picked":["Philosopher\u0027s Stone","ReplayTheSpireMod:Onyx Gauntlets"],"picked":"Coffee Dripper"},{"not_picked":["Fusion Hammer","Velvet Choker"],"picked":"bronze:MakeshiftBattery"},{"not_picked":["Snecko Heart","Black Star"],"picked":"SlaversCollar"}],"items_purged_floors":[39],"is_endless":false,"potions_floor_spawned":[3,6,12,18,19,22,29,37,48],"ascension_level":2}}