{"host":"mujoymdbv27pmqgz","time":1614455172,"event":{"mods":["BaseMod","Downfall","KinomotoSakuraMod(????)","Minty Spire (QoL Compilation)","StSLib","The Jungle"],"gold_per_floor":[99,114,130,147,157,57,130,195,206,225,242,271,171,196,211,316,316,316,326,326,336,166,196,196,223,237,237,252,252,280,294,306,405,405,405,417,417,34,54,154,229,243,273,292,66,66,81,116,126,126],"floor_reached":51,"language":"ZHS","playtime":3263,"items_purged":["Regret"],"score":960,"play_id":"e320ace8-9673-40d2-9307-19af9c4b0889","local_time":"20210227144612","is_ascension_mode":false,"campfire_choices":[{"floor":1.0,"key":"RECALL"},{"data":"champ:UltimateStance","floor":6.0,"key":"SMITH"},{"floor":13.0,"key":"REST"},{"data":"champ:MurderStrike","floor":18.0,"key":"SMITH"},{"floor":27,"key":"REST"},{"data":"champ:SwordThrow","floor":29,"key":"SMITH"},{"data":"champ:StrikeOfGenius","floor":35,"key":"SMITH"},{"data":"hexamod:VolcanoVisage","floor":46,"key":"SMITH"}],"circlet_count":0,"master_deck":["champ:Strike","champ:Strike","champ:Strike","champ:Strike","champ:Defend+1","champ:Defend","champ:Defend","champ:Execute","champ:Taunt","champ:GutPunch","champ:RecklessLeap+1","champ:BringItOn","champ:UltimateStance+1","champ:DeathBlow+1","champ:EnGarde","champ:GladiatorStyle","champ:MurderStrike+1","champ:Lariat+1","champ:LastStand","champ:Haymaker","champ:ArenaPreparation+1","champ:UltimateStance+1","champ:FancyFootwork+1","champ:SwordThrow+1","champ:HoldFirm","champ:Endure+1","champ:ShieldWall","champ:StrikeOfGenius+1","CurseOfTheBell","champ:Taunt","champ:PerfectedStrike","champ:IronFortress","champ:SwordThrow","Dramatic Entrance","hexamod:VolcanoVisage+1"],"relics":["champ:ChampionCrown","downfall:HeartBlessingRed","Mummified Hand","Art of War","Whetstone","downfall:HeartBlessingGreen","hexamod:CandleOfCauterizing","Sozu","DollysMirror","The Courier","Guardian:PocketSentry","War Paint","Gremlin Horn","Calling Bell","Blood Vial","Pantograph","Dead Branch","Centennial Puzzle","PrismaticShard","Vajra","downfall:GremlinSack","Bottled Tornado","Strawberry","Bag of Marbles","champ:FightingForDummies","Bronze Scales","Kunai"],"acts_visited":["Exordium","TheCity","TheBeyond"],"potions_floor_usage":[],"damage_taken":[{"damage":11.0,"enemies":"2 Louse","floor":2.0,"turns":4.0},{"damage":10.0,"enemies":"Small Slimes","floor":3.0,"turns":3.0},{"damage":16.0,"enemies":"Cultist","floor":4.0,"turns":3.0},{"damage":10.0,"enemies":"Exordium Wildlife","floor":5.0,"turns":6.0},{"damage":38.0,"enemies":"3 Sentries","floor":8.0,"turns":6.0},{"damage":36.0,"enemies":"2 Fungi Beasts","floor":9.0,"turns":3.0},{"damage":25.0,"enemies":"Lots of Slimes","floor":10.0,"turns":2.0},{"damage":60.0,"enemies":"Exordium Wildlife","floor":11.0,"turns":5.0},{"damage":34.0,"enemies":"3 Sentries","floor":12.0,"turns":6.0},{"damage":65.0,"enemies":"Lagavulin","floor":14.0,"turns":7.0},{"damage":26.0,"enemies":"Red Slaver","floor":15.0,"turns":3.0},{"damage":106.0,"enemies":"IC_STATUS_ARCHETYPE","floor":16.0,"turns":8.0},{"damage":44.0,"enemies":"Chosen","floor":19.0,"turns":4.0},{"damage":38.0,"enemies":"downfall:LooterAlt2","floor":21.0,"turns":4.0},{"damage":50.0,"enemies":"downfall:FleeingMerchant","floor":22.0,"turns":4.0},{"damage":59.0,"enemies":"Slavers","floor":23.0,"turns":4.0},{"damage":95,"enemies":"Gremlin Leader","floor":25,"turns":6},{"damage":61,"enemies":"3 Cultists","floor":26,"turns":6},{"damage":31,"enemies":"Chosen and Byrds","floor":28,"turns":4},{"damage":43,"enemies":"Slavers","floor":30,"turns":4},{"damage":31,"enemies":"Centurion and Healer","floor":31,"turns":4},{"damage":40,"enemies":"Cultist and Chosen","floor":32,"turns":4},{"damage":50,"enemies":"WA_ARCHETYPE_CALM","floor":33,"turns":7},{"damage":0,"enemies":"Orb Walker","floor":36,"turns":3},{"damage":55,"enemies":"downfall:FleeingMerchant","floor":38,"turns":4},{"damage":25,"enemies":"3 Shapes","floor":39,"turns":3},{"damage":30,"enemies":"3 Shapes","floor":40,"turns":2},{"damage":15,"enemies":"3 Darklings","floor":42,"turns":2},{"damage":31,"enemies":"Reptomancer","floor":43,"turns":4},{"damage":26,"enemies":"Sphere and 2 Shapes","floor":44,"turns":3},{"damage":10,"enemies":"downfall:FleeingMerchant","floor":45,"turns":3},{"damage":4,"enemies":"Jaw Worm Horde","floor":47,"turns":3},{"damage":54,"enemies":"Nemesis","floor":48,"turns":5},{"damage":28,"enemies":"Writhing Mass","floor":49,"turns":3},{"damage":82,"enemies":"DF_ARCHETYPE_ORBS","floor":50,"turns":4}],"seed_played":"3228203112041925980","potions_obtained":[{"floor":5.0,"key":"FairyPotion"},{"floor":8.0,"key":"bronze:BurnAndBuffPotion"},{"floor":12.0,"key":"SpeedPotion"},{"floor":14.0,"key":"Explosive Potion"}],"is_trial":false,"path_per_floor":["R","M","M","M","M","R","T","?","M","M","M","E","R","E","M","B",null,"R","M","?","M","$","E","T","E","M","R","M","R","E","M","M","B",null,"R","M","?","$","M","?","T","M","E","M","$","R","M","E","M","B",null],"character_chosen":"THE_CHAMP","items_purchased":["DollysMirror","Centennial Puzzle","PrismaticShard","Vajra","Strawberry","Bag of Marbles","champ:FightingForDummies","Bronze Scales"],"campfire_rested":2,"item_purchase_floors":[22,38,38,38,45,45,45,45],"current_hp_per_floor":[99,98,98,97,97,97,97,84,73,68,58,54,83,63,62,39,99,99,95,95,87,87,63,63,63,27,56,50,50,47,41,41,41,99,99,99,99,99,99,99,99,99,88,79,88,88,86,49,43,76],"gold":126,"neow_bonus":"TEN_PERCENT_HP_BONUS","is_daily":false,"chose_seed":false,"campfire_upgraded":5,"win_rate":0.0,"timestamp":1614455172,"path_taken":["R","M","M","M","M","R","T","?","M","M","M","E","R","E","M","BOSS","R","M","?","M","$","E","T","E","M","R","M","R","E","M","M","BOSS","R","?","?","$","M","?","T","M","E","?","$","R","M","E","M","BOSS"],"items_purchased_type":["Relic","Relic","Relic","Relic","Relic","Relic","Relic","Relic"],"build_version":"2020-12-22","purchased_purges":1,"victory":true,"max_hp_per_floor":[99,99,99,99,99,99,99,99,99,99,99,99,99,99,99,99,99,99,99,99,99,99,99,99,99,99,99,99,99,99,99,99,99,99,99,99,99,99,99,99,99,99,99,99,106,106,106,106,106,106],"card_choices":[{"not_picked":["champ:FlashCut","champ:Parry"],"picked":"champ:GutPunch","floor":2.0},{"not_picked":["champ:EnGarde","champ:FlashCut"],"picked":"champ:RecklessLeap","floor":3.0},{"not_picked":["champ:Haymaker","champ:AdrenalArmor"],"picked":"champ:BringItOn","floor":4.0},{"not_picked":["champ:GutPunch","champ:PerfectedStrike"],"picked":"champ:UltimateStance","floor":5.0},{"not_picked":["champ:CrownThrow","champ:BringItOn"],"picked":"champ:DeathBlow","floor":8.0},{"not_picked":["champ:ShieldSlam","champ:Shatter","champ:PreemptiveStrike"],"picked":"SKIP","floor":9.0},{"not_picked":["champ:GutPunch","champ:CrookedStrike"],"picked":"champ:EnGarde","floor":10.0},{"not_picked":["champ:Haymaker","champ:Endure"],"picked":"champ:GladiatorStyle","floor":11.0},{"not_picked":["champ:PerfectedStrike","champ:Parry"],"picked":"champ:MurderStrike","floor":12.0},{"not_picked":["champ:BringItOn","champ:DeathBlow"],"picked":"champ:Lariat","floor":14.0},{"not_picked":["champ:Haymaker","champ:Parry","champ:RecklessLeap"],"picked":"SKIP","floor":15.0},{"not_picked":["champ:HeavySlash","champ:HoldFirm"],"picked":"champ:LastStand","floor":16.0},{"not_picked":["champ:BringItOn","champ:Backstep","champ:DeathBlow"],"picked":"SKIP","floor":19.0},{"not_picked":["champ:Circumvent+1","champ:FancyFootwork"],"picked":"champ:ArenaPreparation+1","floor":21.0},{"not_picked":["champ:PerfectedStrike+1","champ:Lariat","champ:Backstep"],"picked":"SKIP","floor":22.0},{"not_picked":["champ:GutPunch","champ:FalseCounter","champ:Haymaker"],"picked":"SKIP","floor":23.0},{"not_picked":["champ:Endure","champ:SetATrap"],"picked":"champ:FancyFootwork+1","floor":25},{"not_picked":["champ:Backstep","champ:CrownThrow"],"picked":"champ:SwordThrow","floor":26},{"not_picked":["champ:AdrenalArmor","champ:RisingSlash+1","champ:DefensiveShout+1"],"picked":"SKIP","floor":28},{"not_picked":["champ:BladeFlurry+1","champ:PreciseThrust"],"picked":"champ:HoldFirm","floor":30},{"not_picked":["champ:CrownThrow","champ:DeathBlow"],"picked":"champ:Endure+1","floor":31},{"not_picked":["champ:GutPunch","champ:PerfectedStrike"],"picked":"champ:ShieldWall","floor":32},{"not_picked":["champ:SwordThrow","champ:HeavySlash"],"picked":"champ:StrikeOfGenius","floor":33},{"not_picked":["champ:PerfectedStrike+1","champ:FancyFootwork","champ:Haymaker+1"],"picked":"SKIP","floor":36},{"not_picked":["champ:GutPunch","champ:ShieldWall","champ:UltimateStance"],"picked":"SKIP","floor":38},{"not_picked":["bronze:BugBarrage+1","sneckomod:IronFang+1","bronze:Turbo+1"],"picked":"SKIP","floor":39},{"not_picked":["Steam","bronze:Overload","BootSequence"],"picked":"SKIP","floor":42},{"not_picked":["hexamod:FifthSeal","Cleave+1"],"picked":"hexamod:VolcanoVisage","floor":43},{"not_picked":["Tactician+1","Guardian:TemporalShield+1","Deadly Poison+1"],"picked":"SKIP","floor":44},{"not_picked":["Finesse","hexamod:FirstSeal","champ:Shatter"],"picked":"SKIP","floor":45},{"not_picked":["Rebound+1","Guardian:GemFinder","Go for the Eyes+1"],"picked":"SKIP","floor":47},{"not_picked":["Distraction","Calculated Gamble","ClowCardTheWatery"],"picked":"SKIP","floor":48},{"not_picked":["sneckomod:UnknownCommonSkill","ClowCardTheMaze+1","sneckomod:UnknownClassBLUE+1"],"picked":"SKIP","floor":49}],"player_experience":533598,"relics_obtained":[{"floor":7.0,"key":"Mummified Hand"},{"floor":8.0,"key":"Art of War"},{"floor":12.0,"key":"Whetstone"},{"floor":14.0,"key":"hexamod:CandleOfCauterizing"},{"floor":23.0,"key":"The Courier"},{"floor":24.0,"key":"Guardian:PocketSentry"},{"floor":25,"key":"War Paint"},{"floor":30,"key":"Gremlin Horn"},{"floor":34,"key":"Blood Vial"},{"floor":34,"key":"Pantograph"},{"floor":34,"key":"Dead Branch"},{"floor":40,"key":"downfall:GremlinSack"},{"floor":43,"key":"Bottled Tornado"},{"floor":48,"key":"Kunai"}],"event_choices":[],"is_beta":false,"boss_relics":[{"not_picked":["Fusion Hammer","Runic Dome"],"picked":"Sozu"},{"not_picked":["Coffee Dripper","Cursed Key"],"picked":"Calling Bell"}],"items_purged_floors":[45],"is_endless":false,"potions_floor_spawned":[5,8,12,14,15,19,25,30,32,33,36,39,43,44,48],"ascension_level":0}}