{"host":"ugys05tpep779cl6","time":1614447730,"event":{"mods":["AchievementEnabler","Aspiration","BaseMod","Beaked The Cultist","CatGirl Mod","Colored Powertips","HololiveMod","Lobotomy","Minty Spire (QoL Compilation)","Quick Restart","Replay The Spire","Spicy Shops","StSLib","The Druid"],"gold_per_floor":[119,119,137,137,60,85,100,134,134,152,152,178,189,200,200,299,299,319,244,244,244,313,339,339,364,364,364,376,394,422,440,440,536,536,549,567,567,587,587,618,618,646,646,665,690,703,703,751,751,751,751,751,133,167,167],"floor_reached":56,"language":"ENG","playtime":3079,"items_purged":["Strike_R","Hallucinations"],"score":1388,"play_id":"6bb904e1-bc06-4daf-a112-01a138e86bc3","local_time":"20210227184210","is_ascension_mode":true,"campfire_choices":[{"floor":11.0,"key":"RECALL"},{"data":"Heavy Blade","floor":15.0,"key":"SMITH"},{"data":"Run Through","floor":24.0,"key":"SMITH"},{"data":"Pot Of Greed","floor":27.0,"key":"SMITH"},{"data":"Pot Of Greed","floor":32.0,"key":"SMITH"},{"floor":41.0,"key":"REST"},{"data":"Bash","floor":47.0,"key":"SMITH"}],"circlet_count":0,"master_deck":["Strike_R","Strike_R","Strike_R","Defend_R","Defend_R","Defend_R","Bash+1","Spot Weakness","Cleave","Pot Of Greed+1","Pot Of Greed+1","Anger","Shrug It Off+1","Heavy Blade+1","Run Through+1","Decay","Offering","ReplayTheSpireMod:Brewmster","Dark Shackles","Secret Technique","Thinking Ahead"],"relics":["Burning Blood","aspiration:Nostalgia","beaked:MendingPlumage","Replay:WaspNest","Ring of Peace","ClockworkSouvenir","Grinning Jar","beaked:ShinyBauble","Divine Protection","Pondfish Scales","Empty Cage","aspiration:RitualStick","Kunai","aspiration:Lifesprig","Letter Opener","Ginger","Regal Pillow","SacredBark","aspiration:StickyExplosives_weak","CaptainsWheel","Chameleon Ring","Thread and Needle","ReplayTheSpireMod:ShopPack","StoneCalendar"],"acts_visited":["Exordium","TheCity","TheBeyond","TheEnding"],"potions_floor_usage":[55,55,55,55,55,55,55,55],"damage_taken":[{"damage":5.0,"enemies":"Small Slimes","floor":1.0,"turns":3.0},{"damage":2.0,"enemies":"Jaw Worm","floor":3.0,"turns":4.0},{"damage":0.0,"enemies":"Lagavulin","floor":6.0,"turns":5.0},{"damage":0.0,"enemies":"Cultist","floor":7.0,"turns":3.0},{"damage":25.0,"enemies":"3 Sentries","floor":8.0,"turns":5.0},{"damage":0.0,"enemies":"Gremlin Gang","floor":10.0,"turns":4.0},{"damage":0.0,"enemies":"Lagavulin","floor":12.0,"turns":6.0},{"damage":0.0,"enemies":"3 Louse","floor":13.0,"turns":3.0},{"damage":0.0,"enemies":"Large Slime","floor":14.0,"turns":3.0},{"damage":14.0,"enemies":"The Guardian","floor":16.0,"turns":8.0},{"damage":5.0,"enemies":"3 Byrds","floor":18.0,"turns":5.0},{"damage":20.0,"enemies":"Slavers","floor":23.0,"turns":5.0},{"damage":7.0,"enemies":"Book of Stabbing","floor":25.0,"turns":4.0},{"damage":0.0,"enemies":"2 Thieves","floor":28.0,"turns":3.0},{"damage":0.0,"enemies":"Shelled Parasite and Fungi","floor":29.0,"turns":4.0},{"damage":0.0,"enemies":"Gremlin Leader","floor":30.0,"turns":6.0},{"damage":0.0,"enemies":"Chosen and Byrds","floor":31.0,"turns":4.0},{"damage":35.0,"enemies":"Collector","floor":33.0,"turns":7.0},{"damage":3.0,"enemies":"3 Shapes","floor":35.0,"turns":6.0},{"damage":0.0,"enemies":"Orb Walker","floor":36.0,"turns":4.0},{"damage":6.0,"enemies":"Sphere and 2 Shapes","floor":38.0,"turns":6.0},{"damage":77.0,"enemies":"Nemesis","floor":40.0,"turns":9.0},{"damage":13.0,"enemies":"R_Hoarder","floor":42.0,"turns":7.0},{"damage":8.0,"enemies":"4 Shapes","floor":44.0,"turns":6.0},{"damage":73.0,"enemies":"Nemesis","floor":45.0,"turns":9.0},{"damage":26.0,"enemies":"Transient","floor":46.0,"turns":5.0},{"damage":18.0,"enemies":"2 Orb Walkers","floor":48.0,"turns":4.0},{"damage":76,"enemies":"Replay:Hell Engine","floor":50,"turns":11},{"damage":26,"enemies":"Shield and Spear","floor":54,"turns":5},{"damage":16,"enemies":"The Heart","floor":55,"turns":8}],"seed_played":"-4812445604485344945","potions_obtained":[{"floor":3.0,"key":"Energy Potion"},{"floor":8.0,"key":"SteroidPotion"},{"floor":10.0,"key":"LiquidBronze"},{"floor":14.0,"key":"Reflective Coating"},{"floor":16.0,"key":"Fire Potion"},{"floor":29.0,"key":"SkillPotion"},{"floor":36.0,"key":"AttackPotion"},{"floor":48.0,"key":"CultistPotion"},{"floor":52,"key":"BlessingOfTheForge"},{"floor":52,"key":"LiquidMemories"}],"is_trial":false,"path_per_floor":["M","?","M","?","$","E","M","E","T","M","R","E","M","M","R","B",null,"M","$","?","?","T","E","R","E","T","R","M","M","E","M","R","B",null,"M","M","?","M","?","E","R","E","T","M","E","M","R","?","R","B",null,"R","$","E","B",null],"character_chosen":"IRONCLAD","items_purchased":["ClockworkSouvenir","ReplayTheSpireMod:ShopPack","Dexterity Potion","ReplayTheSpireMod:Brewmster","Dark Shackles"],"campfire_rested":1,"item_purchase_floors":[5,53,53,53,53],"current_hp_per_floor":[80,73,80,80,80,80,80,68,68,80,80,80,80,80,80,79,80,80,80,64,49,49,52,52,68,68,68,85,85,85,85,85,69,81,85,85,85,85,85,32,72,85,85,83,45,45,45,46,85,46,75,75,75,76,83],"gold":167,"neow_bonus":"NOSTALGIA","is_daily":false,"chose_seed":false,"campfire_upgraded":5,"win_rate":0.0,"timestamp":1614447730,"path_taken":["M","?","M","?","?","E","M","E","T","M","R","E","M","M","R","BOSS","M","$","?","?","?","E","R","E","T","R","M","?","E","M","R","BOSS","M","?","?","M","?","E","R","E","T","M","E","?","R","?","R","BOSS","R","$","E","BOSS"],"items_purchased_type":["Relic","Relic","Potion","Card","Card"],"build_version":"2020-12-22","purchased_purges":2,"victory":true,"max_hp_per_floor":[80,80,80,80,80,80,80,80,80,80,80,80,80,80,80,80,80,80,80,80,85,85,85,85,85,85,85,85,85,85,85,85,85,85,85,85,85,85,85,85,85,85,85,85,85,85,85,85,85,85,85,85,85,85,85],"card_choices":[{"not_picked":["Pommel Strike","Inflame"],"picked":"Spot Weakness","floor":1.0},{"not_picked":["Flex","Intimidate"],"picked":"Cleave","floor":3.0},{"not_picked":["Replay:Undeath\u0027s Touch","Life Link","Dropkick"],"picked":"SKIP","floor":6.0},{"not_picked":["Intimidate","Infernal Blade","Perfected Strike"],"picked":"SKIP","floor":7.0},{"not_picked":["Cleave","Sentinel"],"picked":"Anger","floor":8.0},{"not_picked":["ReplayTheSpireMod:LeadingStrike","ReplayTheSpireMod:Stacked","Intimidate"],"picked":"SKIP","floor":10.0},{"not_picked":["Impervious","Inflame"],"picked":"Shrug It Off","floor":12.0},{"not_picked":["Run Through","ReplayTheSpireMod:Limb From Limb"],"picked":"Heavy Blade","floor":13.0},{"not_picked":["Warcry","ReplayTheSpireMod:Stacked"],"picked":"Run Through","floor":14.0},{"not_picked":["Pommel Strike+1","Armaments","Shockwave"],"picked":"SKIP","floor":18.0},{"not_picked":["Impervious","Rupture","Intimidate"],"picked":"SKIP","floor":23.0},{"not_picked":["Dark Embrace+1","Burning Pact","Blood for Blood"],"picked":"SKIP","floor":25.0},{"not_picked":["Sword Boomerang","Blood for Blood","Ghostly Armor"],"picked":"SKIP","floor":28.0},{"not_picked":["Run Through+1","Defy Death","True Grit"],"picked":"SKIP","floor":29.0},{"not_picked":["Run Through","Bludgeon","Thunderclap"],"picked":"SKIP","floor":30.0},{"not_picked":["Wild Strike","Inflame","Pommel Strike"],"picked":"SKIP","floor":31.0},{"not_picked":["Havoc+1","Flex+1","Sever Soul"],"picked":"SKIP","floor":35.0},{"not_picked":["Twin Strike","Massacre+1","Wild Strike+1"],"picked":"SKIP","floor":36.0},{"not_picked":["Wild Strike+1","ReplayTheSpireMod:Muscle Training+1","Second Wind+1"],"picked":"SKIP","floor":38.0},{"not_picked":["Entrench+1","Run Through","Sever Soul"],"picked":"SKIP","floor":40.0},{"not_picked":["ReplayTheSpireMod:Strike From Hell","Headbutt","Replay:Undeath\u0027s Touch"],"picked":"SKIP","floor":42.0},{"not_picked":["ReplayTheSpireMod:Strike From Hell","Thunderclap+1","Spot Weakness"],"picked":"SKIP","floor":44.0},{"not_picked":["ReplayTheSpireMod:Corrosion Curse","Shrug It Off+1","Sever Soul+1"],"picked":"SKIP","floor":45.0},{"not_picked":["ReplayTheSpireMod:LeadingStrike+1","Reckless Charge+1","Shrug It Off"],"picked":"SKIP","floor":46.0},{"not_picked":["Carnage+1","Evolve+1"],"picked":"Offering","floor":48.0},{"not_picked":["Survey Options","Thinking Ahead"],"picked":"Secret Technique","floor":53},{"not_picked":["Poisoned Strike","Transmutation"],"picked":"Thinking Ahead","floor":53},{"not_picked":["Havoc","Body Slam","Intimidate"],"picked":"SKIP","floor":54}],"player_experience":791926,"relics_obtained":[{"floor":4.0,"key":"Ring of Peace"},{"floor":6.0,"key":"Grinning Jar"},{"floor":8.0,"key":"beaked:ShinyBauble"},{"floor":9.0,"key":"Divine Protection"},{"floor":12.0,"key":"Pondfish Scales"},{"floor":22.0,"key":"Kunai"},{"floor":23.0,"key":"aspiration:Lifesprig"},{"floor":25.0,"key":"Letter Opener"},{"floor":26.0,"key":"Ginger"},{"floor":30.0,"key":"Regal Pillow"},{"floor":40.0,"key":"aspiration:StickyExplosives_weak"},{"floor":42.0,"key":"CaptainsWheel"},{"floor":45.0,"key":"Chameleon Ring"},{"floor":48.0,"key":"Thread and Needle"},{"floor":54,"key":"StoneCalendar"}],"event_choices":[{"damage_healed":0.0,"max_hp_gain":0.0,"max_hp_loss":0.0,"gold_gain":0.0,"event_name":"Scrap Ooze","player_choice":"Success","floor":2.0,"gold_loss":0.0,"damage_taken":7.0,"relics_obtained":["Replay:WaspNest"]},{"damage_healed":0.0,"max_hp_gain":5.0,"max_hp_loss":0.0,"gold_gain":0.0,"event_name":"Forgotten Altar","player_choice":"Shed Blood","floor":21.0,"gold_loss":0.0,"damage_taken":20.0},{"damage_healed":0.0,"max_hp_gain":0.0,"max_hp_loss":0.0,"gold_gain":0.0,"event_name":"Tomb of Lord Red Mask","player_choice":"Ignored","floor":37.0,"gold_loss":0.0,"damage_taken":0.0},{"damage_healed":0.0,"max_hp_gain":0.0,"max_hp_loss":0.0,"gold_gain":0.0,"event_name":"Wheel of Change","player_choice":"Cursed","floor":39.0,"gold_loss":0.0,"damage_taken":0.0,"cards_obtained":["Decay"]},{"damage_healed":0.0,"max_hp_gain":0.0,"max_hp_loss":0.0,"gold_gain":0.0,"event_name":"Mysterious Sphere","player_choice":"Fight","floor":48.0,"gold_loss":0.0,"damage_taken":0.0}],"is_beta":false,"boss_relics":[{"not_picked":["aspiration:DefectSkillbook","Honey Jar"],"picked":"Empty Cage"},{"not_picked":["Replay:Wanted Poster","ChewingGum"],"picked":"SacredBark"}],"items_purged_floors":[19,53],"is_endless":false,"potions_floor_spawned":[3,8,10,14,16,29,30,31,33,36,38,40,44,48],"ascension_level":5}}