{"host":"3y9j540ftq0by6cq","time":1614412937,"event":{"mods":["BaseMod","CapriCore","Library of Ruina","Library of Ruina Extra","Minty Spire (QoL Compilation)","StSLib"],"gold_per_floor":[114,127,127,199,11,46,46,81,81,107,3,19,38,51,51,150,150,168,168,181,14,34,67,67,67,67,95,22,56,74,74,74,177,177,197,211,4,17,17,17,34,61,61,75,93,118,118,131,131,131,131],"floor_reached":52,"language":"ZHS","playtime":3120,"items_purged":["LightAttack"],"score":1022,"play_id":"edd34bdd-f060-4c73-83aa-353cce815e1a","local_time":"20210227160217","is_ascension_mode":false,"campfire_choices":[{"data":"FervidEmotions","floor":7,"key":"SMITH"},{"data":"FleshFillet","floor":15,"key":"SMITH"},{"floor":25,"key":"REST"},{"data":"UnforgettableMelody","floor":32,"key":"SMITH"},{"data":"TendonChords","floor":40,"key":"SMITH"},{"data":"TendonChords","floor":47,"key":"SMITH"},{"data":"TraceOfFumes","floor":49,"key":"SMITH"}],"circlet_count":0,"master_deck":["LightDefense","LightDefense","LightDefense","LightDefense","ChargeAndCover","LossOfSenses","SharpenedBlade","DefenseOrder","FervidEmotions+1","WillProduceFineSilk","JiaoTu","Tttonst+1","TendonChords+1","Finesse+1","BackAttack+1","FleshFillet+1","Unlock1","UnforgettableMelody+1","TasteMyFlamingBat+1","Standoff+1","Gigigig+1","WillBeTasty","Necronomicurse","WillProduceFineSilk+1","GrazeTheGrass","WildCard+1","Deep Breath+1","Retaliate+1","FrontalAssault+1","Decay","FrontalAssault+1","FleetFootsteps+1","TraceOfFumes+1","Shame","BoundaryOfDeath","GrazeTheGrass+1","BiAn+1","Pound","TendonChords+1","WillProduceFineSilk+1","IronWall+1","Secret Weapon+1","Madness+1","Bandage Up+1","Faith+1","HiddenBlade","Pound+1","BackAttack+1","Unlock1","Faith+1"],"relics":["PageOfLibrarian","FossilizedHelix","Membership Card","Anchor","Pen Nib","Toxic Egg 2","PageOfDeadButterflies","Astrolabe","Necronomicon","Bag of Preparation","PageOfApocalypseBird","PageOfJudgementBird","Red Mask","Happy Flower","Orichalcum","Art of War","Black Star","PageOfSnowWhitesApple","StoneCalendar","PageOfSingingMachine","PageOfFreischutz","CaptainsWheel","The Courier"],"acts_visited":["Exordium","TheCity","TheBeyond"],"potions_floor_usage":[6,33,50],"damage_taken":[{"damage":0,"enemies":"Jaw Worm","floor":1,"turns":3},{"damage":6,"enemies":"Small Slimes","floor":2,"turns":3},{"damage":13,"enemies":"Gremlin Nob","floor":6,"turns":5},{"damage":0,"enemies":"3 Sentries","floor":8,"turns":9},{"damage":0,"enemies":"Lagavulin","floor":10,"turns":6},{"damage":0,"enemies":"2 Louse","floor":12,"turns":3},{"damage":0,"enemies":"Looter","floor":13,"turns":4},{"damage":0,"enemies":"Blue Slaver","floor":14,"turns":3},{"damage":0,"enemies":"Slime Boss","floor":16,"turns":9},{"damage":6,"enemies":"Shell Parasite","floor":18,"turns":4},{"damage":0,"enemies":"3 Byrds","floor":20,"turns":3},{"damage":0,"enemies":"Snecko","floor":22,"turns":3},{"damage":58,"enemies":"Gremlin Leader","floor":23,"turns":5},{"damage":0,"enemies":"Masked Bandits","floor":27,"turns":3},{"damage":0,"enemies":"Book of Stabbing","floor":29,"turns":3},{"damage":0,"enemies":"Snake Plant","floor":30,"turns":3},{"damage":31,"enemies":"Champ","floor":33,"turns":8},{"damage":0,"enemies":"3 Darklings","floor":35,"turns":3},{"damage":7,"enemies":"3 Shapes","floor":36,"turns":4},{"damage":0,"enemies":"Maw","floor":38,"turns":4},{"damage":0,"enemies":"Spire Growth","floor":41,"turns":3},{"damage":0,"enemies":"Reptomancer","floor":42,"turns":3},{"damage":0,"enemies":"Writhing Mass","floor":44,"turns":2},{"damage":0,"enemies":"Transient","floor":45,"turns":5},{"damage":7,"enemies":"Giant Head","floor":46,"turns":5},{"damage":0,"enemies":"Maw","floor":48,"turns":3},{"damage":0,"enemies":"Donu and Deca","floor":50,"turns":5},{"damage":60,"enemies":"Donu and Deca","floor":51,"turns":5}],"seed_played":"-7297374290060506499","potions_obtained":[{"floor":1,"key":"SteroidPotion"},{"floor":12,"key":"Swift Potion"},{"floor":14,"key":"Strength Potion"},{"floor":16,"key":"FearPotion"},{"floor":23,"key":"Swift Potion"},{"floor":29,"key":"PowerPotion"},{"floor":35,"key":"Weak Potion"},{"floor":36,"key":"Strength Potion"},{"floor":41,"key":"DuplicationPotion"}],"is_trial":false,"path_per_floor":["M","M","?","?","$","E","R","E","T","E","$","M","M","M","R","B",null,"M","?","M","$","M","E","?","R","T","?","$","E","M","?","R","B",null,"M","M","$","M","?","R","M","E","T","M","M","E","R","M","R","B",null,null],"character_chosen":"Librarian","items_purchased":["Membership Card","FervidEmotions","TendonChords","Finesse+1","GrazeTheGrass","WildCard+1","Deep Breath+1","Bag of Preparation","Happy Flower","PageOfSnowWhitesApple","Pound","TendonChords","WillProduceFineSilk+1"],"campfire_rested":1,"item_purchase_floors":[5,5,11,11,21,21,21,21,28,37,37,37,37],"current_hp_per_floor":[60,54,47,47,47,35,35,35,35,35,35,38,41,44,44,50,77,75,59,61,61,69,17,17,40,40,45,45,51,59,59,59,34,77,77,70,70,76,66,66,77,77,77,77,77,70,70,76,76,77,25],"gold":131,"neow_bonus":"TRANSFORM_CARD","is_daily":false,"chose_seed":false,"campfire_upgraded":6,"win_rate":0.0,"timestamp":1614412937,"path_taken":["M","M","?","?","$","E","R","E","T","E","$","M","M","M","R","BOSS","M","?","M","$","M","E","?","R","T","?","?","E","M","?","R","BOSS","M","M","$","M","?","R","M","E","T","M","M","E","R","M","R","BOSS"],"items_purchased_type":["Relic","Card","Card","Card","Card","Card","Card","Relic","Relic","Relic","Card","Card","Card"],"build_version":"2020-12-22","purchased_purges":1,"victory":true,"max_hp_per_floor":[67,63,63,63,63,91,91,91,91,91,91,77,77,77,77,77,77,77,77,77,77,77,77,77,77,77,77,77,77,77,77,77,77,77,77,77,77,77,77,77,77,77,77,77,77,77,77,77,77,77,77],"card_choices":[{"not_picked":["NonstopAssault","AlloutWar","Quickness","AsThePrescriptOrders","CoordinatedAssault","AbsorbImpact","SetFire","PinpointShot"],"picked":"SharpenedBlade","floor":1},{"not_picked":["HandleRequest","SearingSword","HighKick","GuidanceOfTheGears","EnergyStrike","ClassAndRespect","CoordinatedAssault","FendThisOffIfYouCan"],"picked":"DefenseOrder","floor":2},{"not_picked":["ClassAndRespect","SpearedSweep","SharpSwipe","WildCard","NightInTheBackstreets","BackstreetsDash","FlashOfSunup","SilentNight"],"picked":"WillProduceFineSilk","floor":6},{"not_picked":["Bvapour","Outburst","Parry2","GuardingStance","Tttonst","SerpentSwordTechnique","AutonomousRush","ExtractFuel"],"picked":"JiaoTu","floor":8},{"not_picked":["Unlock1","SteelKnuckles","Marionette+1","TieShanKao","QuickSuppression","VenomousFangs","TraceOfFumes","Outburst"],"picked":"Tttonst+1","floor":10},{"not_picked":["Marionette+1","FleetFootsteps+1","Creak+1","Thrust","Quickness+1","EnergyCycle","Parry2","IngredientHunt"],"picked":"BackAttack+1","floor":12},{"not_picked":["EnergyCycle","EnergyStrike","HighKick","HandleRequest","BindingChains","ExtractFuel+1","SkyClearingCut","InkOver"],"picked":"FleshFillet","floor":13},{"not_picked":["GuardingStance+1","EnergyConversion","LawAndOrder","StayCalm+1","SpearedSweep","AssaultOrder","EndlessBattle","GroundSmash"],"picked":"Unlock1","floor":14},{"not_picked":["Disposal","RipSpace"],"picked":"UnforgettableMelody","floor":16},{"not_picked":["ShockRound","SerpentSwordTechnique+1","AutomatedMovement+1","Rampage_lor","WildCard+1","SharpNails","DefenseOrder+1","ToWhereThePrescriptPoints+1"],"picked":"WillBeTasty","floor":18},{"not_picked":["ChopItOff+1","Unlock1","AlloutWar+1","BurningFlash","Zzzzzap+1","SnakesPrey","DarkCloud","SerpentineBarrier+1"],"picked":"WillProduceFineSilk+1","floor":20},{"not_picked":["Diversion+1","TendonChords","GreatSerpentsImpact","Unlock1+1","NightInTheBackstreets","Parry2","CumulusWall+1","SturdyDefense+1"],"picked":"Retaliate+1","floor":22},{"not_picked":["FleetEdge","DefenseOrder+1","ViolentFlame","Multislash+1","SharpSwipe+1","BulkyImpact+1","RhinoRam","TheWillOfTheCity+1"],"picked":"FrontalAssault+1","floor":23},{"not_picked":["HardRehearsal+1","QuickAttack","PinpointShot+1","BackstreetsDash","AutonomousRush","Reload+1","StrongStrike","CircusKnives"],"picked":"FrontalAssault+1","floor":27},{"not_picked":["GreatSerpentsImpact+1","Leap_lor+1","Lock+1","SharpSwipe","PinpointShot","MultiHit+1","BayonetCombat","RapidGashes"],"picked":"FleetFootsteps+1","floor":29},{"not_picked":["ProselytesBlade","FleetFootsteps+1","Standoff","NightInTheBackstreets+1","StrikeDown","BlowItUp","BulkyImpact","SuanNi+1"],"picked":"TraceOfFumes","floor":30},{"not_picked":["Castigation","DaringDecision"],"picked":"BoundaryOfDeath","floor":33},{"not_picked":["SharpSwipe","BiAn+1","Retaliate+1","Tailoring+1","WillOfThePrescript+1","Wallop_lor","QuickSuppression+1","MultiBlock+1"],"picked":"GrazeTheGrass+1","floor":35},{"not_picked":["NightInTheBackstreets","SnakesPrey+1","EnergyShield+1","SwordOfVolition+1","StructuralAnalysis+1","Transpierce","BindingChains+1","PreemptiveStrike"],"picked":"BiAn+1","floor":36},{"not_picked":["HandleRequest","GuidanceOfTheGears+1","AsThePrescriptOrders+1","Reload+1","StrongStrike+1","NightInTheBackstreets+1","Overcharge+1","ConcentratedFire+1"],"picked":"IronWall+1","floor":38},{"not_picked":["Purity+1","Dramatic Entrance","Bandage Up+1","Impatience+1","Mayhem","Flash of Steel","Master of Strategy+1","Swift Strike"],"picked":"Secret Weapon+1","floor":39},{"not_picked":["Thinking Ahead+1","Purity+1","Panache","The Bomb+1","Flash of Steel","Apotheosis+1","Discovery+1","Transmutation+1"],"picked":"Madness+1","floor":39},{"not_picked":["Dark Shackles+1","Secret Weapon+1","Mind Blast","Dramatic Entrance","Enlightenment+1","Apotheosis+1","Secret Technique+1","Deep Breath+1"],"picked":"Bandage Up+1","floor":39},{"not_picked":["Reload+1","NightInTheBackstreets","GroundSmash","DesperateStruggle+1","Parry","Standoff+1","MultiBlock+1","Riposte"],"picked":"Faith+1","floor":41},{"not_picked":["GatherIntel+1","GreatSerpentsImpact+1","BlowItUp+1","ClassAndRespect","StrongStrike","Thirst","GuidanceOfTheGears+1","MirageStorm"],"picked":"HiddenBlade","floor":42},{"not_picked":["EnergyStrike","IdentifyWeakpoint+1","Diversion+1","FleetEdge+1","EnergyShield+1","HandleRequest","CookingPrep+1","Laceration"],"picked":"Pound+1","floor":44},{"not_picked":["CombatPreparation+1","Rewind+1","Eliminate+1","EnergyStrike+1","PinpointShot","BindingChains+1","SharpenedBlade+1","GreatSerpentsImpact"],"picked":"BackAttack+1","floor":45},{"not_picked":["BiAn+1","FormingStorm","Parry","FeatherShield+1","UpbeatPerformance","SetFire","CoordinatedAssault+1","StrongStrike+1"],"picked":"Unlock1","floor":46},{"not_picked":["EndlessBattle+1","Standoff+1","RatsGuideToSurvival+1","Cruelty","ClassAndRespect+1","FlashOfSunup","SweepTheBackstreets+1","NonstopAssault"],"picked":"Faith+1","floor":48}],"player_experience":97283,"relics_obtained":[{"floor":6,"key":"Anchor"},{"floor":8,"key":"Pen Nib"},{"floor":9,"key":"Toxic Egg 2"},{"floor":10,"key":"PageOfDeadButterflies"},{"floor":19,"key":"Necronomicon"},{"floor":23,"key":"PageOfApocalypseBird"},{"floor":26,"key":"PageOfJudgementBird"},{"floor":27,"key":"Red Mask"},{"floor":29,"key":"Orichalcum"},{"floor":42,"key":"StoneCalendar"},{"floor":42,"key":"PageOfSingingMachine"},{"floor":43,"key":"PageOfFreischutz"},{"floor":46,"key":"CaptainsWheel"},{"floor":46,"key":"The Courier"}],"event_choices":[{"damage_healed":0,"gold_gain":0,"player_choice":"Success","damage_taken":7,"relics_obtained":["FossilizedHelix"],"max_hp_gain":0,"max_hp_loss":0,"event_name":"Scrap Ooze","floor":3,"gold_loss":0},{"damage_healed":0,"gold_gain":72,"player_choice":"Gained Gold","damage_taken":0,"max_hp_gain":0,"max_hp_loss":0,"event_name":"Golden Wing","floor":4,"gold_loss":0},{"damage_healed":0,"gold_gain":0,"player_choice":"Obtained Book","damage_taken":16,"max_hp_gain":0,"max_hp_loss":0,"event_name":"Cursed Tome","floor":19,"gold_loss":0},{"damage_healed":0,"gold_gain":0,"player_choice":"Smashed Altar","damage_taken":0,"max_hp_gain":0,"max_hp_loss":0,"event_name":"Forgotten Altar","floor":24,"gold_loss":0,"cards_obtained":["Decay"]},{"damage_healed":0,"gold_gain":0,"player_choice":"Fought Bandits","damage_taken":0,"max_hp_gain":0,"max_hp_loss":0,"event_name":"Masked Bandits","floor":27,"gold_loss":0},{"damage_healed":0,"gold_gain":0,"player_choice":"Stole Relic","damage_taken":0,"relics_obtained":["Art of War"],"max_hp_gain":0,"max_hp_loss":0,"event_name":"Addict","floor":31,"gold_loss":0,"cards_obtained":["Shame"]},{"damage_healed":0,"gold_gain":0,"player_choice":"Memory 3","damage_taken":10,"max_hp_gain":0,"max_hp_loss":0,"event_name":"SensoryStone","floor":39,"gold_loss":0}],"is_beta":false,"boss_relics":[{"not_picked":["Empty Cage","Fusion Hammer"],"picked":"Astrolabe"},{"not_picked":["Runic Dome","Sozu"],"picked":"Black Star"}],"items_purged_floors":[11],"is_endless":false,"potions_floor_spawned":[1,12,14,16,23,27,29,35,36,41,48],"ascension_level":0}}