{"host":"yx5rao87132cy5xq","time":1614450647,"event":{"mods":["2.2 Compatiblity","AchievementEnabler","BaseMod","Bestiary","Colored Map","Colored Powertips","Highlight Path","Minty Spire (QoL Compilation)","Quick Restart","Relic Stats","Slay-I","SuperFastMode"],"gold_per_floor":[114,124,124,135,159,187,187,204,258,289,289,330,355,379,379,502,502,527,546,456,298,322,357,357,401,401,401,297,317,317,317],"floor_reached":30,"language":"ENG","playtime":2469,"items_purged":["Strike_G"],"score":476,"play_id":"7fb4b389-a615-4220-a089-38627cc2aab5","local_time":"20210227193047","is_ascension_mode":true,"campfire_choices":[{"data":"Noxious Fumes","floor":7.0,"key":"SMITH"},{"data":"Blade Dance","floor":15.0,"key":"SMITH"},{"data":"Blade Dance","floor":24,"key":"SMITH"}],"circlet_count":0,"master_deck":["Strike_G","Strike_G","Strike_G","Defend_G+1","Defend_G","Defend_G+1","Defend_G","Survivor","Neutralize+1","Crippling Poison","Noxious Fumes+1","Calculated Gamble+1","Predator","Blade Dance+1","Cloak And Dagger","Poisoned Stab","Bane","Well Laid Plans","Dagger Spray","Adrenaline","Bane+1","Cloak And Dagger+1","Noxious Fumes","Blade Dance+1","Die Die Die","Catalyst","Finisher+1","Accuracy"],"relics":["Ring of the Snake","War Paint","Gremlin Horn","Akabeko","Happy Flower","Golden Idol","Centennial Puzzle","SacredBark","Letter Opener","Lantern","The Courier","Potion Belt"],"acts_visited":["Exordium","TheCity"],"potions_floor_usage":[23,25,30],"damage_taken":[{"damage":0.0,"enemies":"2 Louse","floor":1.0,"turns":4.0},{"damage":0.0,"enemies":"Cultist","floor":2.0,"turns":4.0},{"damage":7.0,"enemies":"Jaw Worm","floor":4.0,"turns":4.0},{"damage":8.0,"enemies":"3 Sentries","floor":6.0,"turns":7.0},{"damage":0.0,"enemies":"Lots of Slimes","floor":8.0,"turns":3.0},{"damage":0.0,"enemies":"Lagavulin","floor":10.0,"turns":6.0},{"damage":14.0,"enemies":"Gremlin Nob","floor":12.0,"turns":4.0},{"damage":0.0,"enemies":"Large Slime","floor":13.0,"turns":4.0},{"damage":0.0,"enemies":"3 Louse","floor":14.0,"turns":3.0},{"damage":4.0,"enemies":"Slime Boss","floor":16.0,"turns":7.0},{"damage":3,"enemies":"Spheric Guardian","floor":18,"turns":3},{"damage":0,"enemies":"Chosen","floor":19,"turns":3},{"damage":14,"enemies":"Snake Plant","floor":22,"turns":4},{"damage":0,"enemies":"Gremlin Leader","floor":23,"turns":3},{"damage":24,"enemies":"Slavers","floor":25,"turns":4},{"damage":12,"enemies":"Snecko","floor":29,"turns":4},{"damage":13,"enemies":"Sentry and Sphere","floor":30,"turns":3}],"seed_played":"-2101894239565369418","potions_obtained":[{"floor":4.0,"key":"SkillPotion"},{"floor":6.0,"key":"SpeedPotion"},{"floor":8.0,"key":"SpeedPotion"},{"floor":13.0,"key":"Block Potion"},{"floor":14.0,"key":"SpeedPotion"},{"floor":16.0,"key":"Dexterity Potion"},{"floor":22,"key":"LiquidMemories"},{"floor":23,"key":"Swift Potion"}],"is_trial":false,"path_per_floor":["M","M","?","M","T","E","R","M","T","E","?","E","M","M","R","B",null,"M","M","?","$","M","E","R","E","T","?","?","M","M"],"character_chosen":"THE_SILENT","items_purchased":["Noxious Fumes","Blade Dance"],"campfire_rested":0,"item_purchase_floors":[21,21],"current_hp_per_floor":[63,63,63,56,56,48,48,48,48,48,48,34,34,34,34,30,56,53,53,53,53,39,39,39,15,15,15,15,3,0,0],"gold":317,"neow_bonus":"UPGRADE_CARD","is_daily":false,"chose_seed":false,"campfire_upgraded":3,"win_rate":0.0,"timestamp":1614450647,"path_taken":["M","M","?","?","?","E","R","?","T","E","?","E","M","M","R","BOSS","M","M","?","$","?","E","R","E","T","?","?","M","?"],"items_purchased_type":["Card","Card"],"build_version":"2020-12-22","purchased_purges":1,"victory":false,"max_hp_per_floor":[70,70,70,70,70,70,70,70,70,70,65,65,65,65,65,65,65,65,65,65,65,65,65,65,65,65,65,65,65,65,65],"relic_stats":{"Centennial Puzzle":[18],"Gremlin Horn":[12,12],"Happy Flower":[14],"counters":[17,70],"Golden Idol":77,"Letter Opener":[15],"War Paint":["Defend_G","Calculated Gamble"],"obtain_stats":[{"Potion Belt":28,"Centennial Puzzle":12,"Lantern":25,"Gremlin Horn":6,"Happy Flower":10,"Golden Idol":11,"SacredBark":17,"The Courier":26,"Letter Opener":23,"War Paint":5,"Akabeko":9,"Ring of the Snake":0},{"Potion Belt":15,"Centennial Puzzle":7,"Lantern":15,"Gremlin Horn":4,"Happy Flower":6,"Golden Idol":6,"SacredBark":10,"The Courier":15,"Letter Opener":14,"War Paint":3,"Akabeko":5,"Ring of the Snake":0},{"Potion Belt":63,"Centennial Puzzle":32,"Lantern":63,"Gremlin Horn":19,"Happy Flower":28,"Golden Idol":28,"SacredBark":46,"The Courier":63,"Letter Opener":59,"War Paint":12,"Akabeko":22,"Ring of the Snake":0}],"Ring of the Snake":[34]},"card_choices":[{"not_picked":["Prepared","Backflip"],"picked":"Crippling Poison","floor":1.0},{"not_picked":["Flying Knee","Bane"],"picked":"Noxious Fumes","floor":2.0},{"not_picked":["Infinite Blades","Cloak And Dagger"],"picked":"Predator","floor":4.0},{"not_picked":["Expertise","Flechettes"],"picked":"Blade Dance","floor":6.0},{"not_picked":["Acrobatics","Crippling Poison"],"picked":"Cloak And Dagger","floor":8.0},{"not_picked":["Night Terror","Infinite Blades"],"picked":"Poisoned Stab","floor":10.0},{"not_picked":["Dagger Throw","Slice"],"picked":"Bane","floor":12.0},{"not_picked":["Sucker Punch","Backflip"],"picked":"Well Laid Plans","floor":13.0},{"not_picked":["Backflip","Dagger Throw"],"picked":"Dagger Spray","floor":14.0},{"not_picked":["Unload","Wraith Form v2"],"picked":"Adrenaline","floor":16.0},{"not_picked":["Reflex","Dodge and Roll"],"picked":"Bane+1","floor":18},{"not_picked":["Deadly Poison","Dagger Spray"],"picked":"Cloak And Dagger+1","floor":19},{"not_picked":["Blade Dance","Acrobatics"],"picked":"Die Die Die","floor":22},{"not_picked":["Escape Plan","Quick Slash"],"picked":"Catalyst","floor":23},{"not_picked":["Bouncing Flask+1","Dash+1"],"picked":"Finisher+1","floor":25},{"not_picked":["Outmaneuver","Deflect"],"picked":"Accuracy","floor":29}],"player_experience":1243019,"relics_obtained":[{"floor":5.0,"key":"War Paint"},{"floor":6.0,"key":"Gremlin Horn"},{"floor":9.0,"key":"Akabeko"},{"floor":10.0,"key":"Happy Flower"},{"floor":12.0,"key":"Centennial Puzzle"},{"floor":23,"key":"Letter Opener"},{"floor":25,"key":"Lantern"},{"floor":26,"key":"The Courier"}],"event_choices":[{"damage_healed":0.0,"max_hp_gain":0.0,"max_hp_loss":0.0,"gold_gain":0.0,"cards_transformed":["Defend_G"],"event_name":"Transmorgrifier","player_choice":"Transformed","floor":3.0,"gold_loss":0.0,"damage_taken":0.0,"cards_obtained":["Calculated Gamble"]},{"damage_healed":0.0,"max_hp_gain":0.0,"max_hp_loss":5.0,"gold_gain":0.0,"event_name":"Golden Idol","player_choice":"Lose Max HP","floor":11.0,"gold_loss":0.0,"damage_taken":0.0,"relics_obtained":["Golden Idol"]},{"cards_removed":["Strike_G"],"damage_healed":0,"gold_gain":0,"player_choice":"Upgrade and Remove","damage_taken":0,"max_hp_gain":0,"max_hp_loss":0,"event_name":"Designer","floor":20,"gold_loss":90,"cards_upgraded":["Defend_G"]},{"damage_healed":0,"gold_gain":0,"player_choice":"Ignored","damage_taken":0,"max_hp_gain":0,"max_hp_loss":0,"event_name":"Vampires","floor":27,"gold_loss":0},{"damage_healed":0,"gold_gain":0,"player_choice":"Paid Gold","damage_taken":0,"relics_obtained":["Potion Belt"],"max_hp_gain":0,"max_hp_loss":0,"event_name":"WeMeetAgain","floor":28,"gold_loss":104}],"is_beta":false,"boss_relics":[{"not_picked":["Ring of the Serpent","SlaversCollar"],"picked":"SacredBark"}],"items_purged_floors":[21],"is_endless":false,"potions_floor_spawned":[4,6,8,13,14,16,22,23],"killed_by":"Sentry and Sphere","ascension_level":8}}