{"host":"nwd160me4iqdtr8u","time":1614396370,"event":{"mods":["AchievementEnabler","Act Like it!","BaseMod","Colored Map","DeckTracker","Keyboard Shortcuts","Minty Spire (QoL Compilation)","Quick Restart","Rare Cards Sparkle","Smile Girya","StSLib","SuperFastMode","everything is the same but u backflip on backflip"],"gold_per_floor":[134,147,181,194,194,194,248,280,355,355,355,373,373,426,426,426,426],"floor_reached":16,"language":"KOR","playtime":391,"items_purged":[],"score":112,"play_id":"27414928-09df-49a8-82e3-189820315c2b","local_time":"20210227122610","is_ascension_mode":false,"campfire_choices":[{"data":"Fusion","floor":6,"key":"SMITH"},{"floor":10,"key":"REST"},{"data":"HandOfGreed","floor":13,"key":"SMITH"},{"data":"Dualcast","floor":15,"key":"SMITH"}],"circlet_count":0,"master_deck":["Strike_B","Strike_B","Strike_B","Defend_B","Defend_B","Defend_B","Defend_B","Zap","Dualcast+1","HandOfGreed+1","Sunder+1","Turbo","Darkness","Fusion+1","Ball Lightning","Aggregate","Multi-Cast"],"relics":["Cracked Core","Singing Bowl","Unceasing Top"],"acts_visited":["Exordium"],"potions_floor_usage":[7,12,14],"damage_taken":[{"damage":1,"enemies":"Cultist","floor":1,"turns":3},{"damage":2,"enemies":"2 Louse","floor":2,"turns":2},{"damage":8,"enemies":"Jaw Worm","floor":3,"turns":3},{"damage":9,"enemies":"Blue Slaver","floor":4,"turns":3},{"damage":23,"enemies":"Lagavulin","floor":7,"turns":6},{"damage":18,"enemies":"Large Slime","floor":8,"turns":7},{"damage":5,"enemies":"Looter","floor":12,"turns":2},{"damage":17,"enemies":"3 Sentries","floor":14,"turns":4},{"damage":22,"enemies":"The Guardian","floor":16,"turns":2}],"seed_played":"5057529876616258618","potions_obtained":[{"floor":2,"key":"Block Potion"},{"floor":3,"key":"DistilledChaos"},{"floor":4,"key":"FairyPotion"},{"floor":8,"key":"FocusPotion"}],"is_trial":false,"path_per_floor":["M","M","M","M","?","R","E","M","T","R","?","M","R","E","R","B"],"character_chosen":"DEFECT","items_purchased":[],"campfire_rested":1,"item_purchase_floors":[],"current_hp_per_floor":[67,65,57,48,48,48,25,7,7,27,20,15,15,20,20,0,0],"gold":426,"neow_bonus":"RANDOM_COLORLESS_2","is_daily":false,"chose_seed":false,"campfire_upgraded":3,"win_rate":0.0,"timestamp":1614396370,"path_taken":["M","M","?","M","?","R","E","M","T","R","?","M","R","E","R","BOSS"],"items_purchased_type":[],"build_version":"2020-12-22","purchased_purges":0,"victory":false,"max_hp_per_floor":[68,68,68,68,68,68,68,68,68,68,68,68,68,68,68,68,68],"card_choices":[{"not_picked":["Magnetism","Apotheosis"],"picked":"HandOfGreed","floor":0},{"not_picked":["Coolheaded","Chaos"],"picked":"Sunder","floor":1},{"not_picked":["Stack","Tempest"],"picked":"Turbo","floor":2},{"not_picked":["Leap","Hologram"],"picked":"Darkness","floor":3},{"not_picked":["Rip and Tear","Redo"],"picked":"Fusion","floor":4},{"not_picked":["Gash","Leap","Sunder"],"picked":"SKIP","floor":7},{"not_picked":["Scrape","Consume"],"picked":"Ball Lightning","floor":8},{"not_picked":["Steam Power","Turbo"],"picked":"Aggregate","floor":12},{"not_picked":["Conserve Battery","White Noise"],"picked":"Multi-Cast","floor":14}],"player_experience":445353,"relics_obtained":[{"floor":9,"key":"Singing Bowl"},{"floor":14,"key":"Unceasing Top"}],"event_choices":[{"damage_healed":0,"gold_gain":0,"player_choice":"Grow","damage_taken":0,"max_hp_gain":0,"max_hp_loss":0,"event_name":"Living Wall","floor":5,"gold_loss":0,"cards_upgraded":["Sunder"]},{"cards_removed":["Strike_B"],"damage_healed":0,"gold_gain":0,"player_choice":"Card Removal","damage_taken":7,"max_hp_gain":0,"max_hp_loss":0,"event_name":"Golden Wing","floor":11,"gold_loss":0}],"is_beta":false,"boss_relics":[],"items_purged_floors":[],"is_endless":false,"potions_floor_spawned":[2,3,4,8],"killed_by":"The Guardian","ascension_level":0}}