{"host":"ur8591ivwt16uwtw","time":1614385260,"event":{"mods":["BaseMod","Hubris","Minty Spire (QoL Compilation)","Rare Cards Sparkle","Replay The Spire","StSLib","The Disciple","The Necromancer","The Runesmith","The Servant 0.9.4"],"gold_per_floor":[19,30,41,53,64,99,99,129,155,174,194,206,206,224,224,325,325,339,339,350,350,194,194,220,295,295,295,315,315,342,367,367,464,464,482,382,399,416,436,436,463,479,505,520,120,120,84,116,116,116,116,116,43,72,72,72],"floor_reached":55,"language":"ENG","playtime":4020,"items_purged":["Amnesia","Strike_W"],"score":781,"play_id":"b7452a91-da2f-4dc2-b033-1d556ad8a074","local_time":"20210227012100","is_ascension_mode":false,"campfire_choices":[{"data":"Summon_Undead","floor":7.0,"key":"SMITH"},{"data":"Corrupt","floor":15,"key":"SMITH"},{"data":"Summon_Undead_Army","floor":23,"key":"SMITH"},{"data":"Cloudkill","floor":27,"key":"SMITH"},{"data":"Acid_Javelin","floor":32,"key":"SMITH"},{"data":"Negative_Energy_Arrows","floor":40,"key":"SMITH"},{"floor":49,"key":"RECALL"},{"data":"Summon_Undead_Army","floor":52,"key":"SMITH"}],"circlet_count":0,"master_deck":["Defend_W","Defend_W","Defend_W","Defend_W","Negative_Energy_Arrows+1","Bone_Wall","Skeleton_Dragon","Negative_Energy_Shield","Spectral_Armor","Death_Knell","Summon_Undead+1","Slay_Living+1","Blood_Curse+1","Summon_Undead_Army+1","Negative_Energy_Sphere+1","Siphon_Strength","Acid_Javelin+1","Grasp_Heart","Summon_Vampire_Lady+1","Bone_Prison+1","Plague_Bolt+1","Strike_from_Beyond+1","Summon_Undead_Army+1","Bone_Armory"],"relics":["Vampire_Amulet","Matryoshka","hubris:OldNail","Art of War","Ancient Tea Set","Ring of Hypnosis","hubris:ScarierMask","Pen Nib","Runesmith:AutoHammer","Quantum Egg","Bronze Scales","Bag of Marbles","ReplayTheSpireMod:TigerMarble","Astrolabe","hubris:SlimyHat","ClockworkSouvenir","Lantern","Replay:Baseball","Golden Egg"],"acts_visited":["Exordium","TheCity","TheBeyond","TheEnding"],"potions_floor_usage":[16,24,33,55,55,55],"damage_taken":[{"damage":3.0,"enemies":"Cultist","floor":1.0,"turns":4.0},{"damage":0.0,"enemies":"2 Louse","floor":2.0,"turns":3.0},{"damage":2.0,"enemies":"Small Slimes","floor":3.0,"turns":4.0},{"damage":0.0,"enemies":"2 Fungi Beasts","floor":4.0,"turns":5.0},{"damage":1.0,"enemies":"Large Slime","floor":5.0,"turns":7.0},{"damage":15.0,"enemies":"3 Sentries","floor":6.0,"turns":29.0},{"damage":7.0,"enemies":"Lagavulin","floor":8.0,"turns":6.0},{"damage":0.0,"enemies":"Exordium Thugs","floor":10.0,"turns":6.0},{"damage":1,"enemies":"3 Louse","floor":11,"turns":5},{"damage":7,"enemies":"Blue Slaver","floor":12,"turns":4},{"damage":24,"enemies":"Large Slime","floor":14,"turns":7},{"damage":30,"enemies":"Fading Forest","floor":16,"turns":11},{"damage":7,"enemies":"Chosen","floor":18,"turns":5},{"damage":17,"enemies":"Spheric Guardian","floor":20,"turns":4},{"damage":17,"enemies":"Slavers","floor":24,"turns":3},{"damage":0,"enemies":"Shelled Parasite and Fungi","floor":28,"turns":3},{"damage":15,"enemies":"Book of Stabbing","floor":31,"turns":5},{"damage":25,"enemies":"Automaton","floor":33,"turns":6},{"damage":7,"enemies":"Orb Walker","floor":35,"turns":4},{"damage":0,"enemies":"3 Darklings","floor":37,"turns":2},{"damage":14,"enemies":"Jaw Worm Horde","floor":38,"turns":3},{"damage":0,"enemies":"Transient","floor":39,"turns":5},{"damage":4,"enemies":"Giant Head","floor":41,"turns":6},{"damage":28,"enemies":"Writhing Mass","floor":42,"turns":5},{"damage":23,"enemies":"Maw","floor":44,"turns":5},{"damage":2,"enemies":"R_Hoarder","floor":48,"turns":4},{"damage":26,"enemies":"Time Eater","floor":50,"turns":6},{"damage":0,"enemies":"Shield and Spear","floor":54,"turns":3},{"damage":95,"enemies":"The Heart","floor":55,"turns":5}],"seed_played":"-784852727305934854","potions_obtained":[{"floor":3.0,"key":"ColorlessPotion"},{"floor":4.0,"key":"Swift Potion"},{"floor":8.0,"key":"BlessingOfTheForge"},{"floor":11,"key":"Swift Potion"},{"floor":14,"key":"Death Potion"},{"floor":16,"key":"Elixir"},{"floor":28,"key":"SteroidPotion"},{"floor":33,"key":"Energy Potion"},{"floor":35,"key":"Energy Potion"},{"floor":38,"key":"PowerPotion"},{"floor":54,"key":"Swift Potion"}],"is_trial":false,"path_per_floor":["M","M","M","M","M","E","R","E","T","M","M","M","?","M","R","B",null,"M","?","M","?","$","R","E","?","T","R","M","?","T","E","R","B",null,"M","NS","M","M","M","R","E","M","T","M","$","?","$","E","R","B",null,"R","$","E","B"],"character_chosen":"NECROMANCER","items_purchased":["Summon_Undead_Army","ClockworkSouvenir","Lantern","Summon_Undead_Army","Bone_Armory"],"campfire_rested":0,"item_purchase_floors":[22,45,45,47,53],"current_hp_per_floor":[74,75,75,75,75,66,66,61,61,65,70,65,65,45,45,39,75,70,70,55,55,55,55,42,35,35,35,37,37,37,24,24,17,75,75,75,75,75,75,75,75,49,49,37,37,37,37,46,46,37,75,75,75,75,0,0],"gold":72,"neow_bonus":"THREE_RARE_CARDS","is_daily":false,"chose_seed":false,"campfire_upgraded":7,"win_rate":0.0,"timestamp":1614385260,"path_taken":["M","M","M","M","M","E","R","E","T","M","?","M","?","M","R","BOSS","M","?","?","?","$","R","E","?","T","R","?","?","?","E","R","BOSS","M","NS","M","M","M","R","E","M","T","M","$","?","$","E","R","BOSS","R","$","E","BOSS"],"items_purchased_type":["Card","Relic","Relic","Card","Card"],"build_version":"2020-12-22","purchased_purges":2,"victory":false,"max_hp_per_floor":[75,75,75,75,75,75,75,75,75,75,75,75,75,75,75,75,75,75,75,75,75,75,75,75,75,75,75,75,75,75,75,75,75,75,75,75,75,75,75,75,75,75,75,75,75,75,75,75,75,75,75,75,75,75,75,75],"card_choices":[{"not_picked":["Blood_Wake","Blood_Magic"],"picked":"Skeleton_Dragon","floor":0.0},{"not_picked":["Bone_Spikes","Consume_Illness","Violent_Necrosis"],"picked":"SKIP","floor":1.0},{"not_picked":["Bones_to_Steel","Shackles_Of_Pain"],"picked":"Negative_Energy_Shield","floor":2.0},{"not_picked":["Bones_to_Steel","Blood_Whip"],"picked":"Spectral_Armor","floor":3.0},{"not_picked":["Blood_Whip","Flesh_Made_Foul"],"picked":"Death_Knell","floor":4.0},{"not_picked":["Bone_Shift","Shackles_Of_Pain"],"picked":"Corrupt","floor":5.0},{"not_picked":["Scare","Strike_from_Beyond"],"picked":"Summon_Undead","floor":6.0},{"not_picked":["Consume_Illness","Necromantic_Selection","Detonate_Bones"],"picked":"SKIP","floor":8.0},{"not_picked":["Finger_Of_Death","Blood_Whip"],"picked":"Slay_Living","floor":10.0},{"not_picked":["Toxic_Smoke_Screen","Death_March_Dance","Death_Coil"],"picked":"SKIP","floor":11},{"not_picked":["Shackles_Of_Pain","Vampiric_Strike","Bone_Spikes"],"picked":"SKIP","floor":12},{"not_picked":["Vampiric_Strike","Corrupt","Strike_from_Beyond"],"picked":"SKIP","floor":14},{"not_picked":["Blood_Magic","Skeleton_Dragon"],"picked":"Cloudkill","floor":16},{"not_picked":["Negative_Energy_Shield+1","Blood_Is_Power"],"picked":"Blood_Curse+1","floor":18},{"not_picked":["Life_Tap","Shade_Step","Shackles_Of_Pain"],"picked":"SKIP","floor":20},{"not_picked":["Chill_Blood","Blood_for_Blood"],"picked":"Negative_Energy_Sphere+1","floor":24},{"not_picked":["Cloudkill","Scare"],"picked":"Siphon_Strength","floor":28},{"not_picked":["Bone_Prison","Corrupt"],"picked":"Acid_Javelin","floor":31},{"not_picked":["Blood_Wake","Blood_Magic"],"picked":"Grasp_Heart","floor":33},{"not_picked":["Epidemic","Violent_Necrosis","Shackles_Of_Pain"],"picked":"SKIP","floor":35},{"not_picked":["Bone_Spikes+1","Scare+1","Violent_Necrosis+1"],"picked":"SKIP","floor":37},{"not_picked":["Negative_Energy_Mist","Toxic_Smoke_Screen","Negative_Energy_Javelin"],"picked":"SKIP","floor":38},{"not_picked":["Shackles_Of_Pain","Death_March_Dance+1","Shade_Step"],"picked":"SKIP","floor":39},{"not_picked":["Finger_Of_Death+1","Reap_The_Weak"],"picked":"Strike_from_Beyond+1","floor":41},{"not_picked":["Scare","Bone_Spikes","Bones_to_Steel+1"],"picked":"SKIP","floor":42},{"not_picked":["Shade_Step","Exploit","Death_March_Dance+1"],"picked":"SKIP","floor":44},{"not_picked":["Bone_Bullets","Scare+1","Blood_Magic"],"picked":"SKIP","floor":48},{"not_picked":["Finger_Of_Death+1","Toxic_Smoke_Screen+1","Reap_The_Weak"],"picked":"SKIP","floor":54}],"player_experience":2352494,"relics_obtained":[{"floor":6.0,"key":"Matryoshka"},{"floor":8.0,"key":"hubris:OldNail"},{"floor":9.0,"key":"Art of War"},{"floor":9.0,"key":"Ancient Tea Set"},{"floor":13,"key":"Ring of Hypnosis"},{"floor":24,"key":"Runesmith:AutoHammer"},{"floor":26,"key":"Quantum Egg"},{"floor":26,"key":"Bronze Scales"},{"floor":30,"key":"Bag of Marbles"},{"floor":31,"key":"ReplayTheSpireMod:TigerMarble"},{"floor":41,"key":"hubris:SlimyHat"},{"floor":48,"key":"Replay:Baseball"},{"floor":54,"key":"Golden Egg"}],"event_choices":[{"damage_healed":0,"gold_gain":0,"player_choice":"Gave Potion","damage_taken":0,"relics_obtained":["Pen Nib"],"max_hp_gain":0,"max_hp_loss":0,"event_name":"WeMeetAgain","floor":19,"gold_loss":0},{"damage_healed":0,"gold_gain":0,"player_choice":"Ignored","damage_taken":0,"max_hp_gain":0,"max_hp_loss":0,"event_name":"Ghosts","floor":21,"gold_loss":0},{"damage_healed":0,"gold_gain":75,"player_choice":"Touch","damage_taken":7,"max_hp_gain":0,"max_hp_loss":0,"event_name":"FaceTrader","floor":25,"gold_loss":0},{"damage_healed":0,"gold_gain":0,"player_choice":"Ignored","damage_taken":0,"max_hp_gain":0,"max_hp_loss":0,"event_name":"Vampires","floor":29,"gold_loss":0}],"is_beta":false,"boss_relics":[{"not_picked":["Kintsugi","Ring of Chaos"],"picked":"hubris:ScarierMask"},{"not_picked":["Black Star","Replay:Ancient Bell"],"picked":"Astrolabe"}],"items_purged_floors":[22,45],"is_endless":false,"potions_floor_spawned":[3,4,8,11,14,16,28,33,35,38,54],"killed_by":"The Heart","ascension_level":0}}