{"host":"xnjcin1g6gswdgtt","time":1614448331,"event":{"mods":["2.2 Compatiblity","Act Like it!","Arknights","Aspiration","Astrologer","BaseMod","Beaked The Cultist","Better Altar","Better Match","Better Note","Better Sensory Stone","Better Skull","Better Third Choice","Better Vampires","BetterRewards","Bossed Relics","Card Forge","CatGirl Mod","ChefMod","Colored Map","Colored Powertips","Conspire","Dota2Spire","Downfall","Duelist Mod","Elementarium","Energized Spire","Friendly Minions","Gold Saver","Gremlin Mod","GungeonMod","Hero for Fun","Highlight Path","Hubris","Jedi Mod","JesterMod","Marisa????????","Marked Mod","Menagerie","Minty Spire (QoL Compilation)","Pale of the Ancients","QueenMod","Quick Restart","Rare Cards Sparkle","Relic Stats","Reliquary","Replay The Spire","Robot Space Explorer","Ruina","Shade Mod","Shapeshifter Mod","Shop Mod","Small Relic Pack","Smile Girya","Spicy Shops","StSLib","The Alterego","The Animator","The Blue Laboratory","The Clintock","The Construct","The Cursed","The Death Knight","The Disciple","The Dragon Tamer","The Forsaken","The Hierophant","The Marked","The Mystic","The Necromancer","The Poker Player","The Runesmith","The Saiyan","The Servant 0.9.4","The Showman","The Wild Card","TheBandit","TheSwordswoman","TheVacant","Trackpad","Yuri Mod","??????REMEMod"],"gold_per_floor":[1131,1151,1170,1170,1170,1180,1206,1231,1249,1269,1269,1337,1347,1365,1380,1478,1478,1343,1358,1358,1358,1545,1556,1609,1621,1640,1655,1685,1685,1704,1704,1715,1810,1810,1810,1810,1502,1514,1530,1542,1542,1588,1600,1600,1112,1036,1036,1036,1054,1054,1065,1081,1098,711,711,711,711,106,106,106],"floor_reached":61,"language":"ENG","playtime":16725,"items_purged":[],"score":1453,"play_id":"9ac1f139-0054-4e60-95d3-1f5e8832c9b6","local_time":"20210227115211","is_ascension_mode":false,"campfire_choices":[{"floor":1.0,"key":"RECALL"},{"data":"theDuelist:ToonTypeCard","floor":35.0,"key":"SMITH"},{"floor":57,"key":"REST"}],"circlet_count":0,"master_deck":["conspire:GhostlyStrike+1","theDuelist:ToonDarkMagicianGirl+1","theDuelist:ToonSummonedSkull+1","theDuelist:ToonBarrelDragon+1","theDuelist:ToonMermaid+1","theDuelist:ToonMagic+1","theDuelist:ToonKingdom+1","theDuelist:PotGenerosity+1","theDuelist:ToonMermaid+1","theDuelist:RedEyesToon+1","theDuelist:ToonMask+1","conspire:GhostlyDefend+1","Pot Of Greed+1","Madness+1","theDuelist:Metronome+1","theDuelist:ToonAncientGear+1","theDuelist:Metronome+1","Pot Of Greed+1","theDuelist:ToonDefense+8","conspire:GhostlyDefend+1","theDuelist:ToonDarkMagicianGirl+1","Pot Of Greed+1","theDuelist:ToonMermaid+1","theDuelist:Metronome+1","theDuelist:BlueEyesToon+1","theDuelist:ToonGoblin+1","theDuelist:ToonDefense+8","theDuelist:TrapHole+1","theDuelist:ToonGeminiElf+1","theDuelist:ToonGeminiElf+1","Pot Of Greed+1"],"relics":["theDuelist:MillenniumPuzzle","Hammer of Thor","Seething Fire","Anvil of the Gods","REME_ComplimentaryCards","Grinning Jar","aspiration:ChemicalBlood","theDuelist:SummonAnchor","Dota2Spire:MonkeyKingBar","downfall:HeartBlessingRed","downfall:HeartBlessingGreen","MerchantsRug","hubris:BallOfYels","theForsaken:Lifeblossom","trackpad:ByrdCharm","hubris:Icosahedron","trackpad:AdjectivePendant","Dota2Spire:UrnOfShadows","trackpad:Mousetrap","Bronze Scales","reliquary:RoseTintedGlasses","Replay:Multitool","theForsaken:PlagueMask","theDuelist:TributeEggRelic","hubris:EmptyBottle","Runesmith:AutoHammer","paleoftheancients:Timepiece","paleoftheancients:KeyRelic","Ice Cream","paleoftheancients:SoulOfTheCollector","paleoftheancients:BlurryLens","conspire:IceCreamScoop","DemoMod:ClearGuonStone","aspiration:FrozenJewel","theDuelist:DuelistLetterOpener","theDuelist:MerchantPendant"],"acts_visited":["Exordium","TheCity","TheBeyond","paleoftheancients:PaleOfTheAncients"],"potions_floor_usage":[60,60,60],"damage_taken":[{"damage":3.0,"enemies":"ats:Genji","floor":2.0,"turns":2.0},{"damage":2.0,"enemies":"2 Louse","floor":3.0,"turns":2.0},{"damage":4.0,"enemies":"Cultist","floor":6.0,"turns":2.0},{"damage":1.0,"enemies":"Lagavulin","floor":8.0,"turns":3.0},{"damage":5.0,"enemies":"3 Louse","floor":9.0,"turns":2.0},{"damage":1.0,"enemies":"Blue Slaver","floor":10.0,"turns":2.0},{"damage":0.0,"enemies":"downfall:LooterAlt","floor":13.0,"turns":2.0},{"damage":0.0,"enemies":"Large Slime","floor":14.0,"turns":2.0},{"damage":5.0,"enemies":"Gremlin Gang","floor":15.0,"turns":2.0},{"damage":0.0,"enemies":"SI_SHIV_ARCHETYPE","floor":16.0,"turns":4.0},{"damage":2.0,"enemies":"downfall:LooterAlt2","floor":19.0,"turns":3.0},{"damage":2.0,"enemies":"downfall:FleeingMerchant","floor":22.0,"turns":4.0},{"damage":2.0,"enemies":"Spheric Guardian","floor":23.0,"turns":2.0},{"damage":2.0,"enemies":"Snake Plant","floor":25.0,"turns":3.0},{"damage":0.0,"enemies":"Centurion and Healer","floor":26.0,"turns":3.0},{"damage":3.0,"enemies":"Snecko","floor":27.0,"turns":3.0},{"damage":2.0,"enemies":"conspire:SneckoGhost","floor":28.0,"turns":4.0},{"damage":1.0,"enemies":"Snake Plant","floor":30.0,"turns":1.0},{"damage":3.0,"enemies":"Centurion and Healer","floor":32.0,"turns":2.0},{"damage":4.0,"enemies":"IC_MUSHROOM_ARCHETYPE","floor":33.0,"turns":4.0},{"damage":0.0,"enemies":"3 Shapes","floor":38.0,"turns":3.0},{"damage":0.0,"enemies":"3 Darklings","floor":39.0,"turns":4.0},{"damage":0.0,"enemies":"Transient","floor":40.0,"turns":5.0},{"damage":1.0,"enemies":"2 Orb Walkers","floor":42.0,"turns":2.0},{"damage":11.0,"enemies":"Writhing Mass","floor":43.0,"turns":4.0},{"damage":2.0,"enemies":"Jaw Worm Horde","floor":49.0,"turns":2.0},{"damage":28.0,"enemies":"DF_ARCHETYPE_ORBS","floor":50.0,"turns":4.0},{"damage":82.0,"enemies":"DF_ARCHETYPE_ORBS","floor":51.0,"turns":6.0},{"damage":0.0,"enemies":"DF_ARCHETYPE_ORBS","floor":52.0,"turns":6.0},{"damage":0.0,"enemies":"paleoftheancients:BASlime3","floor":53.0,"turns":1.0},{"damage":112,"enemies":"","floor":56,"turns":5},{"damage":18,"enemies":"paleoftheancients:N","floor":60,"turns":11}],"seed_played":"905938376060800749","potions_obtained":[{"floor":2.0,"key":"Swift Potion"},{"floor":3.0,"key":"theDuelist:StunPotion"},{"floor":13.0,"key":"REME_GoldPotion"},{"floor":23.0,"key":"PowerPotion"},{"floor":25.0,"key":"DistilledChaos"},{"floor":30.0,"key":"LifebloodPotion"},{"floor":32.0,"key":"theDuelist:BurningPotion"},{"floor":33.0,"key":"Dota2Spire:HealingSalve"},{"floor":39.0,"key":"theDuelist:BigOrbBottle"},{"floor":51.0,"key":"theDuelist:WaterBottle"},{"floor":60,"key":"theDuelist:GiftPotion"},{"floor":60,"key":"Block Potion"}],"is_trial":false,"path_per_floor":["R","M","M","?","?","M","T","E","M","M","?","T","M","M","M","B",null,"R_BF","M","?","?","$","M","T","M","M","M","E","?","M","?","M","B",null,"R","?","$","M","M","M","T","?","M","?","R","$","R","?","M","B","M","M","M","$","R","M","R","$","?","B",null],"character_chosen":"THE_DUELIST","items_purchased":["theDuelist:ToonMagic","theDuelist:ToonMask","MerchantsRug","theDuelist:Solidarity","hubris:BallOfYels","theDuelist:ToonMermaid","trackpad:AdjectivePendant","Dota2Spire:UrnOfShadows","trackpad:Mousetrap","Bronze Scales","theDuelist:TributeEggRelic","theDuelist:BlueEyesToon","hubris:EmptyBottle","theDuelist:ToonGoblin","conspire:IceCreamScoop","DemoMod:ClearGuonStone","theDuelist:ToonDefense","aspiration:FrozenJewel","theDuelist:DuelistLetterOpener","theDuelist:MerchantPendant","theDuelist:TrapHole","theDuelist:ToonGeminiElf"],"campfire_rested":1,"item_purchase_floors":[22,22,22,22,22,37,37,37,37,37,45,45,45,46,54,54,54,58,58,58,58,58],"current_hp_per_floor":[80,77,75,87,87,83,83,82,77,76,64,64,64,64,59,59,92,92,90,90,90,88,86,86,89,92,90,90,90,89,89,89,91,92,92,92,92,92,92,92,92,92,85,85,85,85,85,68,77,93,57,80,89,89,95,67,95,95,95,77],"gold":106,"neow_bonus":"THREE_CARDS","is_daily":false,"chose_seed":false,"campfire_upgraded":1,"win_rate":0.0,"timestamp":1614448331,"path_taken":["R","M","M","?","?","?","T","E","M","?","?","?","M","M","M","BOSS","R_BF","M","?","?","$","M","T","M","?","M","E","?","M","?","M","BOSS","R","?","?","?","M","?","T","?","M","?","R","$","R","?","M","BOSS","M","M","?","$","R","M","R","$","?","BOSS"],"items_purchased_type":["Card","Card","Relic","Card","Relic","Card","Relic","Relic","Relic","Relic","Relic","Card","Relic","Card","Relic","Relic","Card","Relic","Relic","Relic","Card","Card"],"build_version":"2020-12-22","purchased_purges":0,"victory":true,"max_hp_per_floor":[80,80,80,92,92,92,92,92,92,92,92,92,92,92,92,92,92,92,92,92,92,92,92,92,92,92,92,92,92,92,92,92,92,92,92,92,92,92,92,92,92,92,89,89,89,89,89,89,89,93,95,95,95,95,95,95,95,95,95,95],"relic_stats":{"counters":[32,105],"Bronze Scales":[181],"obtain_stats":[{"Ice Cream":50,"hubris:BallOfYels":22,"trackpad:Mousetrap":37,"theDuelist:SummonAnchor":11,"downfall:HeartBlessingGreen":18,"theForsaken:Lifeblossom":24,"Hammer of Thor":0,"DemoMod:GlassGuonStoneRelic":2,"aspiration:PoetsPen_weak":34,"Replay:Multitool":42,"theDuelist:MillenniumPuzzle":0,"hubris:EmptyBottle":45,"theForsaken:PlagueMask":44,"trackpad:ByrdCharm":28,"theDuelist:BoosterPackPoolRelic":0,"hubris:Icosahedron":31,"theDuelist:DuelistLetterOpener":58,"theDuelist:CardPoolAddRelic":0,"reliquary:RoseTintedGlasses":41,"theDuelist:CardPoolOptionsRelic":0,"trackpad:AdjectivePendant":37,"DemoMod:ClearGuonStone":54,"theDuelist:CardPoolRelic":0,"aspiration:ChemicalBlood":8,"MerchantsRug":22,"paleoftheancients:KeyRelic":50,"Dota2Spire:UrnOfShadows":37,"theDuelist:TributeEggRelic":45,"downfall:HeartBlessingRed":18,"paleoftheancients:BlurryLens":53,"theDuelist:MerchantPendant":58,"theDuelist:CardPoolSaveRelic":0,"Seething Fire":0,"aspiration:FrozenJewel":58,"paleoftheancients:Timepiece":50,"theDuelist:CardPoolMinusRelic":0,"Busted Crown":17,"Anvil of the Gods":0,"theDuelist:CardPoolBasicRelic":0,"Bronze Scales":37,"Runesmith:AutoHammer":48,"Grinning Jar":7,"paleoftheancients:SoulOfTheCollector":51,"Dota2Spire:MonkeyKingBar":12,"conspire:IceCreamScoop":54,"REME_ComplimentaryCards":0},{"Ice Cream":27,"hubris:BallOfYels":12,"trackpad:Mousetrap":20,"theDuelist:SummonAnchor":6,"downfall:HeartBlessingGreen":10,"theForsaken:Lifeblossom":13,"Hammer of Thor":0,"DemoMod:GlassGuonStoneRelic":1,"aspiration:PoetsPen_weak":20,"Replay:Multitool":24,"theDuelist:MillenniumPuzzle":0,"hubris:EmptyBottle":25,"theForsaken:PlagueMask":25,"trackpad:ByrdCharm":17,"theDuelist:BoosterPackPoolRelic":0,"hubris:Icosahedron":18,"theDuelist:DuelistLetterOpener":31,"theDuelist:CardPoolAddRelic":0,"reliquary:RoseTintedGlasses":23,"theDuelist:CardPoolOptionsRelic":0,"trackpad:AdjectivePendant":20,"DemoMod:ClearGuonStone":30,"theDuelist:CardPoolRelic":0,"aspiration:ChemicalBlood":4,"MerchantsRug":12,"paleoftheancients:KeyRelic":27,"Dota2Spire:UrnOfShadows":20,"theDuelist:TributeEggRelic":25,"downfall:HeartBlessingRed":10,"paleoftheancients:BlurryLens":30,"theDuelist:MerchantPendant":31,"theDuelist:CardPoolSaveRelic":0,"Seething Fire":0,"aspiration:FrozenJewel":31,"paleoftheancients:Timepiece":27,"theDuelist:CardPoolMinusRelic":0,"Busted Crown":10,"Anvil of the Gods":0,"theDuelist:CardPoolBasicRelic":0,"Bronze Scales":20,"Runesmith:AutoHammer":25,"Grinning Jar":3,"paleoftheancients:SoulOfTheCollector":28,"Dota2Spire:MonkeyKingBar":6,"conspire:IceCreamScoop":30,"REME_ComplimentaryCards":0},{"Ice Cream":76,"hubris:BallOfYels":30,"trackpad:Mousetrap":52,"theDuelist:SummonAnchor":13,"downfall:HeartBlessingGreen":23,"theForsaken:Lifeblossom":32,"Hammer of Thor":0,"DemoMod:GlassGuonStoneRelic":2,"aspiration:PoetsPen_weak":52,"Replay:Multitool":66,"theDuelist:MillenniumPuzzle":0,"hubris:EmptyBottle":70,"theForsaken:PlagueMask":70,"trackpad:ByrdCharm":45,"theDuelist:BoosterPackPoolRelic":0,"hubris:Icosahedron":46,"theDuelist:DuelistLetterOpener":94,"theDuelist:CardPoolAddRelic":0,"reliquary:RoseTintedGlasses":64,"theDuelist:CardPoolOptionsRelic":0,"trackpad:AdjectivePendant":52,"DemoMod:ClearGuonStone":89,"theDuelist:CardPoolRelic":0,"aspiration:ChemicalBlood":9,"MerchantsRug":30,"paleoftheancients:KeyRelic":76,"Dota2Spire:UrnOfShadows":52,"theDuelist:TributeEggRelic":70,"downfall:HeartBlessingRed":23,"paleoftheancients:BlurryLens":89,"theDuelist:MerchantPendant":94,"theDuelist:CardPoolSaveRelic":0,"Seething Fire":0,"aspiration:FrozenJewel":94,"paleoftheancients:Timepiece":76,"theDuelist:CardPoolMinusRelic":0,"Busted Crown":23,"Anvil of the Gods":0,"theDuelist:CardPoolBasicRelic":0,"Bronze Scales":52,"Runesmith:AutoHammer":70,"Grinning Jar":6,"paleoftheancients:SoulOfTheCollector":82,"Dota2Spire:MonkeyKingBar":13,"conspire:IceCreamScoop":89,"REME_ComplimentaryCards":0}]},"card_choices":[{"not_picked":["theDuelist:RedEyesToon","theDuelist:ToonSummonedSkull"],"picked":"theDuelist:ToonMermaid","floor":0.0},{"not_picked":["Apotheosis","Blind","Discovery"],"picked":"Enlightenment","floor":2.0},{"not_picked":["theDuelist:Blockman","theDuelist:ForbiddenLance","theDuelist:OrbMetronome","theDuelist:WingedKuribohLv10"],"picked":"theDuelist:Metronome","floor":3.0},{"not_picked":["theDuelist:MangaRyuRan","theDuelist:CheerfulCoffin","theDuelist:RedEyesToon","theDuelist:SpellShatteringArrow"],"picked":"theDuelist:ToonBarrelDragon","floor":6.0},{"not_picked":["theDuelist:SpellShatteringArrow","theDuelist:CheerfulCoffin","theDuelist:RedEyesToon","theDuelist:MangaRyuRan"],"picked":"theDuelist:ToonDefense","floor":8.0},{"not_picked":["theDuelist:ToonWorld","theDuelist:Sparks"],"picked":"theDuelist:Metronome","floor":9.0},{"not_picked":["theDuelist:TrapHole","theDuelist:ToonBriefcase","theDuelist:ToonCannonSoldier","theDuelist:HeartUnderdog"],"picked":"theDuelist:ToonKingdom","floor":10.0},{"not_picked":["theDuelist:ToonMermaid","theDuelist:FlyingSaucer","theDuelist:SpellShatteringArrow","theDuelist:ToonRollback"],"picked":"theDuelist:RedEyesToon","floor":13.0},{"not_picked":["theDuelist:Mudora","theDuelist:GreenGraveOni","theDuelist:Jinzo","theDuelist:MagicHoleGolem"],"picked":"theDuelist:RockSunrise","floor":14.0},{"not_picked":["theDuelist:ToonDarkMagician","theDuelist:ToonGeminiElf","theDuelist:ToonMaskedSorcerer","theDuelist:RainbowKuriboh"],"picked":"theDuelist:ToonDarkMagicianGirl","floor":15.0},{"not_picked":["theDuelist:Blockman","theDuelist:SolemnStrike","theDuelist:UltraPolymerization","theDuelist:TheCreator"],"picked":"theDuelist:PotGenerosity","floor":16.0},{"not_picked":["theDuelist:WormBarses"],"picked":"SKIP","floor":19.0},{"not_picked":["theDuelist:ClearKuriboh"],"picked":"SKIP","floor":22.0},{"not_picked":["theDuelist:CheerfulCoffin"],"picked":"SKIP","floor":23.0},{"not_picked":["theDuelist:TimeSeal+1"],"picked":"SKIP","floor":25.0},{"not_picked":["theDuelist:Mathematician"],"picked":"SKIP","floor":26.0},{"not_picked":["theDuelist:DestroyerGolem+1"],"picked":"SKIP","floor":27.0},{"not_picked":["theDuelist:DestroyerGolem+1"],"picked":"SKIP","floor":27.0},{"not_picked":[],"picked":"theDuelist:ToonDarkMagicianGirl","floor":28.0},{"not_picked":["theDuelist:PreventRat+1"],"picked":"SKIP","floor":30.0},{"not_picked":["theDuelist:ToonMask"],"picked":"SKIP","floor":32.0},{"not_picked":["theDuelist:AncientGearFist+1"],"picked":"SKIP","floor":38.0},{"not_picked":[],"picked":"theDuelist:Metronome","floor":39.0},{"not_picked":["theDuelist:ToonMermaid+1"],"picked":"SKIP","floor":40.0},{"not_picked":["theDuelist:SpellShatteringArrow"],"picked":"SKIP","floor":43.0},{"not_picked":["theDuelist:AncientGearFist+1","theDuelist:ComicHand+1","theDuelist:BlueEyesToon+1"],"picked":"SKIP","floor":49.0},{"not_picked":["theDuelist:HammerShot+1"],"picked":"SKIP","floor":51.0},{"not_picked":["theDuelist:CheerfulCoffin+1"],"picked":"SKIP","floor":52.0},{"not_picked":["theDuelist:ToonMagic+1"],"picked":"SKIP","floor":53.0}],"player_experience":310805,"relics_obtained":[{"floor":7.0,"key":"Grinning Jar"},{"floor":8.0,"key":"aspiration:ChemicalBlood"},{"floor":12.0,"key":"Dota2Spire:MonkeyKingBar"},{"floor":24.0,"key":"theForsaken:Lifeblossom"},{"floor":28.0,"key":"trackpad:ByrdCharm"},{"floor":41.0,"key":"reliquary:RoseTintedGlasses"},{"floor":42.0,"key":"Replay:Multitool"},{"floor":51.0,"key":"paleoftheancients:SoulOfTheCollector"},{"floor":53.0,"key":"paleoftheancients:BlurryLens"}],"event_choices":[{"damage_healed":0.0,"max_hp_gain":0.0,"max_hp_loss":0.0,"gold_gain":0.0,"event_name":"Tomb of the Nameless","player_choice":"Break - +12 Max HP","duelist":true,"floor":4.0,"gold_loss":0.0,"damage_taken":0.0},{"damage_healed":0.0,"max_hp_gain":0.0,"max_hp_loss":0.0,"gold_gain":0.0,"event_name":"conspire:LoneGhost","player_choice":"Agree","floor":5.0,"gold_loss":0.0,"damage_taken":0.0},{"damage_healed":0.0,"max_hp_gain":0.0,"max_hp_loss":0.0,"gold_gain":1.0,"event_name":"betterThird:BetterScrap","player_choice":"Relic ","floor":11.0,"gold_loss":0.0,"damage_taken":12.0,"cards_obtained":["Brutality"]},{"damage_healed":0.0,"max_hp_gain":0.0,"max_hp_loss":0.0,"gold_gain":0.0,"event_name":"Card Trader","player_choice":"Leave","duelist":true,"floor":20.0,"gold_loss":0.0,"damage_taken":0.0},{"damage_healed":0.0,"max_hp_gain":0.0,"max_hp_loss":0.0,"gold_gain":0.0,"event_name":"betterNote:BetterNote","player_choice":"Ignored","floor":21.0,"gold_loss":0.0,"damage_taken":0.0,"cards_obtained":["theMarked:Defend"]},{"damage_healed":0.0,"max_hp_gain":0.0,"max_hp_loss":0.0,"gold_gain":0.0,"event_name":"conspire:Investor","player_choice":"Leave","floor":29.0,"gold_loss":0.0,"damage_taken":0.0},{"cards_removed":["theDuelist:RockSunrise"],"damage_healed":0.0,"max_hp_gain":0.0,"max_hp_loss":0.0,"gold_gain":0.0,"event_name":"Falling","player_choice":"Removed Power","floor":36.0,"gold_loss":0.0,"damage_taken":0.0},{"damage_healed":0.0,"max_hp_gain":0.0,"max_hp_loss":0.0,"gold_gain":0.0,"event_name":"Mysterious Sphere","player_choice":"Fight","floor":42.0,"gold_loss":0.0,"damage_taken":0.0},{"damage_healed":0.0,"max_hp_gain":0.0,"max_hp_loss":0.0,"gold_gain":0.0,"event_name":"Plague Doctor","player_choice":"Obtain Plague Curse","floor":44.0,"gold_loss":0.0,"damage_taken":0.0,"cards_obtained":["theForsaken:PlagueCurse"]},{"damage_healed":0.0,"max_hp_gain":0.0,"max_hp_loss":0.0,"gold_gain":0.0,"event_name":"betterSkull:BetterSkull","player_choice":"RE ","floor":48.0,"gold_loss":0.0,"damage_taken":19.0,"cards_upgraded":[],"relics_obtained":["Runesmith:AutoHammer"]}],"is_beta":false,"boss_relics":[{"not_picked":["Replay:Bronze Core","ChewingGum"],"picked":"Busted Crown"},{"not_picked":["hubris:GrandSneckoEye","hubris:BlackHole"],"picked":"aspiration:PoetsPen_weak"}],"items_purged_floors":[],"is_endless":false,"potions_floor_spawned":[2,3,9,13,23,25,30,32,33,39,42,49,53,56],"ascension_level":0}}