{"host":"1ot21gvocus9hpzo","time":1614386652,"event":{"mods":["BaseMod","Colored Map","Colored Powertips","Infinite Spire","Minty Spire (QoL Compilation)","StSLib"],"gold_per_floor":[110,129,142,162,31,59,59,77,77,97,97,97,125,145,145,219,219,237,261,261,273,286,306,306,326,326,361,361,361,395,90,90,173,173,194,111,127,139,139],"floor_reached":38,"language":"ENG","playtime":1765,"items_purged":["Strike_B","Hyperbeam"],"score":1056,"play_id":"56520343-c79c-40d0-afad-583dd596c0a7","local_time":"20210226164412","is_ascension_mode":true,"campfire_choices":[{"floor":7,"key":"REST"},{"data":"Go for the Eyes","floor":12,"key":"SMITH"},{"floor":15,"key":"REST"},{"data":"Dualcast","floor":24,"key":"SMITH"},{"data":"White Noise","floor":29,"key":"SMITH"},{"data":"Defragment","floor":32,"key":"SMITH"}],"circlet_count":0,"master_deck":["AscendersBane","Zap","Dualcast+1","Glacier","BootSequence","Go for the Eyes+1","Coolheaded","Doom and Gloom","Coolheaded","White Noise+1","Electrodynamics","Chill","Thunder Strike","Tempest","Seek","Reinforced Body","Conserve Battery","infinitespire:UltimateForm","Ball Lightning","Glacier","Barrage","Conserve Battery","Defragment+1","Meteor Strike","Core Surge","CurseOfTheBell","Loop","Defragment","Barrage+1"],"relics":["Cracked Core","Potion Belt","Letter Opener","Gambling Chip","Incense Burner","Pandora\u0027s Box","Strawberry","Inserter","Bottled Tornado","infinitespire:Midas Blood","Ornamental Fan","Orrery","Calling Bell","Toy Ornithopter","infinitespire:ShieldingShard","Dead Branch"],"acts_visited":["Exordium","TheCity","TheBeyond"],"potions_floor_usage":[16,27,33],"damage_taken":[{"damage":2,"enemies":"Cultist","floor":1,"turns":4},{"damage":3,"enemies":"2 Louse","floor":2,"turns":3},{"damage":7,"enemies":"Small Slimes","floor":3,"turns":4},{"damage":0,"enemies":"Exordium Wildlife","floor":4,"turns":3},{"damage":46,"enemies":"Lagavulin","floor":6,"turns":14},{"damage":0,"enemies":"Red Slaver","floor":8,"turns":4},{"damage":1,"enemies":"3 Louse","floor":10,"turns":2},{"damage":20,"enemies":"Gremlin Nob","floor":13,"turns":5},{"damage":2,"enemies":"Gremlin Gang","floor":14,"turns":3},{"damage":0,"enemies":"Slime Boss","floor":16,"turns":7},{"damage":4,"enemies":"Chosen","floor":18,"turns":5},{"damage":4,"enemies":"Shell Parasite","floor":21,"turns":9},{"damage":2,"enemies":"Centurion and Healer","floor":22,"turns":8},{"damage":0,"enemies":"Chosen and Byrds","floor":23,"turns":7},{"damage":0,"enemies":"3 Cultists","floor":25,"turns":4},{"damage":0,"enemies":"Slavers","floor":27,"turns":2},{"damage":0,"enemies":"Nightmare","floor":30,"turns":8},{"damage":35,"enemies":"Collector","floor":33,"turns":7},{"damage":9,"enemies":"3 Darklings","floor":35,"turns":3},{"damage":13,"enemies":"Orb Walker","floor":37,"turns":5},{"damage":32,"enemies":"infinitespire:Three Voidlings","floor":38,"turns":4},{"damage":11,"enemies":"Nightmare_Alpha","floor":38,"turns":11}],"seed_played":"4539007557632520578","potions_obtained":[{"floor":1,"key":"FocusPotion"},{"floor":6,"key":"GamblersBrew"},{"floor":13,"key":"Weak Potion"},{"floor":14,"key":"DistilledChaos"},{"floor":16,"key":"FearPotion"},{"floor":21,"key":"Fire Potion"},{"floor":30,"key":"Energy Potion"}],"is_trial":false,"path_per_floor":["M","M","M","M","$","E","R","M","T","M","?","R","E","M","R","B",null,"M","T","AVR","M","M","M","R","M","T","E","?","R","NM","$","R","B",null,"M","$","M","?"],"character_chosen":"DEFECT","items_purchased":["Coolheaded","Defragment","Orrery","Defragment"],"campfire_rested":2,"item_purchase_floors":[5,31,31,36],"current_hp_per_floor":[62,59,52,52,52,6,27,27,27,26,26,26,6,4,25,25,60,56,63,63,59,57,57,57,57,57,57,57,57,57,57,57,22,64,55,55,42,0,0],"gold":139,"neow_bonus":"RANDOM_COMMON_RELIC","is_daily":false,"chose_seed":false,"campfire_upgraded":4,"win_rate":0.0,"timestamp":1614386652,"path_taken":["M","M","?","M","$","E","R","M","T","M","?","R","E","M","R","BOSS","M","?","AVR","M","?","M","R","M","T","E","?","R","NM","$","R","BOSS","M","?","?","?"],"items_purchased_type":["Card","Card","Relic","Card"],"build_version":"2020-12-22","purchased_purges":2,"victory":false,"max_hp_per_floor":[71,71,71,71,71,71,71,71,71,71,71,71,71,71,71,71,71,71,78,78,78,78,78,78,78,78,78,78,78,78,78,78,78,78,78,78,78,78,78],"card_choices":[{"not_picked":["Redo","BootSequence"],"picked":"Glacier","floor":1},{"not_picked":["Aggregate","Leap"],"picked":"BootSequence","floor":2},{"not_picked":["Redo","Beam Cell","Steam"],"picked":"SKIP","floor":3},{"not_picked":["Storm","Rebound"],"picked":"Go for the Eyes","floor":4},{"not_picked":["Streamline","Gash"],"picked":"Doom and Gloom","floor":6},{"not_picked":["Reprogram","Leap","Force Field"],"picked":"SKIP","floor":8},{"not_picked":["Turbo","Sweeping Beam","Barrage"],"picked":"SKIP","floor":10},{"not_picked":["Undo","Gash"],"picked":"White Noise","floor":13},{"not_picked":["Sweeping Beam","Redo","FTL"],"picked":"SKIP","floor":14},{"not_picked":["Biased Cognition","Rainbow"],"picked":"Electrodynamics","floor":16},{"not_picked":["Beam Cell","Go for the Eyes"],"picked":"Conserve Battery","floor":18},{"not_picked":["BootSequence","Gash"],"picked":"Ball Lightning","floor":21},{"not_picked":["Stack","Streamline","Compile Driver"],"picked":"SKIP","floor":22},{"not_picked":["Leap","Genetic Algorithm"],"picked":"Glacier","floor":23},{"not_picked":["Doom and Gloom","Sweeping Beam"],"picked":"Barrage","floor":25},{"not_picked":["Leap","Lockon","Force Field"],"picked":"SKIP","floor":27},{"not_picked":["Doom and Gloom","Beam Cell","Buffer"],"picked":"SKIP","floor":30},{"not_picked":["Aggregate","Chill"],"picked":"Meteor Strike","floor":31},{"not_picked":["Electrodynamics","All For One"],"picked":"Core Surge","floor":33},{"not_picked":["Compile Driver+1","Leap"],"picked":"Loop","floor":35},{"not_picked":["Doom and Gloom","Undo+1"],"picked":"Barrage+1","floor":37}],"player_experience":3875247,"relics_obtained":[{"floor":6,"key":"Letter Opener"},{"floor":9,"key":"Gambling Chip"},{"floor":13,"key":"Incense Burner"},{"floor":19,"key":"Strawberry"},{"floor":26,"key":"Bottled Tornado"},{"floor":27,"key":"infinitespire:Midas Blood"},{"floor":30,"key":"Ornamental Fan"},{"floor":34,"key":"Toy Ornithopter"},{"floor":34,"key":"infinitespire:ShieldingShard"},{"floor":34,"key":"Dead Branch"}],"event_choices":[{"damage_healed":0,"gold_gain":0,"cards_transformed":["Strike_B"],"player_choice":"Transformed","damage_taken":0,"max_hp_gain":0,"max_hp_loss":0,"event_name":"Transmorgrifier","floor":11,"gold_loss":0,"cards_obtained":["Coolheaded"]},{"damage_healed":0,"gold_gain":0,"player_choice":"Copied","damage_taken":0,"max_hp_gain":0,"max_hp_loss":0,"event_name":"Duplicator","floor":28,"gold_loss":0,"cards_obtained":["Conserve Battery"]}],"is_beta":false,"boss_relics":[{"not_picked":["infinitespire:Cupcake","SacredBark"],"picked":"Pandora\u0027s Box"},{"not_picked":["Coffee Dripper","Fusion Hammer"],"picked":"Calling Bell"}],"items_purged_floors":[5,31],"is_endless":true,"potions_floor_spawned":[1,6,13,14,16,21,22,30,38],"killed_by":"Nightmare_Alpha","ascension_level":20}}