{"host":"gfybn4j1d26rvz5e","time":1614390920,"event":{"mods":["BaseMod","Better Altar","Better Match","Better Note","Better Sensory Stone","Better Skull","Better Third Choice","BetterRewards","Highlight Path","Minty Spire (QoL Compilation)","Random Character Button","Relic Stats","StSLib"],"gold_per_floor":[116,16,27,27,43,43,62,62,62,89,100,100,100,117,117,221,221,233,246,260,98,98,98,98,98],"floor_reached":24,"language":"ENG","playtime":1374,"items_purged":["Strike_R","Strike_R","Strike_R"],"score":477,"play_id":"f90c0023-2d66-4a12-ad12-ec229332f0a4","local_time":"20210226195520","is_ascension_mode":true,"campfire_choices":[{"data":"Bash","floor":6,"key":"SMITH"},{"data":"Uppercut","floor":8,"key":"SMITH"},{"floor":15,"key":"REST"},{"data":"Burning Pact","floor":23,"key":"SMITH"}],"circlet_count":0,"master_deck":["AscendersBane","Strike_R","Strike_R","Defend_R","Defend_R","Defend_R+1","Defend_R","Bash+1","Spot Weakness","Sword Boomerang+1","Pommel Strike","Shrug It Off","Uppercut+1","Headbutt","Burning Pact+1","Disarm","Feed","Sentinel+1","Burning Pact","Necronomicurse"],"relics":["Burning Blood","Strange Spoon","Orichalcum","Lantern","Centennial Puzzle","Sozu","Necronomicon"],"acts_visited":["Exordium","TheCity"],"potions_floor_usage":[24],"damage_taken":[{"damage":11,"enemies":"Small Slimes","floor":1,"turns":4},{"damage":9,"enemies":"Jaw Worm","floor":3,"turns":5},{"damage":0,"enemies":"Cultist","floor":5,"turns":3},{"damage":7,"enemies":"2 Fungi Beasts","floor":7,"turns":3},{"damage":17,"enemies":"3 Sentries","floor":10,"turns":7},{"damage":3,"enemies":"Large Slime","floor":11,"turns":4},{"damage":12,"enemies":"Exordium Thugs","floor":14,"turns":3},{"damage":18,"enemies":"The Guardian","floor":16,"turns":9},{"damage":7,"enemies":"Shell Parasite","floor":18,"turns":3},{"damage":13,"enemies":"2 Thieves","floor":19,"turns":3},{"damage":13,"enemies":"3 Cultists","floor":20,"turns":4},{"damage":76,"enemies":"Gremlin Leader","floor":24,"turns":6}],"seed_played":"6511066950105651766","potions_obtained":[{"floor":1,"key":"FairyPotion"},{"floor":7,"key":"Swift Potion"}],"is_trial":false,"path_per_floor":["M","$","M","?","M","R","M","R","T","E","M","?","$","M","R","B",null,"M","M","M","$","?","R","E"],"character_chosen":"IRONCLAD","items_purchased":["Spot Weakness","Strange Spoon","Burning Pact"],"campfire_rested":1,"item_purchase_floors":[0,0,21],"current_hp_per_floor":[67,67,64,46,52,52,51,51,51,40,43,27,27,21,45,33,68,70,66,59,59,43,43,0,0],"gold":98,"neow_bonus":"","is_daily":false,"chose_seed":false,"campfire_upgraded":3,"win_rate":0.0,"timestamp":1614390920,"path_taken":["M","$","M","?","M","R","M","R","T","E","M","?","?","M","R","BOSS","M","M","M","$","?","R","E"],"items_purchased_type":["Card","Relic","Card"],"build_version":"2020-12-22","purchased_purges":3,"victory":false,"max_hp_per_floor":[80,80,80,80,80,80,80,80,80,80,80,80,80,80,80,80,80,83,86,86,86,86,86,86,86],"relic_stats":{"Sozu":1,"Strange Spoon":[2],"Centennial Puzzle":[21],"counters":[33,142],"Necronomicon":[2],"Orichalcum":[150],"obtain_stats":[{"Lantern":9,"Tiny House":17,"Gremlin Horn":7,"Magic Flower":0,"Eternal Feather":26,"Orichalcum":24,"Burning Blood":0,"Sozu":17,"SsserpentHead":4,"Strange Spoon":0,"Bottled Flame":12,"Centennial Puzzle":10,"Sundial":9,"Pantograph":13,"Fusion Hammer":0,"Bag of Marbles":6,"Necronomicon":22,"Toxic Egg 2":20,"Toy Ornithopter":9},{"Lantern":25,"Tiny House":16,"Gremlin Horn":3,"Magic Flower":0,"Eternal Feather":20,"Orichalcum":19,"Burning Blood":0,"Sozu":29,"SsserpentHead":9,"Strange Spoon":21,"Bottled Flame":6,"Centennial Puzzle":26,"Sundial":4,"Pantograph":14,"Fusion Hammer":8,"Bag of Marbles":11,"Necronomicon":32,"Toxic Egg 2":18,"Toy Ornithopter":12},{"Lantern":103,"Tiny House":65,"Gremlin Horn":13,"Magic Flower":0,"Eternal Feather":87,"Orichalcum":82,"Burning Blood":0,"Sozu":126,"SsserpentHead":37,"Strange Spoon":88,"Bottled Flame":21,"Centennial Puzzle":110,"Sundial":15,"Pantograph":52,"Fusion Hammer":34,"Bag of Marbles":45,"Necronomicon":136,"Toxic Egg 2":75,"Toy Ornithopter":46}],"Burning Blood":66},"card_choices":[{"not_picked":["Heavy Blade","Perfected Strike"],"picked":"Sword Boomerang","floor":1},{"not_picked":["Bloodletting","Blood for Blood"],"picked":"Pommel Strike","floor":3},{"not_picked":["Dropkick","Thunderclap"],"picked":"Shrug It Off","floor":5},{"not_picked":["Clothesline","Power Through"],"picked":"Uppercut","floor":7},{"not_picked":["Clothesline","Combust"],"picked":"Headbutt","floor":10},{"not_picked":["Feel No Pain","Armaments"],"picked":"Burning Pact","floor":11},{"not_picked":["Havoc","Evolve"],"picked":"Disarm","floor":14},{"not_picked":["Brutality","Juggernaut"],"picked":"Feed","floor":16},{"not_picked":["Rupture+1","Headbutt+1","Warcry"],"picked":"SKIP","floor":18},{"not_picked":["Twin Strike","Flex"],"picked":"Sentinel+1","floor":19},{"not_picked":["Fire Breathing","Bloodletting","Twin Strike"],"picked":"SKIP","floor":20}],"player_experience":688363,"relics_obtained":[{"floor":9,"key":"Lantern"},{"floor":10,"key":"Centennial Puzzle"},{"floor":22,"key":"Necronomicon"}],"event_choices":[{"damage_healed":0,"gold_gain":0,"player_choice":"Relic ","damage_taken":18,"max_hp_gain":0,"max_hp_loss":0,"event_name":"betterThird:BetterScrap","floor":4,"gold_loss":0,"cards_obtained":["FTL"]},{"damage_healed":43,"gold_gain":0,"player_choice":"Upgrade","damage_taken":16,"max_hp_gain":0,"max_hp_loss":80,"event_name":"betterThird:BetterShining","floor":12,"gold_loss":0,"cards_upgraded":["Defend_R","Sword Boomerang"]},{"damage_healed":0,"gold_gain":0,"player_choice":"Obtained Book","damage_taken":16,"max_hp_gain":0,"max_hp_loss":0,"event_name":"Cursed Tome","floor":22,"gold_loss":0}],"is_beta":false,"boss_relics":[{"not_picked":["Coffee Dripper","SacredBark"],"picked":"Sozu"}],"items_purged_floors":[0,2,21],"is_endless":false,"potions_floor_spawned":[1,7,11,19],"killed_by":"Gremlin Leader","ascension_level":12}}