{"host":"q4axc00jr2bozlh9","time":1614415346,"event":{"mods":["AchievementEnabler","BaseMod","Bestiary","Block Reminder","Colored Map","Colored Powertips","Curses Come First","Minty Spire (QoL Compilation)","Permanent Neow","Quick Restart","Rare Cards Sparkle","Relic Stats","StSLib","SuperFastMode","UnlockEverythingMod","Weighted Paths"],"gold_per_floor":[116,128,140,140,153,153,153],"floor_reached":6,"language":"ENG","playtime":223,"items_purged":[],"score":38,"play_id":"6d918690-dd82-4d61-bf3f-b938ae8a3322","local_time":"20210227094226","is_ascension_mode":false,"campfire_choices":[],"circlet_count":0,"master_deck":["Strike_R","Strike_R","Strike_R","Strike_R","Strike_R","Defend_R","Defend_R","Defend_R","Defend_R","Bash","Corruption","Disarm","Armaments"],"relics":["Burning Blood","Golden Idol"],"acts_visited":["Exordium"],"potions_floor_usage":[],"damage_taken":[{"damage":7,"enemies":"2 Louse","floor":1,"turns":4},{"damage":2,"enemies":"Cultist","floor":2,"turns":4},{"damage":11,"enemies":"Jaw Worm","floor":3,"turns":5},{"damage":12,"enemies":"Blue Slaver","floor":5,"turns":6},{"damage":36,"enemies":"Gremlin Nob","floor":6,"turns":4}],"seed_played":"3672900864122854152","potions_obtained":[{"floor":3,"key":"ColorlessPotion"},{"floor":5,"key":"Fire Potion"}],"is_trial":false,"path_per_floor":["M","M","M","?","M","E"],"character_chosen":"IRONCLAD","items_purchased":[],"campfire_rested":0,"item_purchase_floors":[],"current_hp_per_floor":[55,59,54,34,28,0,0],"gold":153,"neow_bonus":"THREE_RARE_CARDS","is_daily":false,"chose_seed":false,"campfire_upgraded":0,"win_rate":0.0,"timestamp":1614415346,"path_taken":["M","M","M","?","M","E"],"items_purchased_type":[],"build_version":"2020-12-22","purchased_purges":0,"victory":false,"max_hp_per_floor":[80,80,80,80,80,80,80],"relic_stats":{"counters":[5,23],"Golden Idol":3,"obtain_stats":[{"Golden Idol":4,"Burning Blood":0},{"Golden Idol":3,"Burning Blood":0},{"Golden Idol":13,"Burning Blood":0}],"Burning Blood":24},"card_choices":[{"not_picked":["Reaper","Double Tap"],"picked":"Corruption","floor":0},{"not_picked":["Armaments","Ghostly Armor"],"picked":"Disarm","floor":1},{"not_picked":["Evolve","Burning Pact"],"picked":"Armaments","floor":2},{"not_picked":["Rage","Pummel","Body Slam"],"picked":"SKIP","floor":3},{"not_picked":["Perfected Strike","Sword Boomerang","Body Slam"],"picked":"SKIP","floor":5}],"player_experience":304723,"relics_obtained":[],"event_choices":[{"damage_healed":0,"gold_gain":0,"player_choice":"Take Damage","damage_taken":20,"relics_obtained":["Golden Idol"],"max_hp_gain":0,"max_hp_loss":0,"event_name":"Golden Idol","floor":4,"gold_loss":0}],"is_beta":false,"boss_relics":[],"items_purged_floors":[],"is_endless":false,"potions_floor_spawned":[3,5],"killed_by":"Gremlin Nob","ascension_level":0}}