{"host":"3fq4qkq16k5wd7va","time":1614441205,"event":{"mods":["BaseMod","Better Match","Googly Eyes","Minty Spire (QoL Compilation)","StSLib"],"gold_per_floor":[115,17,17,17,41,41,81,97,121,21,44,44,57,91,91,91,91],"floor_reached":16,"language":"ENG","playtime":816,"items_purged":["Strike_R","Strike_R"],"score":121,"play_id":"5170fbe1-16ec-4534-bba7-1fb0d93f1d1f","local_time":"20210228025325","is_ascension_mode":true,"campfire_choices":[{"data":"Battle Trance","floor":6,"key":"SMITH"},{"data":"Berserk","floor":15,"key":"SMITH"}],"circlet_count":0,"master_deck":["Strike_R","Strike_R","Defend_R","Defend_R","Defend_R","Bash","Flex","Battle Trance+1","Evolve","Heavy Blade","Combust","Berserk+1"],"relics":["Burning Blood","Golden Idol","MealTicket","PreservedInsect","Dead Branch"],"acts_visited":["Exordium"],"potions_floor_usage":[7,7,16,16],"damage_taken":[{"damage":8,"enemies":"2 Louse","floor":1,"turns":3},{"damage":4,"enemies":"Small Slimes","floor":5,"turns":5},{"damage":39,"enemies":"3 Sentries","floor":7,"turns":13},{"damage":0,"enemies":"Cultist","floor":8,"turns":2},{"damage":0,"enemies":"Large Slime","floor":11,"turns":4},{"damage":18,"enemies":"Gremlin Gang","floor":13,"turns":3},{"damage":18,"enemies":"Gremlin Nob","floor":14,"turns":3},{"damage":62,"enemies":"The Guardian","floor":16,"turns":11}],"seed_played":"8627614719597398368","potions_obtained":[{"floor":4,"key":"Regen Potion"},{"floor":4,"key":"EssenceOfSteel"},{"floor":4,"key":"BloodPotion"},{"floor":11,"key":"AttackPotion"},{"floor":13,"key":"SpeedPotion"}],"is_trial":false,"path_per_floor":["M","$","?","?","M","R","E","M","T","$","M","?","M","E","R","B"],"character_chosen":"IRONCLAD","items_purchased":["Flex"],"campfire_rested":0,"item_purchase_floors":[2],"current_hp_per_floor":[78,78,58,58,60,60,42,48,48,63,69,69,57,45,45,0,0],"gold":91,"neow_bonus":"REMOVE_CARD","is_daily":false,"chose_seed":false,"campfire_upgraded":2,"win_rate":0.0,"timestamp":1614441205,"path_taken":["M","$","?","?","M","R","E","M","T","$","?","?","M","E","R","BOSS"],"items_purchased_type":["Card"],"build_version":"2020-12-22","purchased_purges":2,"victory":false,"max_hp_per_floor":[80,80,80,80,80,80,80,80,80,80,80,80,80,80,80,80,80],"card_choices":[{"not_picked":["Armaments","Clash","Rupture"],"picked":"SKIP","floor":1},{"not_picked":["Carnage","Thunderclap"],"picked":"Battle Trance","floor":5},{"not_picked":["Rupture","Warcry"],"picked":"Evolve","floor":7},{"not_picked":["Clothesline","Sever Soul","Uppercut"],"picked":"SKIP","floor":8},{"not_picked":["Anger","Hemokinesis"],"picked":"Heavy Blade","floor":11},{"not_picked":["Iron Wave","Fiend Fire","Perfected Strike"],"picked":"SKIP","floor":13},{"not_picked":["Iron Wave","Reckless Charge"],"picked":"Berserk","floor":14}],"player_experience":162546,"relics_obtained":[{"floor":7,"key":"MealTicket"},{"floor":9,"key":"PreservedInsect"},{"floor":14,"key":"Dead Branch"}],"event_choices":[{"damage_healed":0,"gold_gain":0,"player_choice":"Take Damage","damage_taken":20,"relics_obtained":["Golden Idol"],"max_hp_gain":0,"max_hp_loss":0,"event_name":"Golden Idol","floor":3,"gold_loss":0},{"damage_healed":0,"gold_gain":0,"player_choice":"Got Potions","damage_taken":0,"max_hp_gain":0,"max_hp_loss":0,"event_name":"Lab","floor":4,"gold_loss":0},{"damage_healed":0,"gold_gain":0,"cards_transformed":["Defend_R"],"player_choice":"Transformed","damage_taken":0,"max_hp_gain":0,"max_hp_loss":0,"event_name":"Transmorgrifier","floor":12,"gold_loss":0,"cards_obtained":["Combust"]}],"is_beta":false,"boss_relics":[],"items_purged_floors":[2,10],"is_endless":false,"potions_floor_spawned":[11,13,14],"killed_by":"The Guardian","ascension_level":2}}