{"host":"q9718omregw4er46","time":1614423481,"event":{"mods":["BaseMod","Minty Spire (QoL Compilation)","Quick Restart","Relic Stats"],"gold_per_floor":[118,43,58,69,83,83,118,118,118,118,135,147,180,198,198,272,272,272,272],"floor_reached":18,"language":"ENG","playtime":590,"items_purged":[],"score":398,"play_id":"79b3e1de-7e5f-4ab7-8c72-d40f1895bbfb","local_time":"20210227155801","is_ascension_mode":true,"campfire_choices":[{"data":"Conclude","floor":6,"key":"SMITH"},{"data":"TalkToTheHand","floor":8,"key":"SMITH"},{"floor":15,"key":"REST"}],"circlet_count":0,"master_deck":["AscendersBane","Strike_P","Strike_P","Strike_P","Defend_P+1","Defend_P+1","Defend_P","Defend_P","Eruption","Vigilance","Adaptation","BowlingBash","TalkToTheHand+1","Conclude+1","TalkToTheHand","Consecrate","ClearTheMind","Blasphemy"],"relics":["PureWater","Darkstone Periapt","Shuriken","Smiling Mask","Runic Pyramid"],"acts_visited":["Exordium","TheCity"],"potions_floor_usage":[7,13],"damage_taken":[{"damage":0.0,"enemies":"Small Slimes","floor":1.0,"turns":2.0},{"damage":0.0,"enemies":"Jaw Worm","floor":3.0,"turns":4.0},{"damage":0,"enemies":"2 Louse","floor":4,"turns":3},{"damage":18,"enemies":"Looter","floor":5,"turns":3},{"damage":11,"enemies":"Lagavulin","floor":7,"turns":7},{"damage":5,"enemies":"Large Slime","floor":11,"turns":3},{"damage":0,"enemies":"Red Slaver","floor":12,"turns":2},{"damage":0,"enemies":"3 Sentries","floor":13,"turns":3},{"damage":4,"enemies":"Exordium Wildlife","floor":14,"turns":3},{"damage":13,"enemies":"The Guardian","floor":16,"turns":9},{"damage":100017,"enemies":"3 Byrds","floor":18,"turns":3}],"seed_played":"7755779913830611314","potions_obtained":[{"floor":3,"key":"Ambrosia"},{"floor":5,"key":"Dexterity Potion"},{"floor":13,"key":"Explosive Potion"},{"floor":16,"key":"BottledMiracle"}],"is_trial":false,"path_per_floor":["M","?","M","M","M","R","E","R","T","?","M","M","E","M","R","B",null,"M"],"character_chosen":"WATCHER","items_purchased":[],"campfire_rested":1,"item_purchase_floors":[],"current_hp_per_floor":[67,67,67,67,49,49,38,38,38,16,11,11,11,7,29,16,60,0,0],"gold":272,"neow_bonus":"TEN_PERCENT_HP_BONUS","is_daily":false,"chose_seed":false,"campfire_upgraded":2,"win_rate":0.0,"timestamp":1614423481,"path_taken":["M","?","M","M","M","R","E","R","T","?","M","M","E","M","R","BOSS","M"],"items_purchased_type":[],"build_version":"2020-12-22","purchased_purges":0,"victory":false,"max_hp_per_floor":[74,74,74,74,74,74,74,74,74,74,74,74,74,74,74,74,74,74,74],"relic_stats":{"Darkstone Periapt":0,"counters":[11,41],"Shuriken":[10],"Smiling Mask":0,"obtain_stats":[{"Darkstone Periapt":7,"Shuriken":9,"PureWater":0,"Smiling Mask":13,"Runic Pyramid":17},{"Darkstone Periapt":5,"Shuriken":5,"PureWater":0,"Smiling Mask":8,"Runic Pyramid":10},{"Darkstone Periapt":19,"Shuriken":19,"PureWater":0,"Smiling Mask":27,"Runic Pyramid":39}]},"card_choices":[{"not_picked":["Evaluate","Halt"],"picked":"Adaptation","floor":1.0},{"not_picked":["FollowUp","ForeignInfluence"],"picked":"BowlingBash","floor":3},{"not_picked":["ThirdEye","DevaForm"],"picked":"TalkToTheHand","floor":4},{"not_picked":["Crescendo","FlurryOfBlows"],"picked":"Conclude","floor":5},{"not_picked":["JustLucky","PathToVictory","FollowUp"],"picked":"SKIP","floor":7},{"not_picked":["ForeignInfluence","Fasting2"],"picked":"TalkToTheHand","floor":11},{"not_picked":["Swivel","Meditate"],"picked":"Consecrate","floor":12},{"not_picked":["CrushJoints","Fasting2","Ragnarok"],"picked":"SKIP","floor":13},{"not_picked":["Adaptation","Protect"],"picked":"ClearTheMind","floor":14},{"not_picked":["Omniscience","SpiritShield"],"picked":"Blasphemy","floor":16}],"player_experience":853356,"relics_obtained":[{"floor":7,"key":"Darkstone Periapt"},{"floor":9,"key":"Shuriken"},{"floor":13,"key":"Smiling Mask"}],"event_choices":[{"cards_removed":["Strike_P"],"damage_healed":0.0,"max_hp_gain":0.0,"max_hp_loss":0.0,"gold_gain":0.0,"event_name":"The Cleric","player_choice":"Card Removal","floor":2.0,"gold_loss":75.0,"damage_taken":0.0},{"damage_healed":0,"gold_gain":0,"player_choice":"Entered Light","damage_taken":22,"max_hp_gain":0,"max_hp_loss":0,"event_name":"Shining Light","floor":10,"gold_loss":0,"cards_upgraded":["Defend_P","Defend_P"]}],"is_beta":false,"boss_relics":[{"not_picked":["SacredBark","Philosopher\u0027s Stone"],"picked":"Runic Pyramid"}],"items_purged_floors":[],"is_endless":false,"potions_floor_spawned":[3,5,13,16],"killed_by":"3 Byrds","ascension_level":20}}