{"host":"avslt7aiq2nxuk8h","time":1614421327,"event":{"mods":["AchievementEnabler","BaseMod","Better Match","Better Skull","Colored Map","Colored Powertips","Downfall","GifTheSpireLib","Minty Spire (QoL Compilation)","Quick Restart","Random Character Button","Rare Cards Sparkle","Relic Stats","StSLib","SuperFastMode"],"gold_per_floor":[99,110,110,121,134,164,164,164,180,180,3,21,52,65,82,185,185,185,185,110,16,30,45,45,45,57,42,53,53,53,87,102,198,198,198,212,224,224,224,241,241,272,324,360,360,138,138,188,203,203],"floor_reached":51,"language":"ENG","playtime":3009,"items_purged":["Slimebound:Tackle"],"score":722,"play_id":"33aebe4d-367a-4438-9dbc-ec209cb15adf","local_time":"20210227052207","is_ascension_mode":false,"campfire_choices":[{"data":"Slimebound:CorrosiveSpit","floor":1,"key":"SMITH"},{"data":"Slimebound:Equalize","floor":8,"key":"SMITH"},{"data":"Slimebound:LevelUp","floor":18,"key":"SMITH"},{"data":"Slimebound:RallyTheTroops","floor":30,"key":"SMITH"},{"data":"Slimebound:TagTeam","floor":35,"key":"SMITH"},{"data":"Slimebound:TagTeam","floor":45,"key":"SMITH"},{"data":"Slimebound:SlimeTap","floor":47,"key":"SMITH"}],"circlet_count":0,"master_deck":["Slimebound:Split","Slimebound:CorrosiveSpit+1","Slimebound:SplitBruiser","Slimebound:SplitMire","Slimebound:Equalize+1","Slimebound:ViciousTackle","Slimebound:Repurpose","Slimebound:SplitBruiser","Slimebound:LevelUp+1","Slimebound:MegaLick","Slimebound:SplitLeeching","Slimebound:SplitLeeching","Slimebound:DivideAndConquer","Slimebound:Chomp","Slimebound:RallyTheTroops+1","Slimebound:Prepare","Slimebound:SplitLeeching+1","Slimebound:ServeAndProtect","Slimebound:SlimeTap+1","Slimebound:Prepare","Slimebound:SplitAcid","Slimebound:RainOfGoop","Slimebound:SplitAcid","Slimebound:OozeBath","Slimebound:Schlurp","Slimebound:GoopSpray","Slimebound:Dissolve","Slimebound:TagTeam+1","Slimebound:OozeBath","Slimebound:SplitBruiser","Slimebound:GoopSpray+1","Slimebound:SplitMire+1","Slimebound:SpikyOuterGoop+1","Slimebound:SlimeBrawl","Slimebound:TagTeam+1","Slimebound:ProtectTheBoss","Slimebound:SplitSpecialist"],"relics":["Slimebound:AbsorbEndCombat","Meat on the Bone","Gremlin Horn","Sozu","Dream Catcher","Juzu Bracelet","Boot","Pandora\u0027s Box","HornCleat","Question Card","Turnip","Centennial Puzzle","HandDrill","Ice Cream"],"acts_visited":["Exordium","TheCity","TheBeyond"],"potions_floor_usage":[9,33],"damage_taken":[{"damage":0,"enemies":"Small Slimes","floor":2,"turns":3},{"damage":0,"enemies":"2 Louse","floor":4,"turns":2},{"damage":1,"enemies":"Cultist","floor":5,"turns":3},{"damage":7,"enemies":"Gremlin Gang","floor":9,"turns":4},{"damage":13,"enemies":"downfall:FleeingMerchant","floor":11,"turns":4},{"damage":7,"enemies":"2 Fungi Beasts","floor":12,"turns":3},{"damage":28,"enemies":"Gremlin Nob","floor":13,"turns":4},{"damage":8,"enemies":"Exordium Wildlife","floor":14,"turns":3},{"damage":5,"enemies":"3 Louse","floor":15,"turns":3},{"damage":7,"enemies":"SI_SHIV_ARCHETYPE","floor":16,"turns":8},{"damage":0,"enemies":"Chosen","floor":19,"turns":1},{"damage":0,"enemies":"downfall:FleeingMerchant","floor":21,"turns":4},{"damage":4,"enemies":"3 Byrds","floor":22,"turns":3},{"damage":6,"enemies":"Sentry and Sphere","floor":23,"turns":4},{"damage":5,"enemies":"Snecko","floor":26,"turns":5},{"damage":10,"enemies":"downfall:FleeingMerchant","floor":27,"turns":4},{"damage":15,"enemies":"Chosen and Byrds","floor":28,"turns":5},{"damage":6,"enemies":"Book of Stabbing","floor":31,"turns":4},{"damage":11,"enemies":"Centurion and Healer","floor":32,"turns":3},{"damage":37,"enemies":"IC_MUSHROOM_ARCHETYPE","floor":33,"turns":6},{"damage":5,"enemies":"Orb Walker","floor":36,"turns":2},{"damage":6,"enemies":"3 Darklings","floor":37,"turns":4},{"damage":42,"enemies":"3 Darklings","floor":38,"turns":5},{"damage":10,"enemies":"Maw","floor":40,"turns":5},{"damage":26,"enemies":"Giant Head","floor":42,"turns":8},{"damage":32,"enemies":"2 Orb Walkers","floor":43,"turns":5},{"damage":0,"enemies":"downfall:FleeingMerchant","floor":44,"turns":4},{"damage":0,"enemies":"downfall:FleeingMerchant","floor":48,"turns":4},{"damage":9,"enemies":"Sphere and 2 Shapes","floor":49,"turns":3},{"damage":13,"enemies":"WA_ARCHETYPE_DIVINITY","floor":50,"turns":9}],"seed_played":"8330840975665304426","potions_obtained":[{"floor":4,"key":"FearPotion"},{"floor":15,"key":"Weak Potion"}],"is_trial":false,"path_per_floor":["R","M","?","M","M","?","T","R","M","?","$","M","E","M","M","B",null,"R","M","?","$","M","M","T","?","M","$","M","?","R","E","M","B",null,"R","M","M","?","T","M","T","E","?","$","R","$","R","?","M","B",null],"character_chosen":"SLIMEBOUND","items_purchased":["Slimebound:SplitBruiser","Slimebound:LevelUp","Slimebound:MegaLick","Slimebound:ServeAndProtect","Slimebound:ProtectTheBoss","Centennial Puzzle","HandDrill","Slimebound:SplitSpecialist"],"campfire_rested":0,"item_purchase_floors":[11,11,11,21,44,44,46,46],"current_hp_per_floor":[71,71,71,71,71,71,71,71,69,69,64,69,43,39,42,55,71,71,71,71,71,67,71,71,71,71,63,66,66,66,68,62,43,71,71,68,68,44,44,54,54,48,36,52,52,52,52,56,51,58],"gold":203,"neow_bonus":"TEN_PERCENT_HP_BONUS","is_daily":false,"chose_seed":false,"campfire_upgraded":7,"win_rate":0.0,"timestamp":1614421327,"path_taken":["R","M","?","M","M","?","T","R","M","?","$","M","E","M","M","BOSS","R","M","?","$","M","?","T","?","M","?","M","?","R","E","M","BOSS","R","M","M","?","?","M","T","E","?","$","R","$","R","?","M","BOSS"],"items_purchased_type":["Card","Card","Card","Card","Card","Relic","Relic","Card"],"build_version":"2020-12-22","purchased_purges":1,"victory":true,"max_hp_per_floor":[71,71,71,71,71,71,71,71,71,71,71,71,71,71,71,71,71,71,71,71,71,71,71,71,71,71,71,71,71,71,71,71,71,71,71,71,71,71,71,71,71,71,71,71,71,71,71,71,71,71],"relic_stats":{"Gremlin Horn":[19,19],"counters":[30,121],"Juzu Bracelet":1,"Boot":[1],"Question Card":5,"Sozu":8,"Dream Catcher":0,"Centennial Puzzle":[6],"Pandora\u0027s Box":["Slimebound:Schlurp","Slimebound:GoopSpray","Slimebound:Dissolve","Slimebound:TagTeam","Slimebound:OozeBath","Slimebound:SplitBruiser"],"Turnip":[5],"HandDrill":[14],"obtain_stats":[{"Ice Cream":48,"Gremlin Horn":13,"Juzu Bracelet":25,"Boot":31,"Question Card":41,"Sozu":17,"Dream Catcher":24,"Centennial Puzzle":44,"downfall:BrokenWingStatue":10,"HornCleat":39,"Pandora\u0027s Box":34,"Turnip":43,"Slimebound:AbsorbEndCombat":0,"HandDrill":46,"Meat on the Bone":7},{"Ice Cream":28,"Gremlin Horn":7,"Juzu Bracelet":14,"Boot":18,"Question Card":24,"Sozu":10,"Dream Catcher":14,"Centennial Puzzle":27,"downfall:BrokenWingStatue":4,"HornCleat":23,"Pandora\u0027s Box":20,"Turnip":26,"Slimebound:AbsorbEndCombat":0,"HandDrill":27,"Meat on the Bone":3},{"Ice Cream":109,"Gremlin Horn":23,"Juzu Bracelet":48,"Boot":64,"Question Card":89,"Sozu":36,"Dream Catcher":48,"Centennial Puzzle":105,"downfall:BrokenWingStatue":12,"HornCleat":84,"Pandora\u0027s Box":73,"Turnip":102,"Slimebound:AbsorbEndCombat":0,"HandDrill":105,"Meat on the Bone":8}],"Meat on the Bone":12},"card_choices":[{"not_picked":["Slimebound:GoopTackle","Slimebound:ComboTackle"],"picked":"Slimebound:SplitBruiser","floor":2},{"not_picked":["Slimebound:RollThrough","Slimebound:ServeAndProtect"],"picked":"Slimebound:SplitMire","floor":4},{"not_picked":["Slimebound:GoopSpray","Slimebound:ComboTackle"],"picked":"Slimebound:Equalize","floor":5},{"not_picked":["Slimebound:Prepare","Slimebound:MegaLick"],"picked":"Slimebound:ViciousTackle","floor":9},{"not_picked":["Slimebound:SlimeTap","Slimebound:RejuvenatingLick"],"picked":"Slimebound:Repurpose","floor":11},{"not_picked":["Slimebound:SplitMire","Slimebound:FinishingTackle"],"picked":"Slimebound:SplitLeeching","floor":12},{"not_picked":["Slimebound:FlameTackle","Slimebound:RollThrough"],"picked":"Slimebound:SplitLeeching","floor":13},{"not_picked":["Slimebound:SpikyOuterGoop","Slimebound:ComboTackle"],"picked":"Slimebound:DivideAndConquer","floor":14},{"not_picked":["Slimebound:Nibble","Slimebound:RollThrough"],"picked":"Slimebound:Chomp","floor":15},{"not_picked":["Slimebound:PrepareCrush","Slimebound:MassFeed"],"picked":"Slimebound:RallyTheTroops","floor":16},{"not_picked":["Slimebound:ViciousTackle","Slimebound:FinishingTackle"],"picked":"Slimebound:Prepare","floor":19},{"not_picked":["Slimebound:LivingWall+1","Slimebound:PressTheAttack+1"],"picked":"Slimebound:SplitLeeching+1","floor":20},{"not_picked":["Slimebound:TongueLash","Slimebound:GoopTackle","Slimebound:SpikyOuterGoop"],"picked":"SKIP","floor":21},{"not_picked":["Slimebound:Schlurp","Slimebound:ItLooksTasty+1","Slimebound:ForwardTackle+1"],"picked":"SKIP","floor":22},{"not_picked":["Slimebound:MegaLick","Slimebound:SpikyOuterGoop"],"picked":"Slimebound:SlimeTap","floor":23},{"not_picked":["Slimebound:FlameTackle","Slimebound:SamplingLick"],"picked":"Slimebound:Prepare","floor":26},{"not_picked":["Slimebound:BestDefense+1","Slimebound:ComboTackle+1"],"picked":"Slimebound:SplitAcid","floor":27},{"not_picked":["Slimebound:WasteNot","Slimebound:Schlurp"],"picked":"Slimebound:RainOfGoop","floor":28},{"not_picked":["Slimebound:FinishingTackle","Slimebound:PrepareCrush"],"picked":"Slimebound:SplitAcid","floor":31},{"not_picked":["Slimebound:TongueLash","Slimebound:LeadByExample","Slimebound:LeechEnergy+1"],"picked":"SKIP","floor":32},{"not_picked":["Slimebound:SlimeSlap","Slimebound:Teamwork"],"picked":"Slimebound:OozeBath","floor":33},{"not_picked":["Slimebound:HauntingLick","Slimebound:LeechEnergy"],"picked":"Slimebound:GoopSpray+1","floor":36},{"not_picked":["Slimebound:SlimeSpikes","Slimebound:PressTheAttack"],"picked":"Slimebound:SplitMire+1","floor":37},{"not_picked":["Slimebound:ViciousTackle+1","Slimebound:Schlurp+1"],"picked":"Slimebound:SpikyOuterGoop+1","floor":40},{"not_picked":["Slimebound:Chomp","Slimebound:ProtectTheBoss+1","Slimebound:HungryTackle+1","Slimebound:Schlurp"],"picked":"SKIP","floor":42},{"not_picked":["Slimebound:GoopTackle","Slimebound:ViciousTackle","Slimebound:RainOfGoop+1"],"picked":"Slimebound:SlimeBrawl","floor":43},{"not_picked":["Slimebound:SplitBruiser+1","Slimebound:GoopSpray","Slimebound:SlimeBarrage"],"picked":"Slimebound:TagTeam","floor":44},{"not_picked":["Slimebound:SplitBruiser+1","Slimebound:RainOfGoop","Slimebound:Recollect+1","Slimebound:DivideAndConquer"],"picked":"SKIP","floor":49}],"player_experience":594313,"relics_obtained":[{"floor":7,"key":"Meat on the Bone"},{"floor":13,"key":"Gremlin Horn"},{"floor":24,"key":"Dream Catcher"},{"floor":31,"key":"Boot"},{"floor":39,"key":"HornCleat"},{"floor":41,"key":"Question Card"},{"floor":43,"key":"Turnip"},{"floor":48,"key":"Ice Cream"}],"event_choices":[{"damage_healed":0,"gold_gain":0,"player_choice":"2","damage_taken":0,"max_hp_gain":0,"max_hp_loss":0,"event_name":"betterMatch:BetterMatch","floor":20,"gold_loss":0,"cards_obtained":["betterMatch:CommonCard"]},{"damage_healed":0,"gold_gain":0,"player_choice":"Fight","damage_taken":0,"max_hp_gain":0,"max_hp_loss":0,"event_name":"Mysterious Sphere","floor":43,"gold_loss":0}],"is_beta":false,"boss_relics":[{"not_picked":["Empty Cage","Astrolabe"],"picked":"Sozu"},{"not_picked":["SacredBark","Coffee Dripper"],"picked":"Pandora\u0027s Box"}],"items_purged_floors":[44],"is_endless":false,"potions_floor_spawned":[4,15,16,23,26,28,32,36,37,43,48],"ascension_level":0}}