{"host":"76qcaerkv4ktjkdu","time":1614448978,"event":{"mods":["Act Like it!","BaseMod","Library of Ruina","Library of Ruina Extra","Minty Spire (QoL Compilation)","MostiFishMod","StSLib","¡¾ÒÅÎï¿¨ÅÆ¡¿REMEMod"],"gold_per_floor":[218,0,11,29,47,47,77,111,137,165,177,189,201,229,241,378,390,422,349,395,422,450,483,495,556,568,580,592,628,640,667,679,691,691],"floor_reached":33,"language":"ZHS","playtime":1306,"items_purged":[],"score":326,"play_id":"e8b0c626-7481-495e-957f-440e5188ab86","local_time":"20210228020258","is_ascension_mode":false,"campfire_choices":[{"data":"MostiFishMod:WinterMarkForm","floor":6,"key":"SMITH"},{"data":"SunsetBlade","floor":13,"key":"SMITH"},{"data":"Overcharge","floor":15,"key":"SMITH"},{"floor":24,"key":"RECALL"},{"data":"RagingStormLove","floor":30,"key":"SMITH"},{"data":"Metamorphosis","floor":32,"key":"SMITH"}],"circlet_count":0,"master_deck":["Dodge","LightDefense","LightAttack","LightAttack","LightAttack","LightDefense","LightDefense","LightDefense","ChargeAndCover","FocusedStrikes","MostiFishMod:FrostNova","MostiFishMod:WinterMarkForm+1","Metamorphosis+1","Unlock1","TrashDisposal","FlowOfTheSword","ViolentFlame","SunsetBlade+1","FieryDragonSlash","Overcharge+1","RagingStormLove+1","FierceCharge+1","BlazingStrike+1","DesperateStruggle+1","FierceCharge+1","SunsetBlade+1","InnerArdor+1","Disposal+1"],"relics":["PageOfLibrarian","DaveBox","REME_ComplimentaryCards","FrostBlade","SynthV:TestCard","Civilization","Odd Mushroom","Pen Nib","MawBank","REME_PuzzleBoxRelic","Golden Idol","RhineSuit","Molten Egg 2","Red Mask"],"acts_visited":["Exordium","TheCity"],"potions_floor_usage":[4,4,25],"damage_taken":[{"damage":5,"enemies":"2 Louse","floor":1,"turns":3},{"damage":0,"enemies":"Jaw Worm","floor":3,"turns":3},{"damage":6,"enemies":"Small Slimes","floor":4,"turns":3},{"damage":2,"enemies":"Exordium Thugs","floor":5,"turns":2},{"damage":0,"enemies":"The Mushroom Lair","floor":7,"turns":2},{"damage":0,"enemies":"Lagavulin","floor":8,"turns":2},{"damage":0,"enemies":"3 Louse","floor":10,"turns":2},{"damage":0,"enemies":"Blue Slaver","floor":14,"turns":1},{"damage":38,"enemies":"Hexaghost","floor":16,"turns":3},{"damage":12,"enemies":"Shell Parasite","floor":18,"turns":3},{"damage":0,"enemies":"Masked Bandits","floor":20,"turns":2},{"damage":4,"enemies":"2 Thieves","floor":21,"turns":3},{"damage":0,"enemies":"Centurion and Healer","floor":22,"turns":1},{"damage":0,"enemies":"Shelled Parasite and Fungi","floor":23,"turns":2},{"damage":12,"enemies":"Snake Plant","floor":25,"turns":4},{"damage":0,"enemies":"Centurion and Healer","floor":29,"turns":2},{"damage":0,"enemies":"Shelled Parasite and Fungi","floor":31,"turns":4},{"damage":56,"enemies":"RedHoodMercenary","floor":33,"turns":5}],"seed_played":"1565356489434970639","potions_obtained":[{"floor":3,"key":"SteroidPotion"},{"floor":10,"key":"Ancient Potion"},{"floor":16,"key":"EntropicBrew"},{"floor":18,"key":"Weak Potion"}],"is_trial":false,"path_per_floor":["M","$","M","M","M","R","?","E","T","M","?","?","R","M","R","B",null,"M","?","?","M","M","M","R","M","T","?","?","M","R","M","R","B"],"character_chosen":"Librarian","items_purchased":["Civilization","Regen Potion"],"campfire_rested":0,"item_purchase_floors":[2,2],"current_hp_per_floor":[55,55,57,68,71,71,80,89,89,94,87,87,87,92,92,59,108,101,101,110,111,120,125,125,118,118,118,118,129,129,134,134,78,78],"gold":691,"neow_bonus":"HUNDRED_GOLD","is_daily":false,"chose_seed":false,"campfire_upgraded":5,"win_rate":0.0,"timestamp":1614448978,"path_taken":["M","$","M","M","M","R","?","E","T","M","?","?","R","?","R","BOSS","M","?","?","M","M","M","R","M","T","?","?","?","R","M","R","BOSS"],"items_purchased_type":["Relic","Potion"],"build_version":"2020-12-22","purchased_purges":0,"victory":false,"max_hp_per_floor":[74,74,75,86,91,91,96,101,101,106,106,98,98,103,103,108,108,113,113,118,123,128,133,133,138,138,138,138,143,143,148,148,148,148],"card_choices":[{"not_picked":["BiAn","MindWhip","WillOfThePrescript","ScatteringSlash","TheWillOfTheCity","Pound","EndlessBattle","YoureAHindrance"],"picked":"Unlock1","floor":1},{"not_picked":["FlyingSword","MultiHit","SunsetBlade","GuidanceOfTheGears","BackAttack","BattleCommand","FlashOfSunup","SharpNails","LawAndOrder","GuardingStance"],"picked":"TrashDisposal","floor":3},{"not_picked":["TheRedNotes","FocusFire","SpearedSweep","Bvapour","PreparedMind","SteelKnuckles","Quickness","QuickSuppression","FrontalAssault","FaintMemories"],"picked":"FlowOfTheSword","floor":4},{"not_picked":["Overcharge","BackAttack","BulkyImpact","Reload","SuppressingShot","GuidanceOfTheGears","Clone","BlowItUp","Gigigig","SearingSword"],"picked":"ViolentFlame","floor":5},{"not_picked":["Wallop_lor","SnakesPrey","IronWall","QuickSuppression","EnergyShield","Leap_lor","Zzzzzap","ForcefulGesture","StrikeDown","ICanCookAnything"],"picked":"SunsetBlade","floor":7},{"not_picked":["QuickAttack","Mutilate","Faith","Struggle","StrongStrike","YoureAHindrance","Gigigig","HiddenBlade","SpearedSweep","BlindFaith","Gamble"],"picked":"SKIP","floor":8},{"not_picked":["SparkingSpear","Unlock1","StructuralAnalysis","Parry","WrathOfTorment","LossOfSenses","SweepTheBackstreets","Clone","BackAttack","CircusKnives"],"picked":"FieryDragonSlash","floor":10},{"not_picked":["Wallop_lor","Unlock1","SteelKnuckles","PuppetBlockade","Leap_lor","SmokingPipe","TheWillOfTheCity","UpbeatPerformance","BlindFaith","DesperateStruggle"],"picked":"Overcharge","floor":14},{"not_picked":["ScratchThat","Observe","MirageStorm","Punishment"],"picked":"RagingStormLove","floor":16},{"not_picked":["IdentifyWeakpoint","DirtyBlow","Multislash","FrontalAssault","EnergyShield","BackAttack","FleshFillet","HiddenBlade","StartinOutLightly","Outburst"],"picked":"FierceCharge+1","floor":18},{"not_picked":["Thrust+1","Outburst+1","PreemptiveStrike+1","OpportunitySpotted+1","CoordinatedAssault","SerpentSwordTechnique+1","EndlessBattle+1","Feast+1","Parry+1","MirageStorm+1"],"picked":"BlazingStrike+1","floor":20},{"not_picked":["QuickAttack+1","Gigigig+1","EndlessBattle+1","FierceCharge","IronWall","RushDown+1","SnakesPrey+1","FaintMemories+1","PinpointShot+1","HandlingWork+1"],"picked":"DesperateStruggle+1","floor":21},{"not_picked":["GuidanceOfTheGears+1","QuickSuppression+1","Ripple+1","ReadyUp","SinglePointStab+1","FrontalAssault","SuppressingShot+1","Crush+1","EnergyShield","TendonChords+1"],"picked":"FierceCharge+1","floor":22},{"not_picked":["Thrust+1","EnergyShield+1","AutomatedMovement+1","Parry2","Wallop_lor+1","Leap_lor+1","Rewind","MultiBlock","EndlessBattle+1","HeavyPeaks+1","Standoff+1"],"picked":"SKIP","floor":23},{"not_picked":["PreemptiveStrike+1","FieryWaltz+1","FlowOfTheSword+1","YoureTooSlow","Standoff+1","BlowItUp+1","DefenseOrder","CookingPrep","Leap_lor+1","SmokingPipe"],"picked":"SunsetBlade+1","floor":25},{"not_picked":["Quickness","SetFire+1","InhaleSmoke","BindingChains+1","Crush+1","BlindFaith","WrathOfTorment+1","AbsorbImpact+1","FleetFootsteps","SuppressingShot+1"],"picked":"InnerArdor+1","floor":29},{"not_picked":["Gigigig+1","Unlock1+1","ShockRound+1","SearingSword+1","HiddenBlade+1","Parry2","SkitterAway","FrontalAssault","ExtractFuel+1","Creak+1"],"picked":"Disposal+1","floor":31}],"player_experience":103052,"relics_obtained":[{"floor":1,"key":"SynthV:TestCard"},{"floor":7,"key":"Odd Mushroom"},{"floor":8,"key":"Pen Nib"},{"floor":9,"key":"MawBank"},{"floor":20,"key":"Red Mask"}],"event_choices":[{"damage_healed":0,"gold_gain":0,"player_choice":"Fought Mushrooms","damage_taken":0,"max_hp_gain":0,"max_hp_loss":0,"event_name":"Mushrooms","floor":7,"gold_loss":0},{"damage_healed":0,"gold_gain":0,"player_choice":"Success","damage_taken":7,"relics_obtained":["REME_PuzzleBoxRelic"],"max_hp_gain":0,"max_hp_loss":0,"event_name":"Scrap Ooze","floor":11,"gold_loss":0},{"damage_healed":0,"gold_gain":0,"player_choice":"Lose Max HP","damage_taken":0,"relics_obtained":["Golden Idol"],"max_hp_gain":0,"max_hp_loss":8,"event_name":"Golden Idol","floor":12,"gold_loss":0},{"damage_healed":0,"gold_gain":0,"player_choice":"Obtained Relic","damage_taken":0,"relics_obtained":["Molten Egg 2"],"max_hp_gain":0,"max_hp_loss":0,"event_name":"Addict","floor":19,"gold_loss":85},{"damage_healed":0,"gold_gain":0,"player_choice":"Fought Bandits","damage_taken":0,"max_hp_gain":0,"max_hp_loss":0,"event_name":"Masked Bandits","floor":20,"gold_loss":0},{"damage_healed":0,"gold_gain":0,"player_choice":"Ignored","damage_taken":0,"max_hp_gain":0,"max_hp_loss":0,"event_name":"Ghosts","floor":27,"gold_loss":0},{"damage_healed":0,"gold_gain":0,"player_choice":"0 cards matched","damage_taken":0,"max_hp_gain":0,"max_hp_loss":0,"event_name":"Match and Keep!","floor":28,"gold_loss":0,"cards_obtained":[]}],"is_beta":false,"boss_relics":[{"not_picked":["MoonlightInvasionPlan","HereWithMe"],"picked":"RhineSuit"}],"items_purged_floors":[],"is_endless":false,"potions_floor_spawned":[3,10,16,18,20],"killed_by":"RedHoodMercenary","ascension_level":0}}