{"host":"ekdm9k8smkjw8x9v","time":1614449898,"event":{"mods":["BaseMod","Hermit","Minty Spire (QoL Compilation)","Relic Stats","StSLib"],"gold_per_floor":[116,116,127,137,102,102,137,137,137,137,137,137,153,166,166,264,264,283,223,223,223,223],"floor_reached":21,"language":"RUS","playtime":1022,"items_purged":[],"score":177,"play_id":"19ff537a-12c7-48ed-860f-f15c0e03b275","local_time":"20210228011818","is_ascension_mode":false,"campfire_choices":[{"data":"hermit:Combo","floor":6,"key":"SMITH"},{"floor":8,"key":"REST"},{"data":"hermit:Deadeye","floor":10,"key":"SMITH"},{"data":"hermit:Quickdraw","floor":12,"key":"SMITH"},{"data":"hermit:Maintenance","floor":15,"key":"SMITH"}],"circlet_count":0,"master_deck":["hermit:Strike_Hermit","hermit:Strike_Hermit","hermit:Strike_Hermit","hermit:Defend_Hermit","hermit:Defend_Hermit","hermit:Defend_Hermit+1","hermit:Defend_Hermit","hermit:Snapshot","hermit:Covet+1","hermit:Combo+1","hermit:Horror","hermit:Coalescence","hermit:Quickdraw+1","hermit:Deadeye+1","Regret","hermit:Maintenance+1","hermit:HoleUp","hermit:Glare+1","hermit:Virtue"],"relics":["hermit:Momento","Singing Bowl","War Paint","Black Star","GremlinMask"],"acts_visited":["Exordium","TheCity"],"potions_floor_usage":[7,13,16,19],"damage_taken":[{"damage":0,"enemies":"Jaw Worm","floor":1,"turns":4},{"damage":4,"enemies":"Cultist","floor":3,"turns":4},{"damage":4,"enemies":"Small Slimes","floor":4,"turns":5},{"damage":30,"enemies":"Lagavulin","floor":7,"turns":6},{"damage":8,"enemies":"Gremlin Gang","floor":13,"turns":4},{"damage":7,"enemies":"Looter","floor":14,"turns":4},{"damage":21,"enemies":"Hexaghost","floor":16,"turns":12},{"damage":27,"enemies":"3 Byrds","floor":18,"turns":10},{"damage":14,"enemies":"2 Thieves","floor":19,"turns":4},{"damage":36,"enemies":"3 Cultists","floor":21,"turns":5}],"seed_played":"4306178361758315752","potions_obtained":[{"floor":1,"key":"Fire Potion"},{"floor":7,"key":"Explosive Potion"},{"floor":14,"key":"LiquidMemories"},{"floor":16,"key":"SpeedPotion"},{"floor":18,"key":"hermit:BlackBile"}],"is_trial":false,"path_per_floor":["M","?","M","M","?","R","E","R","T","R","?","R","M","M","R","B",null,"M","M","?","M"],"character_chosen":"HERMIT","items_purchased":[],"campfire_rested":1,"item_purchase_floors":[],"current_hp_per_floor":[68,68,64,60,68,68,38,58,58,58,58,58,50,43,43,24,70,43,29,29,0,0],"gold":223,"neow_bonus":"RANDOM_COLORLESS_2","is_daily":false,"chose_seed":false,"campfire_upgraded":4,"win_rate":0.0,"timestamp":1614449898,"path_taken":["M","?","M","?","?","R","E","R","T","R","?","R","?","M","R","BOSS","M","M","?","M"],"items_purchased_type":[],"build_version":"2020-12-22","purchased_purges":0,"victory":false,"max_hp_per_floor":[68,68,68,68,68,68,68,68,68,68,68,68,68,68,68,70,70,70,70,70,70,70],"relic_stats":{"Singing Bowl":2,"counters":[10,58],"Black Star":0,"War Paint":["hermit:Defend_Hermit","hermit:Covet"],"obtain_stats":[{"Singing Bowl":7,"GremlinMask":20,"Black Star":17,"War Paint":9,"hermit:Momento":0},{"Singing Bowl":4,"GremlinMask":9,"Black Star":7,"War Paint":4,"hermit:Momento":0},{"Singing Bowl":19,"GremlinMask":53,"Black Star":39,"War Paint":19,"hermit:Momento":0}]},"card_choices":[{"not_picked":["Secret Weapon","Thinking Ahead"],"picked":"Panache","floor":0},{"not_picked":["hermit:Dive","hermit:FlashPowder"],"picked":"hermit:Combo","floor":1},{"not_picked":["hermit:SprayPray","hermit:BodyArmor"],"picked":"hermit:Coalescence","floor":3},{"not_picked":["hermit:Manifest","hermit:Feint"],"picked":"hermit:Quickdraw","floor":4},{"not_picked":["hermit:Misfire","hermit:CalledShot"],"picked":"hermit:Deadeye","floor":7},{"not_picked":["hermit:Dive","hermit:HoleUp"],"picked":"hermit:Maintenance","floor":13},{"not_picked":["hermit:FinalCanter","hermit:BodyArmor"],"picked":"hermit:HoleUp","floor":14},{"not_picked":["hermit:Adapt","hermit:FinalCanter","hermit:FromBeyond"],"picked":"Singing Bowl","floor":16},{"not_picked":["hermit:Snipe","hermit:Manifest"],"picked":"hermit:Glare+1","floor":18},{"not_picked":["hermit:Gestalt","hermit:ItchyTrigger+1"],"picked":"hermit:Virtue","floor":19}],"player_experience":259603,"relics_obtained":[{"floor":7,"key":"Singing Bowl"},{"floor":9,"key":"War Paint"}],"event_choices":[{"damage_healed":0,"gold_gain":0,"cards_transformed":["hermit:Strike_Hermit"],"player_choice":"Transformed","damage_taken":0,"max_hp_gain":0,"max_hp_loss":0,"event_name":"Transmorgrifier","floor":2,"gold_loss":0,"cards_obtained":["hermit:Horror"]},{"damage_healed":17,"gold_gain":0,"player_choice":"Healed","damage_taken":0,"max_hp_gain":0,"max_hp_loss":0,"event_name":"The Cleric","floor":5,"gold_loss":35},{"cards_removed":["Panache"],"damage_healed":0,"gold_gain":0,"player_choice":"Took Card","damage_taken":0,"max_hp_gain":0,"max_hp_loss":0,"event_name":"NoteForYourself","floor":11,"gold_loss":0,"cards_obtained":["Regret"]},{"damage_healed":0,"gold_gain":0,"player_choice":"Trade","damage_taken":0,"relics_obtained":["GremlinMask"],"max_hp_gain":0,"max_hp_loss":0,"event_name":"FaceTrader","floor":20,"gold_loss":0}],"is_beta":false,"boss_relics":[{"not_picked":["Pandora\u0027s Box","Runic Dome"],"picked":"Black Star"}],"items_purged_floors":[],"is_endless":false,"potions_floor_spawned":[1,7,14,16,18],"killed_by":"3 Cultists","ascension_level":0}}