{"host":"338bkdl2yirdp2ct","time":1614439117,"event":{"mods":["AchievementEnabler","BaseMod","Colored Powertips","Highlight Path","Minty Spire (QoL Compilation)","Quick Restart","Relic Sorter","Unceasing Turn Reminder","slay the spire mod where everything is the same but ironclad has a cowboy hat"],"gold_per_floor":[217,217,217,217,228,258,275,275,275,275,275],"floor_reached":10,"language":"ENG","playtime":244,"items_purged":[],"score":66,"play_id":"dea9d486-8362-4666-bbc0-6f4da1ec544e","local_time":"20210227071837","is_ascension_mode":false,"campfire_choices":[{"data":"Entrench","floor":8,"key":"SMITH"}],"circlet_count":0,"master_deck":["Strike_R","Strike_R","Strike_R","Strike_R","Defend_R","Defend_R","Defend_R","Defend_R","Bash","Sword Boomerang","Battle Trance","Entrench+1"],"relics":["Burning Blood","The Courier","Regal Pillow"],"acts_visited":["Exordium"],"potions_floor_usage":[],"damage_taken":[{"damage":1,"enemies":"2 Louse","floor":1,"turns":3},{"damage":0,"enemies":"Small Slimes","floor":5,"turns":3},{"damage":59,"enemies":"3 Sentries","floor":6,"turns":14},{"damage":11,"enemies":"Jaw Worm","floor":7,"turns":2},{"damage":26,"enemies":"Lagavulin","floor":10,"turns":3}],"seed_played":"-6205678108810285279","potions_obtained":[],"is_trial":false,"path_per_floor":["M","?","?","?","M","E","M","R","T","E"],"character_chosen":"IRONCLAD","items_purchased":[],"campfire_rested":0,"item_purchase_floors":[],"current_hp_per_floor":[80,80,73,78,84,31,26,26,26,0,0],"gold":275,"neow_bonus":"HUNDRED_GOLD","is_daily":false,"chose_seed":false,"campfire_upgraded":1,"win_rate":0.0,"timestamp":1614439117,"path_taken":["M","?","?","?","M","E","M","R","T","E"],"items_purchased_type":[],"build_version":"2020-12-22","purchased_purges":0,"victory":false,"max_hp_per_floor":[80,80,80,85,85,85,85,85,85,85,85],"card_choices":[{"not_picked":["Pommel Strike","Battle Trance"],"picked":"Sword Boomerang","floor":1},{"not_picked":["Armaments","Perfected Strike","Fire Breathing"],"picked":"SKIP","floor":5},{"not_picked":["Pommel Strike","Blood for Blood"],"picked":"Battle Trance","floor":6},{"not_picked":["True Grit","Battle Trance"],"picked":"Entrench","floor":7}],"player_experience":1178340,"relics_obtained":[{"floor":6,"key":"The Courier"},{"floor":9,"key":"Regal Pillow"}],"event_choices":[{"damage_healed":0,"gold_gain":0,"player_choice":"Leave","damage_taken":0,"max_hp_gain":0,"max_hp_loss":0,"event_name":"The Cleric","floor":2,"gold_loss":0},{"cards_removed":["Strike_R"],"damage_healed":0,"gold_gain":0,"player_choice":"Card Removal","damage_taken":7,"max_hp_gain":0,"max_hp_loss":0,"event_name":"Golden Wing","floor":3,"gold_loss":0},{"damage_healed":0,"gold_gain":0,"player_choice":"Donut","damage_taken":0,"max_hp_gain":5,"max_hp_loss":0,"event_name":"Big Fish","floor":4,"gold_loss":0}],"is_beta":false,"boss_relics":[],"items_purged_floors":[],"is_endless":false,"potions_floor_spawned":[],"killed_by":"Lagavulin","ascension_level":0}}