{"host":"sad","time":1614427845,"event":{"mods":["AchievementEnabler","BaseMod","Colored Map","Googly Eyes","Minty Spire (QoL Compilation)","Permanent Neow","Relic Stats","The IronCluck"],"gold_per_floor":[119,129,12,12,29,29,64,64,89,118,31,66,66,66,66,171,171,205,405,434,201,245,245,287,301,301,301,301],"floor_reached":27,"language":"ENG","playtime":1277,"items_purged":["Defend_P"],"score":644,"play_id":"ddee0e07-69d9-4c01-949b-da769e23915e","local_time":"20210227041045","is_ascension_mode":true,"campfire_choices":[{"data":"TalkToTheHand","floor":6.0,"key":"SMITH"},{"data":"Omniscience","floor":13.0,"key":"SMITH"},{"data":"TalkToTheHand","floor":15.0,"key":"SMITH"},{"data":"Fasting2","floor":23.0,"key":"SMITH"}],"circlet_count":0,"master_deck":["AscendersBane","Strike_P","Strike_P","Strike_P","Strike_P","Defend_P","Defend_P+1","Defend_P","Eruption+1","Vigilance","Halt","Sanctity","TalkToTheHand+1","ReachHeaven","TalkToTheHand+1","Omniscience+1","Indignation","Fasting2+1","FollowUp","DevaForm","Tantrum+1","TalkToTheHand","MentalFortress","Dramatic Entrance","InnerPeace","ThirdEye+1"],"relics":["Coffee Dripper","Nunchaku","Toy Ornithopter","Orichalcum","CeramicFish","Golden Idol","Snecko Eye","Red Mask","Potion Belt","Omamori"],"acts_visited":["Exordium","TheCity"],"potions_floor_usage":[],"damage_taken":[{"damage":2.0,"enemies":"Cultist","floor":1.0,"turns":3.0},{"damage":0.0,"enemies":"Jaw Worm","floor":2.0,"turns":4.0},{"damage":8.0,"enemies":"2 Louse","floor":5.0,"turns":3.0},{"damage":8.0,"enemies":"Gremlin Nob","floor":7.0,"turns":3.0},{"damage":18.0,"enemies":"3 Sentries","floor":10.0,"turns":11.0},{"damage":0.0,"enemies":"Lagavulin","floor":12.0,"turns":3.0},{"damage":0.0,"enemies":"Slime Boss","floor":16.0,"turns":5.0},{"damage":12.0,"enemies":"Shell Parasite","floor":18.0,"turns":5.0},{"damage":3.0,"enemies":"Spheric Guardian","floor":20.0,"turns":3.0},{"damage":28.0,"enemies":"Masked Bandits","floor":22.0,"turns":4.0},{"damage":1.0,"enemies":"Gremlin Leader","floor":24.0,"turns":4.0},{"damage":3.0,"enemies":"Snecko","floor":25.0,"turns":3.0},{"damage":0,"enemies":"Snake Plant","floor":27,"turns":1}],"seed_played":"1782797100587394500","potions_obtained":[{"floor":5.0,"key":"EssenceOfSteel"},{"floor":10.0,"key":"ColorlessPotion"},{"floor":16.0,"key":"Regen Potion"},{"floor":20.0,"key":"Dexterity Potion"},{"floor":22.0,"key":"Fire Potion"},{"floor":24.0,"key":"Ambrosia"}],"is_trial":false,"path_per_floor":["M","M","$","?","M","R","E","?","T","E","$","E","R","?","R","B",null,"M","?","M","$","?","R","E","M","T","M"],"character_chosen":"WATCHER","items_purchased":["TalkToTheHand","ReachHeaven","Fasting2","MentalFortress","Dramatic Entrance"],"campfire_rested":0,"item_purchase_floors":[3,3,11,21,21],"current_hp_per_floor":[59,59,59,39,31,31,23,45,45,27,27,27,27,27,27,32,55,43,43,40,40,26,26,30,27,27,27,27],"gold":301,"neow_bonus":"BOSS_RELIC","is_daily":false,"chose_seed":false,"campfire_upgraded":4,"win_rate":0.0,"timestamp":1614427845,"path_taken":["M","M","$","?","M","R","E","?","T","E","?","E","R","?","R","BOSS","M","?","M","?","?","R","E","M","T","M"],"items_purchased_type":["Card","Card","Card","Card","Card"],"build_version":"2020-12-18","purchased_purges":1,"victory":false,"max_hp_per_floor":[68,68,68,68,68,68,68,68,68,68,68,68,68,62,62,62,62,62,62,62,62,62,62,62,62,62,62,62],"relic_stats":{"Nunchaku":[6],"counters":[13,52],"Golden Idol":45,"CeramicFish":72,"Snecko Eye":[31,37,41,29],"Orichalcum":[6],"obtain_stats":[{"Potion Belt":24,"Nunchaku":7,"Golden Idol":14,"CeramicFish":12,"Snecko Eye":17,"Coffee Dripper":0,"Red Mask":22,"Omamori":26,"PureWater":0,"Orichalcum":10,"Toy Ornithopter":9},{"Potion Belt":11,"Nunchaku":4,"Golden Idol":6,"CeramicFish":6,"Snecko Eye":7,"Coffee Dripper":0,"Red Mask":10,"Omamori":12,"PureWater":0,"Orichalcum":5,"Toy Ornithopter":4},{"Potion Belt":48,"Nunchaku":13,"Golden Idol":27,"CeramicFish":27,"Snecko Eye":32,"Coffee Dripper":0,"Red Mask":44,"Omamori":51,"PureWater":0,"Orichalcum":24,"Toy Ornithopter":13}],"Toy Ornithopter":15},"card_choices":[{"not_picked":["Evaluate","Weave"],"picked":"Halt","floor":1.0},{"not_picked":["ClearTheMind","Wireheading"],"picked":"Sanctity","floor":2.0},{"not_picked":["Vengeance","Crescendo"],"picked":"TalkToTheHand","floor":5.0},{"not_picked":["Collect","Evaluate"],"picked":"Omniscience","floor":7.0},{"not_picked":["DeceiveReality","WindmillStrike"],"picked":"Indignation","floor":10.0},{"not_picked":["Halt","ForeignInfluence"],"picked":"FollowUp","floor":12.0},{"not_picked":["DeusExMachina","Brilliance"],"picked":"DevaForm","floor":16.0},{"not_picked":["Worship","Halt"],"picked":"Tantrum+1","floor":18.0},{"not_picked":["FollowUp","Consecrate+1"],"picked":"TalkToTheHand","floor":20.0},{"not_picked":["FollowUp+1","SignatureMove"],"picked":"InnerPeace","floor":22.0},{"not_picked":["FlyingSleeves","Protect+1"],"picked":"ThirdEye+1","floor":24.0},{"not_picked":["BattleHymn","EmptyBody","BowlingBash"],"picked":"SKIP","floor":25.0}],"player_experience":1372761,"relics_obtained":[{"floor":7.0,"key":"Nunchaku"},{"floor":9.0,"key":"Toy Ornithopter"},{"floor":10.0,"key":"Orichalcum"},{"floor":12.0,"key":"CeramicFish"},{"floor":22.0,"key":"Red Mask"},{"floor":24.0,"key":"Potion Belt"},{"floor":26.0,"key":"Omamori"}],"event_choices":[{"damage_healed":0.0,"max_hp_gain":0.0,"max_hp_loss":0.0,"gold_gain":0.0,"event_name":"Shining Light","player_choice":"Entered Light","floor":4.0,"gold_loss":0.0,"damage_taken":20.0,"cards_upgraded":["Eruption","Defend_P"]},{"damage_healed":22.0,"max_hp_gain":0.0,"max_hp_loss":0.0,"gold_gain":0.0,"event_name":"Big Fish","player_choice":"Banana","floor":8.0,"gold_loss":0.0,"damage_taken":0.0},{"damage_healed":0.0,"max_hp_gain":0.0,"max_hp_loss":6.0,"gold_gain":0.0,"event_name":"Golden Idol","player_choice":"Lose Max HP","floor":14.0,"gold_loss":0.0,"damage_taken":0.0,"relics_obtained":["Golden Idol"]},{"damage_healed":0.0,"max_hp_gain":0.0,"max_hp_loss":0.0,"gold_gain":250.0,"event_name":"The Joust","player_choice":"Bet on Owner","floor":19.0,"gold_loss":50.0,"damage_taken":0.0},{"damage_healed":0.0,"max_hp_gain":0.0,"max_hp_loss":0.0,"gold_gain":0.0,"event_name":"Masked Bandits","player_choice":"Fought Bandits","floor":22.0,"gold_loss":0.0,"damage_taken":0.0}],"is_beta":true,"boss_relics":[{"not_picked":["Cursed Key","Tiny House"],"picked":"Snecko Eye"}],"items_purged_floors":[21],"is_endless":false,"potions_floor_spawned":[5,10,16,20,22,24],"killed_by":"Snake Plant","ascension_level":20}}