{"host":"21o28mgl9u9ntir2","time":1614421168,"event":{"mods":["BaseMod","BetterRewards","Colored Powertips","Minty Spire (QoL Compilation)","Quick Restart","Remove Card Discount Mod","SOS（斯巴达之子）","Spicy Shops","StSLib","SuperFastMode","[IsaacMod]以撒尖塔","【遗物卡牌】REMEMod","残留之物"],"gold_per_floor":[117,117,134,145,124,153,153,153,153,163,163,163,191,207,207,284,284,303,303,53,67,84,119,119,29,29,56,75,73,73,126,126,203,203,216,270,270,283,283,317,29,29,29,59,84,119,138,158,158,158,158,158,24,51,51],"floor_reached":56,"language":"ZHS","playtime":973,"items_purged":["PlaceholderMod:BaseStrike","PlaceholderMod:BaseStrike","PlaceholderMod:BaseDefend","PlaceholderMod:BaseStrike","PlaceholderMod:PoisonWhip","PlaceholderMod:BaseStrike","PlaceholderMod:BaseStrike","PlaceholderMod:BaseDefend","PlaceholderMod:BaseDefend","PlaceholderMod:Crystal","PlaceholderMod:BaseDefend","PlaceholderMod:BaseDefend","PlaceholderMod:HardStinger","PlaceholderMod:PoisonExcitation"],"score":2821,"play_id":"90946971-53b1-440c-8ca8-5136f7fc806f","local_time":"20210227181928","is_ascension_mode":true,"campfire_choices":[{"data":"PlaceholderMod:DiffusionPoison","floor":7.0,"key":"SMITH"},{"floor":11.0,"key":"REST"},{"data":"PlaceholderMod:PoisonAbsorb","floor":15.0,"key":"SMITH"},{"data":"PlaceholderMod:FinalSpray","floor":24.0,"key":"SMITH"},{"floor":30.0,"key":"RECALL"},{"floor":32.0,"key":"REST"},{"data":"PlaceholderMod:FinalSpray","floor":49,"key":"SMITH"},{"data":"PlaceholderMod:FinalSpray","floor":52,"key":"SMITH"}],"circlet_count":0,"master_deck":["AscendersBane","PlaceholderMod:DiffusionPoison+1","PlaceholderMod:FinalSpray+1","PlaceholderMod:FinalSpray+1","PlaceholderMod:PoisonAbsorb+1","PlaceholderMod:StrongAcid+1","PlaceholderMod:FinalSpray+1","PlaceholderMod:PoisonExcitation+1","PlaceholderMod:FinalSpray+1","PlaceholderMod:FinalSpray+1","Madness","Madness","CurseOfTheBell"],"relics":["PlaceholderMod:Tancle","HushsDoor","REME_ComplimentaryCards","Chaos","GuppysPaw","Lee\u0027s Waffle","REME_LimitBreaker","Bag of Preparation","BookOfRevelations","Membership Card","Regal Pillow","Prayer Wheel","Singing Bowl","Runic Pyramid","BFFS","GuppysHairball","GuppysTail","PlaceholderMod:Abhoth","SlaversCollar","War Paint","Damocles","Medical Kit","Oddly Smooth Stone","Coffee Dripper","TheAbacus","MomsKnife","Incubus","REME_CardOfGreed","TheBattery","Black Star","Torii","The Courier","BookofShadows","Du-Vu Doll","Nunchaku","Ancient Tea Set","UnicornStump","Mango","Philosopher\u0027s Stone","BlankCard","RottenBaby","PlaceholderMod:NyogSothep","Calling Bell","GnawedLeaf","Art of War","DeadEye"],"acts_visited":["Exordium","TheCity","TheBeyond","TheEnding"],"potions_floor_usage":[],"damage_taken":[{"damage":3.0,"enemies":"2 Louse","floor":1.0,"turns":3.0},{"damage":0.0,"enemies":"Cultist","floor":3.0,"turns":3.0},{"damage":0.0,"enemies":"Small Slimes","floor":4.0,"turns":3.0},{"damage":39.0,"enemies":"Lagavulin","floor":6.0,"turns":4.0},{"damage":7.0,"enemies":"Gremlin Gang","floor":10.0,"turns":2.0},{"damage":25.0,"enemies":"3 Sentries","floor":13.0,"turns":5.0},{"damage":5.0,"enemies":"Large Slime","floor":14.0,"turns":4.0},{"damage":0.0,"enemies":"The Guardian","floor":16.0,"turns":5.0},{"damage":0.0,"enemies":"2 Thieves","floor":18.0,"turns":3.0},{"damage":0.0,"enemies":"Spheric Guardian","floor":21.0,"turns":3.0},{"damage":0.0,"enemies":"Cultist and Chosen","floor":22.0,"turns":3.0},{"damage":0.0,"enemies":"Book of Stabbing","floor":23.0,"turns":3.0},{"damage":0.0,"enemies":"Gremlin Leader","floor":27.0,"turns":2.0},{"damage":0.0,"enemies":"Chosen and Byrds","floor":28.0,"turns":2.0},{"damage":0.0,"enemies":"Collector","floor":33.0,"turns":2.0},{"damage":0.0,"enemies":"3 Darklings","floor":35.0,"turns":1.0},{"damage":0,"enemies":"2 Orb Walkers","floor":36,"turns":1},{"damage":0,"enemies":"3 Shapes","floor":38,"turns":1},{"damage":0,"enemies":"Nemesis","floor":40,"turns":1},{"damage":0,"enemies":"Reptomancer","floor":44,"turns":1},{"damage":0,"enemies":"Mind Bloom Boss Battle","floor":45,"turns":1},{"damage":0,"enemies":"Nemesis","floor":46,"turns":1},{"damage":0,"enemies":"Jaw Worm Horde","floor":47,"turns":1},{"damage":0,"enemies":"Writhing Mass","floor":48,"turns":1},{"damage":0,"enemies":"Time Eater","floor":50,"turns":1},{"damage":0,"enemies":"Shield and Spear","floor":54,"turns":1}],"seed_played":"-6578013933148692255","potions_obtained":[{"floor":6.0,"key":"SteroidPotion"},{"floor":13.0,"key":"Weak Potion"},{"floor":14.0,"key":"Block Potion"},{"floor":21.0,"key":"SmokeBomb"},{"floor":22.0,"key":"EssenceOfSteel"}],"is_trial":false,"path_per_floor":["M","?","M","M","$","E","R","?","T","M","R","?","E","M","R","B",null,"M","?","$","M","M","E","R","$","T","E","M","$","R","?","R","B",null,"M","?","?","M","?","E","$","?","T","E","?","E","M","M","R","B",null,"R","$","E","B",null],"character_chosen":"THE_PLACEHOLDER","items_purchased":["PlaceholderMod:DiffusionPoison","GuppysPaw","Lee\u0027s Waffle","REME_LimitBreaker","Bag of Preparation","PlaceholderMod:PoisonExcitation","BookOfRevelations","Membership Card","PlaceholderMod:FinalSpray","GuppysHairball","GuppysTail","PlaceholderMod:Abhoth","War Paint","PlaceholderMod:FinalSpray","Black Star","BlankCard"],"campfire_rested":2,"item_purchase_floors":[0,0,0,0,0,0,0,0,5,17,20,20,25,34,41,53],"current_hp_per_floor":[81,70,70,70,70,31,31,31,31,28,69,69,46,43,43,45,74,76,76,76,80,82,84,84,84,84,86,88,88,88,73,98,98,94,98,100,100,104,106,108,108,89,89,91,93,95,113,117,117,117,131,131,131,133,133],"gold":51,"neow_bonus":"","is_daily":false,"chose_seed":false,"campfire_upgraded":5,"win_rate":0.0,"timestamp":1614421168,"path_taken":["M","?","?","M","$","E","R","?","T","M","R","?","E","?","R","BOSS","M","?","$","?","M","E","R","$","T","E","M","$","R","?","R","BOSS","M","?","?","M","?","E","$","?","T","E","?","E","M","M","R","BOSS","R","$","E","BOSS"],"items_purchased_type":["Card","Relic","Relic","Relic","Relic","Card","Relic","Relic","Card","Relic","Relic","Relic","Relic","Card","Relic","Relic"],"build_version":"2020-12-22","purchased_purges":14,"victory":true,"max_hp_per_floor":[84,84,84,84,84,84,84,84,84,88,88,88,90,92,92,94,84,86,86,86,90,92,94,94,94,94,96,98,98,98,98,98,98,94,98,100,100,104,106,108,108,108,108,110,112,114,132,136,136,136,136,136,136,138,138],"card_choices":[{"not_picked":["PlaceholderMod:PoisonExcitation","PlaceholderMod:SeverePoisonStrike"],"picked":"PlaceholderMod:HardStinger","floor":1.0},{"not_picked":["PlaceholderMod:HornyCollision","PlaceholderMod:TriggerStrike","PlaceholderMod:EnergyAbsorb"],"picked":"SKIP","floor":3.0},{"not_picked":["PlaceholderMod:Sweep","PlaceholderMod:ThreeBenzyolStart","PlaceholderMod:Stratification"],"picked":"SKIP","floor":4.0},{"not_picked":["PlaceholderMod:TriggerStrike","PlaceholderMod:HighConcentration","PlaceholderMod:RadicalHit"],"picked":"SKIP","floor":6.0},{"not_picked":["PlaceholderMod:SprayAttack","PlaceholderMod:PoisonBlast","PlaceholderMod:NutritionAbsorb"],"picked":"Singing Bowl","floor":10.0},{"not_picked":["PlaceholderMod:PoisonExcitation","PlaceholderMod:SelectReaction","PlaceholderMod:DissolvingSpikes"],"picked":"Singing Bowl","floor":10.0},{"not_picked":["PlaceholderMod:ParasiteChange","PlaceholderMod:ConsolidateHit","PlaceholderMod:HighConcentration"],"picked":"Singing Bowl","floor":13.0},{"not_picked":["PlaceholderMod:Eat","PlaceholderMod:ChainPoly","PlaceholderMod:HardStinger"],"picked":"Singing Bowl","floor":14.0},{"not_picked":["PlaceholderMod:Hyperplasia","PlaceholderMod:ProliferateStrike"],"picked":"PlaceholderMod:PoisonAbsorb","floor":14.0},{"not_picked":["PlaceholderMod:Assimilation","PlaceholderMod:InnerSoften","PlaceholderMod:Inner"],"picked":"Singing Bowl","floor":16.0},{"not_picked":["PlaceholderMod:SeverePoisonStrike","PlaceholderMod:ProliferateStrike"],"picked":"PlaceholderMod:StrongAcid+1","floor":18.0},{"not_picked":["PlaceholderMod:SpinBlade","PlaceholderMod:StressReaction","PlaceholderMod:HornyBlast"],"picked":"Singing Bowl","floor":18.0},{"not_picked":["PlaceholderMod:SpinBlade","PlaceholderMod:Sweep","PlaceholderMod:HornyBlast"],"picked":"Singing Bowl","floor":21.0},{"not_picked":["PlaceholderMod:ContinueSpray","PlaceholderMod:Turn","PlaceholderMod:ProliferateStrike"],"picked":"Singing Bowl","floor":21.0},{"not_picked":["PlaceholderMod:OHStrongAttack","PlaceholderMod:HighConcentration","PlaceholderMod:EnergyAbsorb"],"picked":"Singing Bowl","floor":22.0},{"not_picked":["PlaceholderMod:NearChange","PlaceholderMod:DirectingGroup"],"picked":"PlaceholderMod:FinalSpray","floor":22.0},{"not_picked":["PlaceholderMod:EnergyAbsorb","PlaceholderMod:SprayAttack","PlaceholderMod:SevereHeat"],"picked":"Singing Bowl","floor":23.0},{"not_picked":["PlaceholderMod:Hyperplasia","PlaceholderMod:CycleAttack","PlaceholderMod:Stable"],"picked":"Singing Bowl","floor":27.0},{"not_picked":["PlaceholderMod:HardStinger","PlaceholderMod:Stratification","PlaceholderMod:CycleAttack"],"picked":"Singing Bowl","floor":28.0},{"not_picked":["PlaceholderMod:HardStinger","PlaceholderMod:StrongAcid"],"picked":"PlaceholderMod:PoisonExcitation+1","floor":28.0},{"not_picked":["PlaceholderMod:AbsorbTouch","PlaceholderMod:ReactionCatalyze"],"picked":"PlaceholderMod:FinalSpray","floor":33.0},{"not_picked":["PlaceholderMod:Hyperplasia+1","PlaceholderMod:Internalization+1","PlaceholderMod:HornyBlast"],"picked":"Singing Bowl","floor":35},{"not_picked":["PlaceholderMod:EnergyAbsorb","PlaceholderMod:AttackAsDefend","PlaceholderMod:StrongAcid"],"picked":"Singing Bowl","floor":35},{"not_picked":["PlaceholderMod:HornyBlast","PlaceholderMod:HardStrike","PlaceholderMod:SubstitutionNucleophilic1"],"picked":"Singing Bowl","floor":36},{"not_picked":["PlaceholderMod:SelfCoupling","PlaceholderMod:DissolvingSpikes+1","PlaceholderMod:SprayAttack"],"picked":"Singing Bowl","floor":38},{"not_picked":["PlaceholderMod:ConsolidateHit","PlaceholderMod:ReactionCatalyze","PlaceholderMod:Sweep"],"picked":"Singing Bowl","floor":38},{"not_picked":["Jack Of All Trades","Bomb","Trip"],"picked":"Singing Bowl","floor":39},{"not_picked":["PlaceholderMod:SprayAttack","PlaceholderMod:Polyp","PlaceholderMod:EvolutionSpray"],"picked":"Singing Bowl","floor":40},{"not_picked":["PlaceholderMod:HornyBlast","PlaceholderMod:TriggerStrike","PlaceholderMod:Turn"],"picked":"Singing Bowl","floor":44},{"not_picked":["PlaceholderMod:ComplexForm+1","PlaceholderMod:Polyp","PlaceholderMod:EnergyAbsorb+1"],"picked":"Singing Bowl","floor":45},{"not_picked":["PlaceholderMod:Hyperplasia","PlaceholderMod:Corrosion+1","PlaceholderMod:AttackAsDefend"],"picked":"Singing Bowl","floor":46},{"not_picked":["PlaceholderMod:PoisonAbsorb","PlaceholderMod:SpinBlade","PlaceholderMod:TriggerStrike"],"picked":"Singing Bowl","floor":47},{"not_picked":["PlaceholderMod:ProliferateStrike+1","PlaceholderMod:Turn+1","PlaceholderMod:Colorful"],"picked":"Singing Bowl","floor":47},{"not_picked":["PlaceholderMod:ConsolidateHit","PlaceholderMod:Package+1","PlaceholderMod:Polyp+1"],"picked":"Singing Bowl","floor":48},{"not_picked":["PlaceholderMod:Break","PlaceholderMod:Internalization","PlaceholderMod:HornyBlast"],"picked":"Singing Bowl","floor":48},{"not_picked":["PlaceholderMod:ConsolidateHit+1","PlaceholderMod:TriggerStrike+1","PlaceholderMod:Polyp+1"],"picked":"Singing Bowl","floor":54}],"player_experience":779252,"relics_obtained":[{"floor":6.0,"key":"Prayer Wheel"},{"floor":9.0,"key":"Singing Bowl"},{"floor":13.0,"key":"Runic Pyramid"},{"floor":23.0,"key":"SlaversCollar"},{"floor":26.0,"key":"Damocles"},{"floor":27.0,"key":"Medical Kit"},{"floor":28.0,"key":"Oddly Smooth Stone"},{"floor":36,"key":"TheAbacus"},{"floor":36,"key":"MomsKnife"},{"floor":38,"key":"Incubus"},{"floor":40,"key":"REME_CardOfGreed"},{"floor":40,"key":"TheBattery"},{"floor":44,"key":"Torii"},{"floor":44,"key":"The Courier"},{"floor":44,"key":"BookofShadows"},{"floor":45,"key":"Du-Vu Doll"},{"floor":46,"key":"Nunchaku"},{"floor":46,"key":"Ancient Tea Set"},{"floor":46,"key":"UnicornStump"},{"floor":47,"key":"Mango"},{"floor":48,"key":"Philosopher\u0027s Stone"},{"floor":54,"key":"RottenBaby"},{"floor":54,"key":"PlaceholderMod:NyogSothep"},{"floor":54,"key":"Calling Bell"},{"floor":55,"key":"GnawedLeaf"},{"floor":55,"key":"Art of War"},{"floor":55,"key":"DeadEye"}],"event_choices":[{"damage_healed":0.0,"max_hp_gain":0.0,"max_hp_loss":0.0,"gold_gain":0.0,"event_name":"Scrap Ooze","player_choice":"Success","floor":2.0,"gold_loss":0.0,"damage_taken":11.0,"relics_obtained":["Regal Pillow"]},{"damage_healed":0.0,"max_hp_gain":0.0,"max_hp_loss":0.0,"gold_gain":0.0,"event_name":"Ghosts","player_choice":"Ignored","floor":19.0,"gold_loss":0.0,"damage_taken":0.0},{"damage_healed":0,"gold_gain":0,"player_choice":"Fight","damage_taken":0,"max_hp_gain":0,"max_hp_loss":0,"event_name":"Mysterious Sphere","floor":36,"gold_loss":0},{"damage_healed":0,"gold_gain":0,"player_choice":"Ignored","damage_taken":0,"max_hp_gain":0,"max_hp_loss":0,"event_name":"Tomb of Lord Red Mask","floor":37,"gold_loss":0},{"damage_healed":0,"gold_gain":0,"player_choice":"Memory 1","damage_taken":0,"max_hp_gain":0,"max_hp_loss":0,"event_name":"SensoryStone","floor":39,"gold_loss":0},{"damage_healed":0,"gold_gain":0,"player_choice":"Embrace Madness","damage_taken":19,"max_hp_gain":0,"max_hp_loss":0,"event_name":"Winding Halls","floor":42,"gold_loss":0,"cards_obtained":["Madness","Madness"]},{"damage_healed":0,"gold_gain":0,"player_choice":"Fight","damage_taken":0,"max_hp_gain":0,"max_hp_loss":0,"event_name":"MindBloom","floor":45,"gold_loss":0}],"is_beta":false,"boss_relics":[{"not_picked":["REME_IWantAll","InkBottle"],"picked":"BFFS"},{"not_picked":[]},{"not_picked":["Potion Belt","PunchingBag"],"picked":"Coffee Dripper"},{"not_picked":[]}],"items_purged_floors":[5,5,5,5,5,5,20,20,20,20,25,25,25,29],"is_endless":false,"potions_floor_spawned":[6,13,14,21,22,28,33,38,44,46,48,54],"ascension_level":16}}