{"host":"3fq4qkq16k5wd7va","time":1614438972,"event":{"mods":["BaseMod","Better Match","Googly Eyes","Minty Spire (QoL Compilation)","StSLib"],"gold_per_floor":[118,193,204,216,229,262,262,272,272,97,97,120,120,177,177,281,281,292,311,90,90,90,90,103,103,177,197,197,229,243,274,274,274,274],"floor_reached":33,"language":"ENG","playtime":1605,"items_purged":["Strike_R","Strike_R"],"score":314,"play_id":"afd4647e-4dd3-4349-8550-7e707934982a","local_time":"20210228021612","is_ascension_mode":true,"campfire_choices":[{"data":"Shrug It Off","floor":7,"key":"SMITH"},{"data":"Inflame","floor":13,"key":"SMITH"},{"floor":15,"key":"REST"},{"data":"Body Slam","floor":23,"key":"SMITH"},{"data":"True Grit","floor":25,"key":"SMITH"},{"floor":32,"key":"REST"}],"circlet_count":0,"master_deck":["Strike_R","Strike_R","Strike_R","Defend_R","Defend_R","Defend_R","Defend_R","Bash","Carnage","Headbutt","Shrug It Off+1","Body Slam+1","Reaper","Inflame+1","Juggernaut","Body Slam+1","Metallicize","True Grit+1","Flame Barrier","Shockwave","Shrug It Off"],"relics":["Burning Blood","Bag of Marbles","Blood Vial","Tiny Chest","Juzu Bracelet","Bottled Tornado","Sozu","Self Forming Clay","Bag of Preparation","Strawberry"],"acts_visited":["Exordium","TheCity"],"potions_floor_usage":[6,6,10],"damage_taken":[{"damage":4,"enemies":"Jaw Worm","floor":1,"turns":3},{"damage":15,"enemies":"Small Slimes","floor":3,"turns":3},{"damage":11,"enemies":"2 Louse","floor":4,"turns":3},{"damage":12,"enemies":"2 Fungi Beasts","floor":5,"turns":5},{"damage":15,"enemies":"Gremlin Nob","floor":6,"turns":4},{"damage":26,"enemies":"Gremlin Gang","floor":8,"turns":6},{"damage":26,"enemies":"3 Sentries","floor":14,"turns":9},{"damage":63,"enemies":"The Guardian","floor":16,"turns":18},{"damage":12,"enemies":"Chosen","floor":18,"turns":3},{"damage":29,"enemies":"Shell Parasite","floor":19,"turns":5},{"damage":21,"enemies":"Chosen and Byrds","floor":24,"turns":5},{"damage":24,"enemies":"Snecko","floor":27,"turns":4},{"damage":16,"enemies":"Book of Stabbing","floor":29,"turns":5},{"damage":1,"enemies":"Centurion and Healer","floor":30,"turns":6},{"damage":41,"enemies":"Gremlin Leader","floor":31,"turns":7},{"damage":59,"enemies":"Champ","floor":33,"turns":10}],"seed_played":"-1660667123458942166","potions_obtained":[{"floor":1,"key":"FairyPotion"},{"floor":4,"key":"PowerPotion"},{"floor":5,"key":"AttackPotion"}],"is_trial":false,"path_per_floor":["M","?","M","M","M","E","R","M","T","$","?","T","R","?","R","B",null,"M","M","$","?","$","R","M","R","T","M","T","E","M","E","R","B"],"character_chosen":"IRONCLAD","items_purchased":["Fruit Juice","Metallicize","True Grit"],"campfire_rested":2,"item_purchase_floors":[10,20,20],"current_hp_per_floor":[80,69,60,55,49,40,40,28,28,33,30,30,30,12,37,31,85,79,58,58,58,58,58,52,52,52,43,43,35,49,30,57,0,0],"gold":274,"neow_bonus":"THREE_CARDS","is_daily":false,"chose_seed":false,"campfire_upgraded":4,"win_rate":0.0,"timestamp":1614438972,"path_taken":["M","?","M","M","M","E","R","M","T","$","?","?","R","?","R","BOSS","M","M","$","?","$","R","M","R","T","M","?","E","M","E","R","BOSS"],"items_purchased_type":["Potion","Card","Card"],"build_version":"2020-12-22","purchased_purges":2,"victory":false,"max_hp_per_floor":[80,80,80,80,80,80,80,80,80,85,85,85,85,85,85,85,85,85,85,85,85,85,85,85,85,85,85,85,85,85,92,92,92,92],"card_choices":[{"not_picked":["Clash","Shockwave"],"picked":"Carnage","floor":0},{"not_picked":["Fire Breathing","Perfected Strike","Clash"],"picked":"SKIP","floor":1},{"not_picked":["Shockwave","Havoc"],"picked":"Headbutt","floor":3},{"not_picked":["Headbutt","Intimidate"],"picked":"Shrug It Off","floor":4},{"not_picked":["Rupture","Twin Strike"],"picked":"Body Slam","floor":5},{"not_picked":["Burning Pact","Sentinel"],"picked":"Reaper","floor":6},{"not_picked":["Pommel Strike","Heavy Blade"],"picked":"Inflame","floor":8},{"not_picked":["Feed","Impervious"],"picked":"Juggernaut","floor":16},{"not_picked":["Body Slam","Thunderclap+1","Clash"],"picked":"SKIP","floor":18},{"not_picked":["Havoc+1","Wild Strike"],"picked":"Body Slam+1","floor":19},{"not_picked":["Twin Strike+1","Clash","True Grit"],"picked":"SKIP","floor":24},{"not_picked":["Armaments","Ghostly Armor"],"picked":"Flame Barrier","floor":27},{"not_picked":["Thunderclap","Heavy Blade+1"],"picked":"Shockwave","floor":29},{"not_picked":["Reckless Charge+1","Anger"],"picked":"Shrug It Off","floor":30},{"not_picked":["Iron Wave+1","Feed","Dual Wield+1"],"picked":"SKIP","floor":31}],"player_experience":159544,"relics_obtained":[{"floor":6,"key":"Bag of Marbles"},{"floor":9,"key":"Blood Vial"},{"floor":12,"key":"Juzu Bracelet"},{"floor":14,"key":"Bottled Tornado"},{"floor":26,"key":"Self Forming Clay"},{"floor":29,"key":"Bag of Preparation"},{"floor":31,"key":"Strawberry"}],"event_choices":[{"damage_healed":0,"gold_gain":75,"player_choice":"Gather Gold","damage_taken":11,"max_hp_gain":0,"max_hp_loss":0,"event_name":"World of Goop","floor":2,"gold_loss":0},{"damage_healed":0,"gold_gain":0,"player_choice":"Success","damage_taken":3,"relics_obtained":["Tiny Chest"],"max_hp_gain":0,"max_hp_loss":0,"event_name":"Scrap Ooze","floor":11,"gold_loss":0},{"damage_healed":0,"gold_gain":0,"player_choice":"Searched \u00271\u0027 times","damage_taken":0,"max_hp_gain":0,"max_hp_loss":0,"event_name":"Dead Adventurer","floor":14,"gold_loss":0},{"damage_healed":0,"gold_gain":0,"player_choice":"Ignored","damage_taken":0,"max_hp_gain":0,"max_hp_loss":0,"event_name":"Ghosts","floor":21,"gold_loss":0}],"is_beta":false,"boss_relics":[{"not_picked":["Fusion Hammer","Ectoplasm"],"picked":"Sozu"}],"items_purged_floors":[10,20],"is_endless":false,"potions_floor_spawned":[1,4,5,18,19,24,31],"killed_by":"Champ","ascension_level":2}}