{"host":"gm50ke85n5jz306u","time":1614436611,"event":{"mods":["AchievementEnabler","AlwaysNeverKeys","Aspiration","BaseMod","Beaked The Cultist","Bestiary","Better Altar","Better Match","Better Note","Better Sensory Stone","Better Skull","Better Third Choice","Better Vampires","Better-Laid Plans","BetterRewards","Colored Powertips","Curses Come First","DNKmod","Defuse TimeMaze Blight","Disable Question Mark Monsters","Displayed Cursed Tome","Downfall","Emptier Cage","Extra Virgin Snecko Oil","Filter the Spire","Friendly Minions","Gremlin Skip","Hermit","Hubris","Hyrulean Relics","Ironclad Rager","Koishi","Lobotomy","Marisa????????","Marked Mod","Minty Spire (QoL Compilation)","Permanent Neow","Poor People Problems","Quick Restart","Reimu??????","Relic Filter Mod","Relic Sorter","Remove Card Discount Mod","Reorder Act Four","Replay The Spire","Shop Mod","StSLib","Synergy Search","Td1madao Mod","The Administrix","The Animator","The Blue Laboratory","The Bug Knight","The Construct","The Cursed","The Disciple","The Hierophant","The Necromancer","The Runesmith","The Senshi","The Servant 0.9.4","Thieving Mod","Transform Curses","WarShipGirlsR/????R mod"],"gold_per_floor":[10012,10012,10027,9477,9491,9491,9311,9336,9336,8927,8958,8978,9011,9030,9030,9129,9129,9143,9223,9223,9223,8846,8879,8879,8689,8689,8705,8715,8741,8422,8442,8442,8544,8544,8555,8290,8300,8310,8300,8300,8152,8186,8186,7923,7935,7952,7970,7985,7985,7985],"floor_reached":51,"language":"ENG","playtime":4061,"items_purged":["Strike_S","Strike_S","Defend_S","Defend_S","Initiator","Strike_S","Strike_S","Mayhem","Rearm","Exchange","Sabotage","Potential","Potential+1","Defend_S","Defend_S","Luminosity"],"score":953,"play_id":"f58a6951-6ce0-4bb8-8ab1-d27c36f16c48","local_time":"20210227153651","is_ascension_mode":true,"campfire_choices":[{"data":"Starlight","floor":6.0,"key":"SMITH"},{"data":"BestPractice","floor":15.0,"key":"SMITH"},{"data":"Starlight","floor":24.0,"key":"SMITH"},{"data":"Ricochet","floor":40,"key":"SMITH"},{"floor":49,"key":"REST"}],"circlet_count":0,"master_deck":["KidneyShot+1","Starlight+1","Defy","Defy","Contraction+1","Starlight+1","SilverBlades+1","BestPractice+1","GearUp","Contraction","Starlight+1","SilverBlades+1","Ricochet+1","Luminosity+1","Misdirection","FanOfKnives+1","Luminosity+1","KidneyShot+1","Misdirection+1","hubris:Disease"],"relics":["SplendidAttire","aspiration:DSix","hubris:DeckOfHolding","ReplayTheSpireMod:Ninjato","Shuriken","Happy Flower","ReplayFunnel","aspiration:EmptySkull","Mercury Hourglass","aspiration:ChemicalBlood","Medical Kit","Mirror","ClockworkSouvenir","Cursed Key","Anchor","MerchantsRug","beaked:ShinyBauble","hubris:ToyBattleship","Membership Card","CultistMask","Question Card","hubris:TenFootPole","Blood Vial","Thread and Needle","Lee\u0027s Waffle","Ginger","PreservedInsect","Juzu Bracelet","Potion Belt","Strange Spoon","Replay:Bottled Eggs","Whetstone","Gremlin Food","DollysMirror","ReplayTheSpireMod:ShopPack"],"acts_visited":["Exordium","TheCity","TheBeyond"],"potions_floor_usage":[],"damage_taken":[{"damage":2.0,"enemies":"Small Slimes","floor":1.0,"turns":5.0},{"damage":0.0,"enemies":"Cultist","floor":3.0,"turns":3.0},{"damage":0.0,"enemies":"2 Louse","floor":5.0,"turns":2.0},{"damage":5.0,"enemies":"Lagavulin","floor":8.0,"turns":5.0},{"damage":5.0,"enemies":"Gremlin Nob","floor":11.0,"turns":3.0},{"damage":4.0,"enemies":"2 Fungi Beasts","floor":12.0,"turns":2.0},{"damage":3.0,"enemies":"3 Sentries","floor":13.0,"turns":5.0},{"damage":0.0,"enemies":"Large Slime","floor":14.0,"turns":3.0},{"damage":8.0,"enemies":"The Guardian","floor":16.0,"turns":6.0},{"damage":18.0,"enemies":"2 Thieves","floor":18.0,"turns":3.0},{"damage":0.0,"enemies":"Gremlin Leader","floor":23.0,"turns":3.0},{"damage":0.0,"enemies":"Chosen","floor":27.0,"turns":3.0},{"damage":10.0,"enemies":"Centurion and Healer","floor":28.0,"turns":3.0},{"damage":10.0,"enemies":"Slavers","floor":29.0,"turns":4.0},{"damage":6.0,"enemies":"Chosen and Byrds","floor":31.0,"turns":2.0},{"damage":0,"enemies":"Automaton","floor":33,"turns":6},{"damage":16,"enemies":"3 Darklings","floor":35,"turns":3},{"damage":0,"enemies":"3 Shapes","floor":37,"turns":2},{"damage":0,"enemies":"Jaw Worm Horde","floor":38,"turns":1},{"damage":10,"enemies":"Nemesis","floor":42,"turns":5},{"damage":0,"enemies":"Maw","floor":45,"turns":6},{"damage":0,"enemies":"4 Shapes","floor":46,"turns":1},{"damage":28,"enemies":"Writhing Mass","floor":47,"turns":4},{"damage":7,"enemies":"3 Darklings","floor":48,"turns":3},{"damage":0,"enemies":"Time Eater","floor":50,"turns":6}],"seed_played":"5565000948719308964","potions_obtained":[{"floor":1.0,"key":"Guardian:BlockOnCardUsePotion"},{"floor":3.0,"key":"blueLaboratory:BottleOfRum"},{"floor":5.0,"key":"FairyPotion"},{"floor":16.0,"key":"Adrenaline Potion"},{"floor":18.0,"key":"SneckoOil"},{"floor":28.0,"key":"Fire Potion"},{"floor":29.0,"key":"blueLaboratory:Moonshine"},{"floor":35,"key":"blueLaboratory:ArtificerPotion"},{"floor":45,"key":"Explosive Potion"},{"floor":47,"key":"Energy Potion"}],"is_trial":false,"path_per_floor":["M","?","M","$","M","R","$","E","T","$","E","M","E","M","R","B",null,"M","T","?","?","$","E","R","$","T","M","M","E","$","M","R","B",null,"M","$","M","M","?","R","$","E","T","$","M","M","M","M","R","B",null],"character_chosen":"THE_SERVANT","items_purchased":["Defy","Membership Card","MerchantsRug","Question Card","Contraction","Initiator","blueLaboratory:LouseDecoction","Happy Flower","hubris:TenFootPole","Starlight","Shuriken","hubris:ToyBattleship","Sabotage","SilverBlades","Potential","Rearm","Mayhem","SilverBlades+1","Blood Vial","Thread and Needle","Lee\u0027s Waffle","Ricochet","ClockworkSouvenir","aspiration:EmptySkull","Luminosity","Potion Belt","Strange Spoon","Luminosity","Replay:Bottled Eggs","Medical Kit","Anchor","FanOfKnives","Whetstone","Gremlin Food","DollysMirror","hubris:DeckOfHolding","aspiration:ChemicalBlood","ReplayTheSpireMod:ShopPack"],"campfire_rested":1,"item_purchase_floors":[4,4,4,4,4,4,4,7,7,7,10,10,10,10,10,10,10,22,22,22,22,22,25,25,25,30,30,30,30,36,36,36,36,41,41,44,44,44],"current_hp_per_floor":[63,63,63,63,63,63,63,58,58,58,53,49,46,46,46,38,65,47,47,47,47,72,72,72,72,72,72,62,54,54,50,71,72,72,56,56,58,60,60,60,60,52,52,52,54,56,30,25,46,48],"gold":7985,"neow_bonus":"DSIX","is_daily":false,"chose_seed":false,"campfire_upgraded":4,"win_rate":0.0,"timestamp":1614436611,"path_taken":["M","?","M","$","M","R","$","E","T","$","E","M","E","M","R","BOSS","M","?","?","?","$","E","R","?","T","M","M","E","$","M","R","BOSS","M","?","M","M","?","R","$","E","T","$","M","M","M","M","R","BOSS"],"items_purchased_type":["Card","Relic","Relic","Relic","Card","Card","Potion","Relic","Relic","Card","Relic","Relic","Card","Card","Card","Card","Card","Card","Relic","Relic","Relic","Card","Relic","Relic","Card","Relic","Relic","Card","Relic","Relic","Relic","Card","Relic","Relic","Relic","Relic","Relic","Relic"],"build_version":"2020-12-22","purchased_purges":16,"victory":true,"max_hp_per_floor":[65,65,65,65,65,65,65,65,65,65,65,65,65,65,65,65,65,65,65,65,65,72,72,72,72,72,72,72,72,72,72,72,72,72,72,72,72,72,72,72,72,72,72,72,72,72,72,72,72,72],"card_choices":[{"not_picked":["Desolation","FastForward"],"picked":"Starlight","floor":1.0},{"not_picked":["Alleviate","Potential"],"picked":"Defy","floor":3.0},{"not_picked":["Manipulate","BottledTime","WasteNot","Reset"],"picked":"SKIP","floor":5.0},{"not_picked":["Rewind","Manipulate","MoonPhase","FastForward"],"picked":"SKIP","floor":8.0},{"not_picked":["Hightail","TimeWarp","SurpressingFire"],"picked":"BestPractice","floor":11.0},{"not_picked":["Defy","Comet","BottledTime"],"picked":"GearUp","floor":12.0},{"not_picked":["Snipe","DoubleEdge","Spin"],"picked":"Contraction","floor":13.0},{"not_picked":["Defy","Manipulate","Shuttle"],"picked":"Starlight","floor":14.0},{"not_picked":["Unruled","Starlight","Sabotage"],"picked":"Potential+1","floor":18.0},{"not_picked":["RealityMarble+1","Unruled+1","DoubleEdge","Spin"],"picked":"SKIP","floor":23.0},{"not_picked":["DoubleEdge","Desolation","Alleviate","FastForward+1"],"picked":"SKIP","floor":27.0},{"not_picked":["Alleviate+1","Replace","Desolation"],"picked":"Misdirection","floor":28.0},{"not_picked":["Read+1","Snipe","RealityMarble","WasteNot"],"picked":"SKIP","floor":29.0},{"not_picked":["TimeWarp","Revamp","Potential","KillingDoll"],"picked":"SKIP","floor":31.0},{"not_picked":["InstantArmor+1","Rearm","Foresight","Starlight"],"picked":"SKIP","floor":35},{"not_picked":["ShatteredReality","Spin","Rearm","Defy"],"picked":"SKIP","floor":37},{"not_picked":["Snipe+1","Advance","TimeWarp"],"picked":"Luminosity+1","floor":38},{"not_picked":["Read","Defy","Spin"],"picked":"Misdirection+1","floor":42},{"not_picked":["Spin","Comet","Shuttle+1","Reset"],"picked":"SKIP","floor":45},{"not_picked":["DoubleEdge","Potential","WasteNot","Alleviate"],"picked":"SKIP","floor":46},{"not_picked":["InstantArmor+1","FastForward","Defy","Ricochet+1"],"picked":"SKIP","floor":47},{"not_picked":["Read","Spin","Ricochet","Defy"],"picked":"SKIP","floor":48}],"player_experience":515627,"relics_obtained":[{"floor":11.0,"key":"ReplayFunnel"},{"floor":13.0,"key":"beaked:ShinyBauble"},{"floor":19.0,"key":"ReplayTheSpireMod:Ninjato"},{"floor":23.0,"key":"Ginger"},{"floor":26.0,"key":"PreservedInsect"},{"floor":29.0,"key":"Juzu Bracelet"},{"floor":42,"key":"Mirror"},{"floor":43,"key":"Mercury Hourglass"}],"event_choices":[{"damage_healed":0.0,"max_hp_gain":0.0,"max_hp_loss":0.0,"gold_gain":0.0,"event_name":"FaceTrader","player_choice":"Trade","floor":2.0,"gold_loss":0.0,"damage_taken":0.0,"relics_obtained":["CultistMask"]},{"damage_healed":0.0,"max_hp_gain":0.0,"max_hp_loss":0.0,"gold_gain":0.0,"event_name":"Upgrade Shrine","player_choice":"Upgraded","floor":20.0,"gold_loss":0.0,"damage_taken":0.0,"cards_upgraded":["SilverBlades"]},{"damage_healed":0.0,"max_hp_gain":0.0,"max_hp_loss":0.0,"gold_gain":0.0,"event_name":"betterNote:BetterNote","player_choice":"Ignored","floor":21.0,"gold_loss":0.0,"damage_taken":0.0,"cards_obtained":["Apotheosis"]}],"is_beta":false,"boss_relics":[{"not_picked":["Empty Cage","hubris:GrandSneckoEye"],"picked":"SplendidAttire"},{"not_picked":["aspiration:WatcherSkillbook","Replay:Drink Me"],"picked":"Cursed Key"}],"items_purged_floors":[4,4,4,4,10,10,10,22,22,22,22,22,22,22,22,41],"is_endless":false,"potions_floor_spawned":[1,3,5,16,18,28,29,35,38,42,45],"ascension_level":1}}