{"host":"0kk91h4bq4kgfj0u","time":1614395637,"event":{"mods":["BaseMod","Bestiary","Block Reminder","Colored Map","Colored Powertips","Curses Come First","Highlight Path","Minty Spire (QoL Compilation)","Relic Stats","StSLib"],"gold_per_floor":[115,130,36,52,64,64,103,103,130,157,157,191,191,231,231,231,231],"floor_reached":16,"language":"ENG","playtime":449,"items_purged":[],"score":174,"play_id":"99c59c38-a846-4d53-b3ae-004153adda12","local_time":"20210226221357","is_ascension_mode":true,"campfire_choices":[{"floor":6,"key":"RECALL"},{"floor":8,"key":"REST"},{"floor":11,"key":"REST"},{"floor":15,"key":"REST"}],"circlet_count":0,"master_deck":["Strike_R","Strike_R","Strike_R","Strike_R","Defend_R","Defend_R","Defend_R","Defend_R","Bash","Uppercut","Pommel Strike","Shrug It Off","Heavy Blade","Cleave","Rupture","Feel No Pain","Anger","Wild Strike"],"relics":["Burning Blood","CeramicFish","Potion Belt","Oddly Smooth Stone","Bottled Tornado","Mummified Hand"],"acts_visited":["Exordium"],"potions_floor_usage":[7,16,16],"damage_taken":[{"damage":6,"enemies":"Cultist","floor":1,"turns":3},{"damage":2,"enemies":"Jaw Worm","floor":2,"turns":3},{"damage":0,"enemies":"2 Louse","floor":4,"turns":2},{"damage":6,"enemies":"Exordium Wildlife","floor":5,"turns":3},{"damage":77,"enemies":"Lagavulin","floor":7,"turns":10},{"damage":4,"enemies":"2 Fungi Beasts","floor":10,"turns":4},{"damage":24,"enemies":"3 Sentries","floor":12,"turns":8},{"damage":32,"enemies":"Gremlin Nob","floor":14,"turns":4},{"damage":48,"enemies":"Slime Boss","floor":16,"turns":6}],"seed_played":"-1174303170416239584","potions_obtained":[{"floor":2,"key":"SkillPotion"},{"floor":5,"key":"ElixirPotion"},{"floor":10,"key":"ElixirPotion"},{"floor":14,"key":"ColorlessPotion"}],"is_trial":false,"path_per_floor":["M","M","$","M","M","R","E","R","T","M","R","E","T","E","R","B"],"character_chosen":"IRONCLAD","items_purchased":["Shrug It Off","Heavy Blade"],"campfire_rested":3,"item_purchase_floors":[3,3],"current_hp_per_floor":[72,76,76,80,80,80,9,33,33,35,59,41,41,15,39,0,0],"gold":231,"neow_bonus":"REMOVE_CARD","is_daily":false,"chose_seed":false,"campfire_upgraded":0,"win_rate":0.0,"timestamp":1614395637,"path_taken":["M","M","$","?","M","R","E","R","T","M","R","E","?","E","R","BOSS"],"items_purchased_type":["Card","Card"],"build_version":"2020-12-22","purchased_purges":0,"victory":false,"max_hp_per_floor":[80,80,80,80,80,80,80,80,80,80,80,80,80,80,80,80,80],"relic_stats":{"counters":[9,43],"Mummified Hand":[1],"CeramicFish":36,"obtain_stats":[{"Potion Belt":9,"Mummified Hand":14,"CeramicFish":7,"Oddly Smooth Stone":12,"Bottled Tornado":13,"Burning Blood":0},{"Potion Belt":5,"Mummified Hand":8,"CeramicFish":5,"Oddly Smooth Stone":7,"Bottled Tornado":7,"Burning Blood":0},{"Potion Belt":21,"Mummified Hand":37,"CeramicFish":21,"Oddly Smooth Stone":33,"Bottled Tornado":33,"Burning Blood":0}],"Burning Blood":46},"card_choices":[{"not_picked":["Perfected Strike","Intimidate"],"picked":"Uppercut","floor":1},{"not_picked":["Perfected Strike","Feel No Pain"],"picked":"Pommel Strike","floor":2},{"not_picked":["Heavy Blade","Bloodletting"],"picked":"Cleave","floor":4},{"not_picked":["Brutality","Blood for Blood","Warcry"],"picked":"SKIP","floor":5},{"not_picked":["Thunderclap","Havoc"],"picked":"Rupture","floor":7},{"not_picked":["Sentinel","Perfected Strike"],"picked":"Feel No Pain","floor":10},{"not_picked":["Twin Strike","Dropkick"],"picked":"Anger","floor":12},{"not_picked":["Iron Wave","Combust"],"picked":"Wild Strike","floor":14}],"player_experience":934956,"relics_obtained":[{"floor":7,"key":"CeramicFish"},{"floor":9,"key":"Potion Belt"},{"floor":12,"key":"Oddly Smooth Stone"},{"floor":13,"key":"Bottled Tornado"},{"floor":14,"key":"Mummified Hand"}],"event_choices":[],"is_beta":false,"boss_relics":[],"items_purged_floors":[],"is_endless":false,"potions_floor_spawned":[2,5,10,14],"killed_by":"Slime Boss","ascension_level":9}}