{"host":"wbs0wzz0alz01mnq","time":1614409849,"event":{"mods":["2.2 Compatiblity","AchievementEnabler","BaseMod","Bestiary","Colored Map","Colored Powertips","Curses Come First","Dark Map","DeckTracker","GifTheSpireLib","Googly Eyes","Highlight Path","Minty Spire (QoL Compilation)","Morshu Shopkeeper - ENHANCED","Permanent Neow","Quick Restart","RNG Fix","Rare Cards Sparkle","Robot Space Explorer","Smile Girya","StSLib","UnlockEverythingMod","Waifu the Spire","Weighted Paths"],"gold_per_floor":[114,26,53,69,69,100,100,124,147,147,147,147,177,190,190,288,288,300,300,300],"floor_reached":19,"language":"ENG","playtime":734,"items_purged":[],"score":190,"play_id":"512be78e-c2b3-485d-b057-35309402f8a4","local_time":"20210227021049","is_ascension_mode":true,"campfire_choices":[{"data":"RobotSpaceExplorer:Fix","floor":7,"key":"SMITH"},{"data":"RobotSpaceExplorer:ExhaustFan","floor":10,"key":"SMITH"},{"data":"RobotSpaceExplorer:Reload","floor":15,"key":"SMITH"}],"circlet_count":0,"master_deck":["RobotSpaceExplorer:Strike","RobotSpaceExplorer:Strike","RobotSpaceExplorer:Strike","RobotSpaceExplorer:Defend","RobotSpaceExplorer:Defend","RobotSpaceExplorer:Defend","RobotSpaceExplorer:Defend","RobotSpaceExplorer:Scan","RobotSpaceExplorer:MiniLasers","RobotSpaceExplorer:Explosion+1","RobotSpaceExplorer:SelfCleaning","RobotSpaceExplorer:FrostMissile+1","RobotSpaceExplorer:ExhaustFan+1","RobotSpaceExplorer:Reload+1","Blind","RobotSpaceExplorer:Fix+1","RobotSpaceExplorer:Calculate","RobotSpaceExplorer:GearShield","RobotSpaceExplorer:MakeshiftVolley","RobotSpaceExplorer:Exploration"],"relics":["RobotSpaceExplorer:RoboCore","Juzu Bracelet","Whetstone","Odd Mushroom","RobotSpaceExplorer:FoglandsKnife","Gremlin Horn","RobotSpaceExplorer:SearchSpecs"],"acts_visited":["Exordium","TheCity"],"potions_floor_usage":[8,16,16,16],"damage_taken":[{"damage":0,"enemies":"2 Louse","floor":1,"turns":3},{"damage":0,"enemies":"Small Slimes","floor":4,"turns":3},{"damage":23,"enemies":"Lagavulin","floor":6,"turns":6},{"damage":16,"enemies":"The Mushroom Lair","floor":8,"turns":5},{"damage":19,"enemies":"3 Sentries","floor":13,"turns":7},{"damage":4,"enemies":"Cultist","floor":14,"turns":3},{"damage":7,"enemies":"Hexaghost","floor":16,"turns":8},{"damage":23,"enemies":"Spheric Guardian","floor":18,"turns":4},{"damage":0,"enemies":"2 Thieves","floor":19,"turns":1}],"seed_played":"1417496765381269009","potions_obtained":[{"floor":6,"key":"BlessingOfTheForge"},{"floor":8,"key":"RobotSpaceExplorer:LiquidFusion"},{"floor":13,"key":"FearPotion"},{"floor":14,"key":"ColorlessPotion"},{"floor":18,"key":"LiquidBronze"}],"is_trial":false,"path_per_floor":["M","$","T","M","?","E","R","?","T","R","?","?","E","M","R","B",null,"M","M"],"character_chosen":"RobotSpaceExplorer","items_purchased":["RobotSpaceExplorer:FrostMissile","RobotSpaceExplorer:ExhaustFan"],"campfire_rested":0,"item_purchase_floors":[2,2],"current_hp_per_floor":[75,75,75,75,75,52,52,42,42,42,67,67,54,56,56,55,75,57,57,57],"gold":300,"neow_bonus":"ONE_RANDOM_RARE_CARD","is_daily":false,"chose_seed":false,"campfire_upgraded":3,"win_rate":0.0,"timestamp":1614409849,"path_taken":["M","?","?","M","?","E","R","?","T","R","?","?","E","M","R","BOSS","M","M"],"items_purchased_type":["Card","Card"],"build_version":"2020-12-22","purchased_purges":0,"victory":false,"max_hp_per_floor":[75,75,75,75,75,75,75,75,75,75,75,75,75,75,75,75,75,75,75,75],"card_choices":[{"not_picked":["RobotSpaceExplorer:Pulsar","RobotSpaceExplorer:StarDust"],"picked":"RobotSpaceExplorer:SelfCleaning","floor":1},{"not_picked":["RobotSpaceExplorer:ScrapShield","RobotSpaceExplorer:SwiftStep"],"picked":"RobotSpaceExplorer:Reload","floor":4},{"not_picked":["RobotSpaceExplorer:GlueShot","RobotSpaceExplorer:JunkDive"],"picked":"RobotSpaceExplorer:Fix","floor":6},{"not_picked":["RobotSpaceExplorer:Blitz","RobotSpaceExplorer:Jetpack"],"picked":"RobotSpaceExplorer:Calculate","floor":8},{"not_picked":["RobotSpaceExplorer:MetalStrike","RobotSpaceExplorer:ScrapMissile"],"picked":"RobotSpaceExplorer:GearShield","floor":13},{"not_picked":["RobotSpaceExplorer:PowerCollector","RobotSpaceExplorer:ImprovisedAttack"],"picked":"RobotSpaceExplorer:MakeshiftVolley","floor":14},{"not_picked":["RobotSpaceExplorer:ShockMissile","RobotSpaceExplorer:Scanner"],"picked":"RobotSpaceExplorer:Exploration","floor":16},{"not_picked":["RobotSpaceExplorer:StarLightning+1","RobotSpaceExplorer:SwiftStep","RobotSpaceExplorer:MetalStrike"],"picked":"SKIP","floor":18}],"player_experience":73346,"relics_obtained":[{"floor":3,"key":"Juzu Bracelet"},{"floor":6,"key":"Whetstone"},{"floor":8,"key":"Odd Mushroom"},{"floor":9,"key":"RobotSpaceExplorer:FoglandsKnife"},{"floor":13,"key":"Gremlin Horn"}],"event_choices":[{"damage_healed":0,"gold_gain":0,"player_choice":"1 cards matched","damage_taken":0,"max_hp_gain":0,"max_hp_loss":0,"event_name":"Match and Keep!","floor":5,"gold_loss":0,"cards_obtained":["Blind"]},{"damage_healed":0,"gold_gain":0,"player_choice":"Fought Mushrooms","damage_taken":0,"max_hp_gain":0,"max_hp_loss":0,"event_name":"Mushrooms","floor":8,"gold_loss":0},{"damage_healed":25,"gold_gain":0,"player_choice":"Banana","damage_taken":0,"max_hp_gain":0,"max_hp_loss":0,"event_name":"Big Fish","floor":11,"gold_loss":0},{"cards_removed":["RobotSpaceExplorer:Strike"],"damage_healed":0,"gold_gain":0,"player_choice":"Purged","damage_taken":0,"max_hp_gain":0,"max_hp_loss":0,"event_name":"Purifier","floor":12,"gold_loss":0}],"is_beta":false,"boss_relics":[{"not_picked":["Sozu","Black Star"],"picked":"RobotSpaceExplorer:SearchSpecs"}],"items_purged_floors":[],"is_endless":false,"potions_floor_spawned":[6,8,13,14,18],"killed_by":"2 Thieves","ascension_level":2}}