{"host":"i4vlfbz13gs2xtdj","time":1614392133,"event":{"mods":["Act Like it!","BaseMod","Colored Map","Curses Come First","Downfall","Minty Spire (QoL Compilation)","StSLib"],"gold_per_floor":[99,99,99,99,99,118,170,217,217,231,266,166,0,17,36,140,140,140,153,169,269,280,480,507,527,103,122,153,67,67,401,412,515,515,515,528,574,261,286,322,322,322,322,331,351,351,371,391,418,418],"floor_reached":51,"language":"ENG","playtime":5760,"items_purged":["downfall:Malfunctioning","Slimebound:Defend_Slimebound","Slimebound:Strike_Slimebound"],"score":792,"play_id":"bd2669ca-2770-4b61-869a-8085d36cc425","local_time":"20210226211533","is_ascension_mode":false,"campfire_choices":[{"data":"Slimebound:CorrosiveSpit","floor":1,"key":"SMITH"},{"data":"Slimebound:GrowthPunch","floor":9,"key":"SMITH"},{"data":"Slimebound:Split","floor":12,"key":"SMITH"},{"data":"Slimebound:LeechEnergy","floor":18,"key":"SMITH"},{"data":"Slimebound:TongueLash","floor":30,"key":"SMITH"},{"data":"Slimebound:Overexert","floor":35,"key":"SMITH"},{"floor":46,"key":"DIG"}],"circlet_count":0,"master_deck":["Slimebound:Strike_Slimebound+1","Slimebound:Strike_Slimebound+1","Slimebound:Tackle","Slimebound:Defend_Slimebound+1","Slimebound:Defend_Slimebound+1","Slimebound:Split+1","Slimebound:CorrosiveSpit+1","Slimebound:HauntingLick+1","Slimebound:SplitMire","Slimebound:GrowthPunch+1","Slimebound:LevelUp","Slimebound:LeechEnergy+1","Slimebound:Gluttony","Slimebound:RejuvenatingLick","Slimebound:Schlurp","Slimebound:TongueLash+1","Slimebound:Overexert+1","Slimebound:HauntingLick+1","Slimebound:SpikyOuterGoop+1","Slimebound:RollThrough+1","Slimebound:GoopSpray+1","Slimebound:OozeBath","expansioncontent:Hexaburn+1","Slimebound:Chomp+1","Slimebound:LeechingTouch+1","Slimebound:FlameTackle","Slimebound:SplitLeeching+1","Slimebound:FirmFortitude","Slimebound:ViciousTackle+1","Slimebound:GoopTackle+1","Slimebound:DouseInSlime","Parasite","Slimebound:PressTheAttack+1","Slimebound:BestDefense+1"],"relics":["Slimebound:AbsorbEndCombat","downfall:HeartsMalice","War Paint","Pen Nib","Akabeko","downfall:HeartBlessingGreen","Membership Card","Runic Pyramid","Toy Ornithopter","Ancient Tea Set","PreservedInsect","TheAbacus","Slimebound:MaxSlimesRelic","Ginger","Gremlin Horn","Shuriken","Sling","Old Coin","Philosopher\u0027s Stone","Shovel","Slimebound:SelfDamagePreventRelic","Vajra","CeramicFish","FossilizedHelix","Bottled Lightning","Blue Candle","Thread and Needle"],"acts_visited":["Exordium","TheCity","TheBeyond"],"potions_floor_usage":[13,21,22,22,27,28,33,33,45,50,50],"damage_taken":[{"damage":0,"enemies":"Cultist","floor":2,"turns":1},{"damage":0,"enemies":"Jaw Worm","floor":3,"turns":1},{"damage":0,"enemies":"2 Louse","floor":5,"turns":1},{"damage":5,"enemies":"Exordium Thugs","floor":6,"turns":5},{"damage":2,"enemies":"downfall:LooterAlt","floor":10,"turns":3},{"damage":25,"enemies":"3 Sentries","floor":11,"turns":6},{"damage":13,"enemies":"downfall:FleeingMerchant","floor":13,"turns":4},{"damage":4,"enemies":"Red Slaver","floor":14,"turns":2},{"damage":0,"enemies":"2 Fungi Beasts","floor":15,"turns":3},{"damage":17,"enemies":"WA_ARCHETYPE_RETAIN","floor":16,"turns":5},{"damage":9,"enemies":"Spheric Guardian","floor":19,"turns":4},{"damage":0,"enemies":"Chosen","floor":20,"turns":4},{"damage":15,"enemies":"downfall:LadyInBlue","floor":21,"turns":5},{"damage":20,"enemies":"Centurion and Healer","floor":22,"turns":5},{"damage":9,"enemies":"Shelled Parasite and Fungi","floor":25,"turns":4},{"damage":0,"enemies":"downfall:FleeingMerchant","floor":26,"turns":4},{"damage":2,"enemies":"Snake Plant","floor":27,"turns":4},{"damage":5,"enemies":"Book of Stabbing","floor":28,"turns":3},{"damage":0,"enemies":"downfall:FleeingMerchant","floor":29,"turns":4},{"damage":9,"enemies":"Gremlin Leader","floor":31,"turns":3},{"damage":12,"enemies":"Snecko","floor":32,"turns":4},{"damage":41,"enemies":"DF_ARCHETYPE_CLAW","floor":33,"turns":9},{"damage":10,"enemies":"3 Shapes","floor":36,"turns":3},{"damage":57,"enemies":"2 Orb Walkers","floor":37,"turns":5},{"damage":0,"enemies":"3 Darklings","floor":39,"turns":4},{"damage":0,"enemies":"Nemesis","floor":40,"turns":3},{"damage":31,"enemies":"Jaw Worm Horde","floor":45,"turns":4},{"damage":0,"enemies":"Writhing Mass","floor":47,"turns":4},{"damage":0,"enemies":"Maw","floor":48,"turns":6},{"damage":0,"enemies":"Transient","floor":49,"turns":5},{"damage":80,"enemies":"IC_BLOCK_ARCHETYPE","floor":50,"turns":9}],"seed_played":"5764925898267925358","potions_obtained":[{"floor":6,"key":"Fire Potion"},{"floor":14,"key":"ColorlessPotion"},{"floor":15,"key":"SpeedPotion"},{"floor":16,"key":"FairyPotion"},{"floor":20,"key":"Energy Potion"},{"floor":21,"key":"Guardian:BlockOnCardUsePotion"},{"floor":22,"key":"PowerPotion"},{"floor":28,"key":"Regen Potion"},{"floor":31,"key":"Regen Potion"},{"floor":37,"key":"BlessingOfTheForge"},{"floor":47,"key":"GamblersBrew"}],"is_trial":false,"path_per_floor":["R","M","M","?","M","M","T","T","R","M","E","R","$","M","M","B",null,"R","M","M","?","M","?","T","M","$","M","E","$","R","E","M","B",null,"R","M","?","$","M","E","T","?","?","?","M","R","M","M","M","B",null],"character_chosen":"SLIMEBOUND","items_purchased":["Membership Card","PreservedInsect","TheAbacus","Slimebound:MaxSlimesRelic","DistilledChaos","expansioncontent:Hexaburn+1","Gremlin Horn","Shuriken","Sling","DuplicationPotion","Slimebound:SelfDamagePreventRelic","Vajra","champ:CounterPotion","CeramicFish"],"campfire_rested":0,"item_purchase_floors":[13,26,26,26,26,26,29,29,29,29,38,38,38,38],"current_hp_per_floor":[65,65,65,65,65,65,65,65,65,65,47,47,42,42,48,39,65,65,60,65,56,54,54,54,53,61,65,65,65,65,60,56,65,65,65,59,10,10,18,20,20,20,20,20,2,2,8,16,24,15],"gold":418,"neow_bonus":"THREE_ENEMY_KILL","is_daily":false,"chose_seed":false,"campfire_upgraded":6,"win_rate":0.0,"timestamp":1614392133,"path_taken":["R","M","M","?","M","M","T","?","R","?","E","R","$","M","M","BOSS","R","M","M","?","?","?","T","?","$","M","E","$","R","E","M","BOSS","R","M","?","$","M","E","T","?","?","?","M","R","M","?","M","BOSS"],"items_purchased_type":["Relic","Relic","Relic","Relic","Potion","Card","Relic","Relic","Relic","Potion","Relic","Relic","Potion","Relic"],"build_version":"2020-12-22","purchased_purges":3,"victory":true,"max_hp_per_floor":[65,65,65,65,65,65,65,65,65,65,65,65,65,65,65,65,65,65,65,65,65,65,65,65,65,65,65,65,65,65,65,65,65,65,65,65,65,65,65,65,65,65,65,65,65,65,65,65,65,65],"card_choices":[{"not_picked":["Slimebound:SlimeSpikes","Slimebound:DivideAndConquer"],"picked":"Slimebound:HauntingLick","floor":2},{"not_picked":["Slimebound:GoopTackle","Slimebound:Replication"],"picked":"Slimebound:SplitMire","floor":3},{"not_picked":["Slimebound:DivideAndConquer","Slimebound:LeechingTouch"],"picked":"Slimebound:GrowthPunch","floor":5},{"not_picked":["Slimebound:GoopTackle","Slimebound:FormOfPuddle"],"picked":"Slimebound:LevelUp","floor":6},{"not_picked":["Slimebound:BestDefense","Slimebound:Teamwork"],"picked":"Slimebound:LeechEnergy","floor":10},{"not_picked":["Slimebound:ComboTackle","Slimebound:GoopSpray"],"picked":"Slimebound:Gluttony","floor":11},{"not_picked":["Slimebound:MassFeed","Slimebound:LeechingTouch"],"picked":"Slimebound:RejuvenatingLick","floor":13},{"not_picked":["Slimebound:Dissolve","Slimebound:SlimeBrawl"],"picked":"Slimebound:Schlurp","floor":14},{"not_picked":["Slimebound:Prepare","Slimebound:LivingWall"],"picked":"Slimebound:TongueLash","floor":15},{"not_picked":["Slimebound:MassFeed","Slimebound:DouseInSlime"],"picked":"Slimebound:Overexert","floor":16},{"not_picked":["Slimebound:ViciousTackle+1","Slimebound:PressTheAttack"],"picked":"Slimebound:HauntingLick+1","floor":19},{"not_picked":["Slimebound:PressTheAttack","Slimebound:LivingWall","Slimebound:GoopSpray"],"picked":"SKIP","floor":20},{"not_picked":["Slimebound:Schlurp","Slimebound:SplitMire"],"picked":"Slimebound:SpikyOuterGoop+1","floor":21},{"not_picked":["Slimebound:Grow","Slimebound:SlimeSpikes"],"picked":"Slimebound:RollThrough+1","floor":22},{"not_picked":["Slimebound:AcidTongue","Slimebound:Prepare"],"picked":"Slimebound:GoopSpray+1","floor":25},{"not_picked":["Slimebound:ServeAndProtect","Slimebound:LeadByExample+1"],"picked":"Slimebound:OozeBath","floor":26},{"not_picked":["Slimebound:SplitLeeching","Slimebound:GoopSpray"],"picked":"Slimebound:Chomp+1","floor":27},{"not_picked":["Slimebound:Gluttony","Slimebound:RejuvenatingLick","Slimebound:FinishingTackle"],"picked":"SKIP","floor":28},{"not_picked":["Slimebound:LivingWall","Slimebound:SamplingLick"],"picked":"Slimebound:LeechingTouch+1","floor":29},{"not_picked":["Slimebound:SlimeSpikes+1","Slimebound:LeadByExample"],"picked":"Slimebound:FlameTackle","floor":31},{"not_picked":["Slimebound:SlimeSpikes","Slimebound:SplitAcid"],"picked":"Slimebound:SplitLeeching+1","floor":32},{"not_picked":["Slimebound:MassFeed","Slimebound:MassRepurpose"],"picked":"Slimebound:FirmFortitude","floor":33},{"not_picked":["Slimebound:Schlurp","Slimebound:SplitSpecialist","Slimebound:SamplingLick"],"picked":"SKIP","floor":36},{"not_picked":["Slimebound:LeechingTouch","Slimebound:SpikyOuterGoop+1"],"picked":"Slimebound:ViciousTackle+1","floor":37},{"not_picked":["Slimebound:FinishingTackle","Slimebound:GrowthPunch+1"],"picked":"Slimebound:AcidTongue+1","floor":39},{"not_picked":["Slimebound:LeechEnergy","Slimebound:ItLooksTasty"],"picked":"Slimebound:GoopTackle+1","floor":40},{"not_picked":["Slimebound:AcidTongue+1","Slimebound:RollThrough+1","Slimebound:FormOfPuddle"],"picked":"SKIP","floor":45},{"not_picked":["Slimebound:Nibble","Slimebound:SamplingLick","Slimebound:ViciousTackle+1"],"picked":"SKIP","floor":47},{"not_picked":["Slimebound:OneTwoCombo","Slimebound:SlimeSpikes+1"],"picked":"Slimebound:PressTheAttack+1","floor":48},{"not_picked":["Slimebound:LeechingTouch","Slimebound:SlimeSpikes+1"],"picked":"Slimebound:BestDefense+1","floor":49}],"player_experience":240823,"relics_obtained":[{"floor":7,"key":"War Paint"},{"floor":8,"key":"Pen Nib"},{"floor":11,"key":"Akabeko"},{"floor":21,"key":"Toy Ornithopter"},{"floor":24,"key":"Ancient Tea Set"},{"floor":28,"key":"Ginger"},{"floor":31,"key":"Old Coin"},{"floor":37,"key":"Shovel"},{"floor":40,"key":"FossilizedHelix"},{"floor":41,"key":"Bottled Lightning"},{"floor":42,"key":"Blue Candle"},{"floor":46,"key":"Thread and Needle"}],"event_choices":[{"damage_healed":0,"gold_gain":0,"player_choice":"Fight","damage_taken":0,"max_hp_gain":0,"max_hp_loss":0,"event_name":"Mysterious Sphere","floor":37,"gold_loss":0},{"cards_removed":["Slimebound:AcidTongue"],"damage_healed":0,"gold_gain":0,"player_choice":"Removed Power","damage_taken":0,"max_hp_gain":0,"max_hp_loss":0,"event_name":"Falling","floor":43,"gold_loss":0}],"is_beta":false,"boss_relics":[{"not_picked":["Fusion Hammer","Astrolabe"],"picked":"Runic Pyramid"},{"not_picked":["Snecko Eye","Busted Crown"],"picked":"Philosopher\u0027s Stone"}],"items_purged_floors":[26,29,38],"is_endless":false,"potions_floor_spawned":[6,14,15,16,20,22,28,31,37,39,47,49],"ascension_level":0}}