{"host":"raai0vtvcfkt8csp","time":1614412995,"event":{"mods":["2.2 Compatiblity","BaseMod","Beaked The Cultist","Block Reminder","Booster Modes","Clockwork Mod","Custom Start","DeckTracker","Defective Defect","Defuse TimeMaze Blight","Dio Mod","GifTheSpireLib","Infinite Spire","Minty Spire (QoL Compilation)","Quick Restart","Random Character Button","Rare Cards Sparkle","StSLib","The Marked","Uncapped","Unceasing Turn Reminder"],"gold_per_floor":[112,112,112,123,133,167,167,202,270,283,283,298,327,356,356,460,510,529,549,549,549,549,575,587,628,640,683,711,733,758,870,882,999,1011,1039,1051,1076,1105,1137,1149,1189,1201,1263,1286,1314,1355,1383,1395,1407,1516,1528,1535,1554,1571,1588,1600,1620,1629,1590,1590],"floor_reached":59,"language":"ENG","playtime":2991,"items_purged":[],"score":1366,"play_id":"96c06309-dfeb-42c1-9142-70ff79eacea7","local_time":"20210227090315","is_ascension_mode":true,"campfire_choices":[{"data":"Rage","floor":7.0,"key":"SMITH"},{"data":"Inflame","floor":15.0,"key":"SMITH"},{"data":"Barricade","floor":32.0,"key":"SMITH"},{"data":"dioMod:MudaMudaMuda","floor":40.0,"key":"SMITH"},{"data":"Pommel Strike","floor":42.0,"key":"SMITH"},{"floor":49.0,"key":"REST"}],"circlet_count":0,"master_deck":["Anger","Anger","Anger","Anger","Anger","Anger","Anger","Anger+1","Anger","Anger","Cleave","Rage+1","Rage+1","Cleave","Seeing Red+1","Anger+1","Inflame+1","Warcry+1","Juggernaut","True Grit+1","Thunderclap","Flex+1","infinitespire:NeuralNetwork","infinitespire:OneForAll","Pommel Strike+1","Havoc+1","Havoc+1","Barricade+1","Shrug It Off+1","Limit Break+1","Offering+1","dioMod:MudaMudaMuda+1","Warcry+1","Combust","Anger+1","Anger","Entrench+1","Dual Wield+1","Havoc+1","infinitespire:OneForAll+1","Seeing Red+1","Exhume+1","Havoc+1","Entrench+1","Metallicize","True Grit+1","Decay","Second Wind+1","Spot Weakness+1"],"relics":["Cracked Core","Unceasing Top","WingedGreaves","Oddly Smooth Stone","Toxic Egg 2","MealTicket","Ancient Tea Set","Tiny House","Black Star","Torii","Sundial","MawBank","infinitespire:Eraser","Nloth\u0027s Gift","HornCleat","Pear","Bronze Scales","Boot","The Courier","Du-Vu Doll","infinitespire:Bottled Soul","beaked:SacredDeck","Bottled Lightning","Tiny Chest","Anchor","Molten Egg 2","Toy Ornithopter","infinitespire:Cupcake","Meat on the Bone","Regal Pillow"],"acts_visited":["Exordium","TheCity","TheBeyond"],"potions_floor_usage":[52,59],"damage_taken":[{"damage":0.0,"enemies":"2 Louse","floor":1.0,"turns":1.0},{"damage":0.0,"enemies":"Jaw Worm","floor":4.0,"turns":1.0},{"damage":0.0,"enemies":"Small Slimes","floor":5.0,"turns":1.0},{"damage":0.0,"enemies":"Gremlin Nob","floor":6.0,"turns":1.0},{"damage":0.0,"enemies":"Lagavulin","floor":8.0,"turns":1.0},{"damage":0.0,"enemies":"Red Slaver","floor":10.0,"turns":1.0},{"damage":0.0,"enemies":"Looter","floor":12.0,"turns":1.0},{"damage":0.0,"enemies":"Gremlin Nob","floor":13.0,"turns":1.0},{"damage":0.0,"enemies":"Lagavulin","floor":14.0,"turns":1.0},{"damage":0.0,"enemies":"The Guardian","floor":16.0,"turns":1.0},{"damage":0.0,"enemies":"Shell Parasite","floor":18.0,"turns":2.0},{"damage":10.0,"enemies":"Chosen","floor":19.0,"turns":2.0},{"damage":7.0,"enemies":"Gremlin Leader","floor":23.0,"turns":2.0},{"damage":13.0,"enemies":"Nightmare","floor":25.0,"turns":5.0},{"damage":10.0,"enemies":"Gremlin Leader","floor":27.0,"turns":2.0},{"damage":0.0,"enemies":"Snecko","floor":28.0,"turns":3.0},{"damage":0.0,"enemies":"Snake Plant","floor":29.0,"turns":2.0},{"damage":0.0,"enemies":"Cultist and Chosen","floor":30.0,"turns":2.0},{"damage":0.0,"enemies":"Colosseum Slavers","floor":31.0,"turns":1.0},{"damage":0.0,"enemies":"Colosseum Nobs","floor":31.0,"turns":2.0},{"damage":0.0,"enemies":"Champ","floor":33.0,"turns":3.0},{"damage":0.0,"enemies":"3 Darklings","floor":35.0,"turns":2.0},{"damage":6.0,"enemies":"Orb Walker","floor":37.0,"turns":2.0},{"damage":7.0,"enemies":"4 Shapes","floor":38.0,"turns":2.0},{"damage":4.0,"enemies":"Maw","floor":39.0,"turns":5.0},{"damage":0.0,"enemies":"Nemesis","floor":41.0,"turns":1.0},{"damage":6.0,"enemies":"Jaw Worm Horde","floor":44.0,"turns":2.0},{"damage":1.0,"enemies":"Sphere and 2 Shapes","floor":45.0,"turns":4.0},{"damage":6.0,"enemies":"Giant Head","floor":46.0,"turns":2.0},{"damage":0.0,"enemies":"3 Darklings","floor":47.0,"turns":2.0},{"damage":24.0,"enemies":"Time Eater","floor":50.0,"turns":6.0},{"damage":1,"enemies":"Small Slimes","floor":52,"turns":2},{"damage":0,"enemies":"Jaw Worm","floor":53,"turns":1},{"damage":0,"enemies":"2 Louse","floor":54,"turns":1},{"damage":1,"enemies":"2 Fungi Beasts","floor":55,"turns":2},{"damage":0,"enemies":"Lagavulin","floor":57,"turns":1},{"damage":0,"enemies":"Large Slime","floor":58,"turns":1},{"damage":102,"enemies":"Nightmare","floor":59,"turns":4}],"seed_played":"-8959682007256451123","potions_obtained":[{"floor":1.0,"key":"SkillPotion"},{"floor":6.0,"key":"AttackPotion"},{"floor":10.0,"key":"SteroidPotion"},{"floor":28.0,"key":"BlessingOfTheForge"},{"floor":29.0,"key":"GamblersBrew"},{"floor":31.0,"key":"AttackPotion"},{"floor":41.0,"key":"Swift Potion"},{"floor":45.0,"key":"Block Potion"},{"floor":50.0,"key":"Ancient Potion"},{"floor":54,"key":"SteroidPotion"},{"floor":57,"key":"Energy Potion"}],"is_trial":true,"path_per_floor":["M","?","?","M","M","E","R","E","T","M","?","M","E","E","R","B",null,"M","M","AVR","T","?","E","?","NM","T","E","M","M","M","?","R","B",null,"M","?","M","M","M","R","E","R","T","M","M","E","M","?","R","B",null,"M","M","M","M","?","E","M","NM"],"character_chosen":"IRONCLAD","items_purchased":[],"campfire_rested":1,"item_purchase_floors":[],"current_hp_per_floor":[80,80,80,80,80,80,80,80,80,80,80,80,80,80,80,80,85,85,75,75,75,75,68,68,65,65,55,55,55,55,55,55,55,95,95,95,89,82,78,78,78,78,78,72,71,65,65,65,93,71,95,94,94,94,93,93,93,93,0,0],"gold":1590,"neow_bonus":"","is_daily":false,"chose_seed":false,"campfire_upgraded":5,"win_rate":0.0,"timestamp":1614412995,"path_taken":["M","?","?","M","M","E","R","E","T","?","?","M","E","E","R","BOSS","M","M","AVR","?","?","E","?","NM","T","E","M","?","M","?","R","BOSS","M","?","M","M","M","R","E","R","T","M","M","E","M","?","R","BOSS","M","M","?","M","?","E","M","NM"],"items_purchased_type":[],"build_version":"2020-12-22","purchased_purges":0,"victory":false,"max_hp_per_floor":[80,80,80,80,80,80,80,80,80,80,80,80,80,80,80,80,85,85,85,85,85,85,85,85,95,95,95,95,95,95,95,95,95,95,95,95,95,95,95,95,95,95,95,95,95,95,95,95,95,95,95,95,95,95,95,95,95,95,95,95],"card_choices":[{"not_picked":["Battle Trance","Rampage"],"picked":"Cleave","floor":1.0},{"not_picked":["Shockwave","Pommel Strike"],"picked":"Rage","floor":4.0},{"not_picked":["Body Slam","Perfected Strike"],"picked":"Twin Strike","floor":5.0},{"not_picked":["Iron Wave","Thunderclap"],"picked":"Rage","floor":6.0},{"not_picked":["Rampage","Heavy Blade"],"picked":"Cleave","floor":8.0},{"not_picked":["Heavy Blade","Dual Wield+1"],"picked":"Seeing Red+1","floor":10.0},{"not_picked":["Brutality","Disarm+1"],"picked":"Anger","floor":12.0},{"not_picked":["Flame Barrier+1","Reckless Charge"],"picked":"Inflame","floor":13.0},{"not_picked":["Intimidate+1","Pummel"],"picked":"Warcry+1","floor":14.0},{"not_picked":["Brutality","Double Tap+1"],"picked":"Juggernaut","floor":16.0},{"not_picked":["Clothesline","Perfected Strike"],"picked":"True Grit+1","floor":17.0},{"not_picked":["Heavy Blade+1","Clothesline+1"],"picked":"Thunderclap","floor":18.0},{"not_picked":["Iron Wave","infinitespire:OneForAll"],"picked":"Flex+1","floor":19.0},{"not_picked":["Impervious+1","Power Through+1"],"picked":"infinitespire:OneForAll","floor":23.0},{"not_picked":["Fire Breathing","Heavy Blade+1"],"picked":"Pommel Strike","floor":25.0},{"not_picked":["Brutality","Metallicize"],"picked":"Havoc+1","floor":27.0},{"not_picked":["Wild Strike","Uppercut"],"picked":"Havoc+1","floor":28.0},{"not_picked":["Pummel","Blood for Blood+1"],"picked":"Barricade","floor":29.0},{"not_picked":["Wild Strike+1","Clothesline"],"picked":"Shrug It Off+1","floor":30.0},{"not_picked":["Seeing Red+1","Searing Blow"],"picked":"Limit Break+1","floor":31.0},{"not_picked":["Impervious+1","Demon Form"],"picked":"Offering+1","floor":33.0},{"not_picked":["Shrug It Off+1","Combust"],"picked":"Warcry+1","floor":35.0},{"not_picked":["Twin Strike","Blood for Blood+1"],"picked":"Combust","floor":37.0},{"not_picked":["Wild Strike+1","Hemokinesis+1"],"picked":"Anger+1","floor":38.0},{"not_picked":["Bloodletting+1","Twin Strike"],"picked":"Anger","floor":39.0},{"not_picked":["Barricade","Dual Wield+1"],"picked":"Entrench+1","floor":41.0},{"not_picked":["Corruption","Sever Soul+1"],"picked":"Dual Wield+1","floor":44.0},{"not_picked":["Dropkick+1","Sentinel+1"],"picked":"Havoc+1","floor":45.0},{"not_picked":["Immolate+1","Impervious+1"],"picked":"infinitespire:OneForAll+1","floor":46.0},{"not_picked":["Bloodletting+1","Wild Strike+1"],"picked":"Seeing Red+1","floor":47.0},{"not_picked":["Demon Form","Juggernaut"],"picked":"Exhume+1","floor":50.0},{"not_picked":["Reckless Charge+1","Headbutt+1"],"picked":"Havoc+1","floor":52},{"not_picked":["Shrug It Off+1","Perfected Strike+1"],"picked":"Entrench+1","floor":53},{"not_picked":["Thunderclap+1","Warcry+1"],"picked":"Metallicize","floor":54},{"not_picked":["Double Tap+1","Thunderclap+1"],"picked":"True Grit+1","floor":55},{"not_picked":["Impervious+1","Bludgeon+1"],"picked":"Second Wind+1","floor":57},{"not_picked":["Headbutt+1","Shrug It Off+1"],"picked":"Spot Weakness+1","floor":58}],"player_experience":1107840,"relics_obtained":[{"floor":6.0,"key":"WingedGreaves"},{"floor":8.0,"key":"Oddly Smooth Stone"},{"floor":9.0,"key":"Toxic Egg 2"},{"floor":13.0,"key":"MealTicket"},{"floor":14.0,"key":"Ancient Tea Set"},{"floor":21.0,"key":"Sundial"},{"floor":23.0,"key":"MawBank"},{"floor":23.0,"key":"infinitespire:Eraser"},{"floor":25.0,"key":"HornCleat"},{"floor":25.0,"key":"Pear"},{"floor":26.0,"key":"Bronze Scales"},{"floor":27.0,"key":"Boot"},{"floor":27.0,"key":"The Courier"},{"floor":31.0,"key":"Du-Vu Doll"},{"floor":31.0,"key":"infinitespire:Bottled Soul"},{"floor":41.0,"key":"Bottled Lightning"},{"floor":41.0,"key":"Tiny Chest"},{"floor":43.0,"key":"Anchor"},{"floor":46.0,"key":"Molten Egg 2"},{"floor":46.0,"key":"Toy Ornithopter"},{"floor":57,"key":"Meat on the Bone"},{"floor":57,"key":"Regal Pillow"}],"event_choices":[{"cards_removed":["Twin Strike"],"damage_healed":5.0,"max_hp_gain":0.0,"max_hp_loss":0.0,"gold_gain":0.0,"event_name":"Bonfire Elementals","player_choice":"Offered Common","floor":11.0,"gold_loss":0.0,"damage_taken":0.0},{"cards_removed":["Twin Strike"],"damage_healed":5.0,"max_hp_gain":0.0,"max_hp_loss":0.0,"gold_gain":0.0,"event_name":"Bonfire Elementals","player_choice":"Offered Special","floor":11.0,"gold_loss":0.0,"damage_taken":0.0},{"damage_healed":0.0,"max_hp_gain":0.0,"max_hp_loss":0.0,"gold_gain":0.0,"event_name":"Vampires","player_choice":"Ignored","floor":22.0,"gold_loss":0.0,"damage_taken":0.0},{"damage_healed":0.0,"max_hp_gain":0.0,"max_hp_loss":0.0,"gold_gain":0.0,"event_name":"N\u0027loth","player_choice":"Traded Relic","floor":24.0,"relics_lost":["infinitespire:Cubic Diamond"],"gold_loss":0.0,"damage_taken":0.0,"relics_obtained":["Nloth\u0027s Gift"]},{"damage_healed":0.0,"max_hp_gain":0.0,"max_hp_loss":0.0,"gold_gain":0.0,"event_name":"Colosseum","player_choice":"Fight","floor":31.0,"gold_loss":0.0,"damage_taken":0.0},{"damage_healed":0.0,"max_hp_gain":0.0,"max_hp_loss":0.0,"gold_gain":0.0,"event_name":"Colosseum","player_choice":"Fought Nobs","floor":31.0,"gold_loss":0.0,"damage_taken":0.0},{"damage_healed":0.0,"max_hp_gain":0.0,"max_hp_loss":0.0,"gold_gain":0.0,"event_name":"Tomb of Lord Red Mask","player_choice":"Ignored","floor":36.0,"gold_loss":0.0,"damage_taken":0.0},{"damage_healed":0.0,"max_hp_gain":0.0,"max_hp_loss":0.0,"gold_gain":0.0,"event_name":"Accursed Blacksmith","player_choice":"Forge","floor":48.0,"gold_loss":0.0,"damage_taken":0.0,"cards_upgraded":["Rage"]},{"damage_healed":0,"gold_gain":0,"player_choice":"Cursed","damage_taken":0,"max_hp_gain":0,"max_hp_loss":0,"event_name":"Wheel of Change","floor":56,"gold_loss":0,"cards_obtained":["Decay"]}],"is_beta":false,"boss_relics":[{"not_picked":["Runic Cube","Velvet Choker"],"picked":"Tiny House"},{"not_picked":["Sozu","Fusion Hammer"],"picked":"beaked:SacredDeck"},{"not_picked":["infinitespire:Burning Sword","SacredBark"],"picked":"infinitespire:Cupcake"}],"items_purged_floors":[],"is_endless":true,"potions_floor_spawned":[1,6,10,14,16,18,28,29,30,31,31,33,37,39,41,45,50,54,57,58],"killed_by":"Nightmare","ascension_level":1}}