{"host":"qc268ltokmxwqyrx","time":1614443258,"event":{"mods":["BaseMod","Colored Map","Minty Spire (QoL Compilation)","Relic Stats","Slay the Relics Exporter","StSLib","ojb\u0027s Info Mod"],"gold_per_floor":[367,385,25,25,45,79,23,48,48,48,82,82,82,116,116,215,215,236,236,236,18,36,76,76,76,76],"floor_reached":25,"language":"ENG","playtime":972,"items_purged":[],"score":490,"play_id":"cc58be7f-288a-423f-ba80-3725efe44861","local_time":"20210227102738","is_ascension_mode":true,"campfire_choices":[{"floor":13,"key":"REST"},{"data":"Disarm","floor":15,"key":"SMITH"},{"data":"Burning Pact","floor":24,"key":"SMITH"}],"circlet_count":0,"master_deck":["AscendersBane","Strike_R","Strike_R","Strike_R","Strike_R","Strike_R","Defend_R","Defend_R","Defend_R","Defend_R","Bash","Anger","Wild Strike","Inflame","Disarm+1","Cleave","True Grit","Burning Pact+1","Demon Form","Combust","Limit Break","Evolve","Armaments+1","Rupture"],"relics":["Burning Blood","Kunai","Anchor","Singing Bowl","Toy Ornithopter","Akabeko","Golden Idol","Bottled Lightning","Coffee Dripper","MutagenicStrength","Turnip"],"acts_visited":["Exordium","TheCity"],"potions_floor_usage":[8,8,16,22,23,25],"damage_taken":[{"damage":9,"enemies":"Jaw Worm","floor":1,"turns":5},{"damage":1,"enemies":"Cultist","floor":2,"turns":3},{"damage":8,"enemies":"2 Louse","floor":5,"turns":3},{"damage":11,"enemies":"Lagavulin","floor":6,"turns":6},{"damage":2,"enemies":"Gremlin Nob","floor":8,"turns":3},{"damage":22,"enemies":"Lagavulin","floor":11,"turns":7},{"damage":29,"enemies":"Gremlin Nob","floor":14,"turns":4},{"damage":5,"enemies":"The Guardian","floor":16,"turns":17},{"damage":15,"enemies":"Shell Parasite","floor":18,"turns":6},{"damage":28,"enemies":"2 Thieves","floor":22,"turns":4},{"damage":30,"enemies":"Gremlin Leader","floor":23,"turns":7},{"damage":28,"enemies":"Slavers","floor":25,"turns":2}],"seed_played":"-4537304198586663835","potions_obtained":[{"floor":6,"key":"GamblersBrew"},{"floor":8,"key":"Energy Potion"},{"floor":14,"key":"Energy Potion"},{"floor":18,"key":"HeartOfIron"},{"floor":22,"key":"DuplicationPotion"}],"is_trial":false,"path_per_floor":["M","M","$","?","M","E","$","E","T","?","E","?","R","E","R","B",null,"M","?","?","$","M","E","R","E"],"character_chosen":"IRONCLAD","items_purchased":["Inflame","Kunai","AttackPotion","Limit Break","Evolve"],"campfire_rested":1,"item_purchase_floors":[3,3,7,21,21],"current_hp_per_floor":[47,52,52,52,50,45,45,49,49,54,40,12,36,13,13,19,66,57,57,57,57,40,21,21,0,0],"gold":76,"neow_bonus":"TWO_FIFTY_GOLD","is_daily":false,"chose_seed":false,"campfire_upgraded":2,"win_rate":0.0,"timestamp":1614443258,"path_taken":["M","M","$","?","?","E","$","E","T","?","E","?","R","E","R","BOSS","M","?","?","?","M","E","R","E"],"items_purchased_type":["Card","Relic","Potion","Card","Card"],"build_version":"2020-12-22","purchased_purges":0,"victory":false,"max_hp_per_floor":[75,75,75,75,75,75,75,75,75,80,82,82,82,82,82,82,82,82,82,82,82,82,82,82,82,82],"relic_stats":{"Singing Bowl":2,"counters":[12,67],"Golden Idol":43,"Turnip":[0],"Kunai":[23],"obtain_stats":[{"Anchor":6,"Singing Bowl":8,"Golden Idol":12,"MutagenicStrength":19,"Turnip":23,"Coffee Dripper":17,"Kunai":3,"Bottled Lightning":14,"Burning Blood":0,"Toy Ornithopter":9,"Akabeko":11},{"Anchor":4,"Singing Bowl":5,"Golden Idol":6,"MutagenicStrength":9,"Turnip":11,"Coffee Dripper":8,"Kunai":2,"Bottled Lightning":7,"Burning Blood":0,"Toy Ornithopter":5,"Akabeko":6},{"Anchor":17,"Singing Bowl":20,"Golden Idol":27,"MutagenicStrength":54,"Turnip":65,"Coffee Dripper":48,"Kunai":8,"Bottled Lightning":31,"Burning Blood":0,"Toy Ornithopter":20,"Akabeko":27}],"Burning Blood":66,"Toy Ornithopter":20},"card_choices":[{"not_picked":["Havoc","Rupture"],"picked":"Anger","floor":1},{"not_picked":["Twin Strike","Headbutt"],"picked":"Wild Strike","floor":2},{"not_picked":["Flex","Shockwave"],"picked":"Disarm","floor":5},{"not_picked":["Evolve","Pommel Strike"],"picked":"Cleave","floor":6},{"not_picked":["Inflame","Brutality"],"picked":"True Grit","floor":8},{"not_picked":["Clash","Cleave","Iron Wave"],"picked":"Singing Bowl","floor":11},{"not_picked":["Pummel","Iron Wave"],"picked":"Burning Pact","floor":14},{"not_picked":["Limit Break","Exhume"],"picked":"Demon Form","floor":16},{"not_picked":["Hemokinesis","Anger"],"picked":"Combust","floor":18},{"not_picked":["Power Through","Sword Boomerang"],"picked":"Armaments+1","floor":22},{"not_picked":["Anger+1","Burning Pact"],"picked":"Rupture","floor":23}],"player_experience":1948709,"relics_obtained":[{"floor":6,"key":"Anchor"},{"floor":8,"key":"Singing Bowl"},{"floor":9,"key":"Toy Ornithopter"},{"floor":11,"key":"Akabeko"},{"floor":14,"key":"Bottled Lightning"},{"floor":23,"key":"Turnip"}],"event_choices":[{"damage_healed":0,"gold_gain":0,"player_choice":"Ignored","damage_taken":0,"max_hp_gain":0,"max_hp_loss":0,"event_name":"WeMeetAgain","floor":4,"gold_loss":0},{"damage_healed":0,"gold_gain":0,"player_choice":"Donut","damage_taken":0,"max_hp_gain":5,"max_hp_loss":0,"event_name":"Big Fish","floor":10,"gold_loss":0},{"damage_healed":0,"gold_gain":0,"player_choice":"Take Damage","damage_taken":28,"relics_obtained":["Golden Idol"],"max_hp_gain":0,"max_hp_loss":0,"event_name":"Golden Idol","floor":12,"gold_loss":0},{"damage_healed":0,"gold_gain":0,"player_choice":"Inject Mutagens","damage_taken":0,"relics_obtained":["MutagenicStrength"],"max_hp_gain":0,"max_hp_loss":0,"event_name":"Drug Dealer","floor":19,"gold_loss":0},{"damage_healed":0,"gold_gain":0,"player_choice":"Ignored","damage_taken":0,"max_hp_gain":0,"max_hp_loss":0,"event_name":"The Mausoleum","floor":20,"gold_loss":0}],"is_beta":false,"boss_relics":[{"not_picked":["Black Star","Sozu"],"picked":"Coffee Dripper"}],"items_purged_floors":[],"is_endless":false,"potions_floor_spawned":[6,8,14,18,22],"killed_by":"Slavers","ascension_level":20}}