{"host":"y76clbnovzmw9ubx","time":1614391087,"event":{"mods":["AchievementEnabler","BaseMod","Minty Spire (QoL Compilation)","Permanent Neow","Relic Stats"],"gold_per_floor":[17,31,41,41,57,85,85,110,110,138,151,151,171,196,196,271,271,288,288,203,203,50,50,50],"floor_reached":23,"language":"ENG","playtime":1636,"items_purged":["Strike_G"],"score":438,"play_id":"b41d4137-6d9e-4497-8ada-e228950fa2ff","local_time":"20210226205807","is_ascension_mode":true,"campfire_choices":[{"floor":7,"key":"REST"},{"floor":12,"key":"REST"},{"floor":15,"key":"REST"}],"circlet_count":0,"master_deck":["AscendersBane","Strike_G","Strike_G","Strike_G","Strike_G","Defend_G","Defend_G","Defend_G","Defend_G","Defend_G","Survivor","Neutralize","Corpse Explosion+1","Deadly Poison","Infinite Blades","Adrenaline","Dodge and Roll","Backflip","Calculated Gamble","Footwork","Blur","Malaise","Cloak And Dagger","Ghostly","Ghostly","Ghostly","Die Die Die"],"relics":["Ring of the Snake","Vajra","Sundial","Shuriken","Ornamental Fan","WristBlade","Regal Pillow"],"acts_visited":["Exordium","TheCity"],"potions_floor_usage":[14,16,18],"damage_taken":[{"damage":6,"enemies":"Cultist","floor":1,"turns":5},{"damage":2,"enemies":"Jaw Worm","floor":2,"turns":4},{"damage":9,"enemies":"Small Slimes","floor":3,"turns":4},{"damage":5,"enemies":"Looter","floor":5,"turns":4},{"damage":7,"enemies":"3 Sentries","floor":6,"turns":3},{"damage":12,"enemies":"Lagavulin","floor":8,"turns":6},{"damage":24,"enemies":"Gremlin Nob","floor":10,"turns":4},{"damage":6,"enemies":"Red Slaver","floor":11,"turns":4},{"damage":0,"enemies":"Blue Slaver","floor":13,"turns":4},{"damage":9,"enemies":"Lagavulin","floor":14,"turns":6},{"damage":23,"enemies":"The Guardian","floor":16,"turns":10},{"damage":0,"enemies":"3 Byrds","floor":18,"turns":2},{"damage":35,"enemies":"Book of Stabbing","floor":23,"turns":6}],"seed_played":"-8318759218631678065","potions_obtained":[{"floor":1,"key":"Explosive Potion"},{"floor":2,"key":"Energy Potion"},{"floor":14,"key":"ColorlessPotion"}],"is_trial":false,"path_per_floor":["M","M","M","?","M","E","R","E","T","E","M","R","M","E","R","B",null,"M","?","?","?","$","E"],"character_chosen":"THE_SILENT","items_purchased":["Die Die Die"],"campfire_rested":3,"item_purchase_floors":[22],"current_hp_per_floor":[53,51,42,42,37,30,49,37,37,13,7,26,26,17,36,13,53,53,33,33,33,33,0,0],"gold":50,"neow_bonus":"THREE_RARE_CARDS","is_daily":false,"chose_seed":false,"campfire_upgraded":0,"win_rate":0.0,"timestamp":1614391087,"path_taken":["M","M","?","?","M","E","R","E","T","E","M","R","M","E","R","BOSS","M","?","?","?","$","E"],"items_purchased_type":["Card"],"build_version":"2020-12-22","purchased_purges":1,"victory":false,"max_hp_per_floor":[66,66,66,66,66,66,66,66,66,66,66,66,66,66,66,66,66,66,33,33,33,33,33,33],"relic_stats":{"Regal Pillow":0,"counters":[13,62],"Sundial":[4],"Shuriken":[4],"Ornamental Fan":[8],"obtain_stats":[{"Regal Pillow":20,"WristBlade":17,"Sundial":9,"Shuriken":10,"Ornamental Fan":14,"Vajra":6,"Ring of the Snake":0},{"Regal Pillow":12,"WristBlade":11,"Sundial":6,"Shuriken":7,"Ornamental Fan":10,"Vajra":5,"Ring of the Snake":0},{"Regal Pillow":56,"WristBlade":54,"Sundial":26,"Shuriken":30,"Ornamental Fan":44,"Vajra":20,"Ring of the Snake":0}],"Ring of the Snake":[26]},"card_choices":[{"not_picked":["Phantasmal Killer","Storm of Steel"],"picked":"Corpse Explosion","floor":0},{"not_picked":["Expertise","Quick Slash"],"picked":"Dash","floor":1},{"not_picked":["Riddle With Holes","Masterful Stab"],"picked":"Deadly Poison","floor":2},{"not_picked":["Bane","Underhanded Strike"],"picked":"Infinite Blades","floor":3},{"not_picked":["Dash","Distraction","Cloak And Dagger"],"picked":"SKIP","floor":5},{"not_picked":["Backstab","Flechettes"],"picked":"Adrenaline","floor":6},{"not_picked":["Acrobatics","Slice"],"picked":"Dodge and Roll","floor":8},{"not_picked":["Distraction","Quick Slash"],"picked":"Backflip","floor":10},{"not_picked":["Accuracy","Dagger Throw"],"picked":"Calculated Gamble","floor":11},{"not_picked":["Dagger Throw","Outmaneuver"],"picked":"Footwork","floor":13},{"not_picked":["Underhanded Strike","Predator"],"picked":"Blur","floor":14},{"not_picked":["Venomology","A Thousand Cuts"],"picked":"Malaise","floor":16},{"not_picked":["Slice","All Out Attack"],"picked":"Cloak And Dagger","floor":18}],"player_experience":3296896,"relics_obtained":[{"floor":6,"key":"Vajra"},{"floor":9,"key":"Sundial"},{"floor":10,"key":"Shuriken"},{"floor":14,"key":"Ornamental Fan"}],"event_choices":[{"damage_healed":0,"gold_gain":0,"player_choice":"Forge","damage_taken":0,"max_hp_gain":0,"max_hp_loss":0,"event_name":"Accursed Blacksmith","floor":4,"gold_loss":0,"cards_upgraded":["Corpse Explosion"]},{"damage_healed":0,"gold_gain":0,"player_choice":"Became a Ghost","damage_taken":0,"max_hp_gain":0,"max_hp_loss":33,"event_name":"Ghosts","floor":19,"gold_loss":0,"cards_obtained":["Ghostly","Ghostly","Ghostly"]},{"damage_healed":0,"gold_gain":0,"player_choice":"Obtained Relic","damage_taken":0,"relics_obtained":["Regal Pillow"],"max_hp_gain":0,"max_hp_loss":0,"event_name":"Addict","floor":20,"gold_loss":85},{"cards_removed":["Dash"],"damage_healed":0,"gold_gain":0,"player_choice":"Offered Uncommon","damage_taken":0,"max_hp_gain":0,"max_hp_loss":0,"event_name":"Bonfire Elementals","floor":21,"gold_loss":0}],"is_beta":false,"boss_relics":[{"not_picked":["Runic Dome","Tiny House"],"picked":"WristBlade"}],"items_purged_floors":[22],"is_endless":false,"potions_floor_spawned":[1,2,6,10,14],"killed_by":"Book of Stabbing","ascension_level":20}}