{"host":"mqhvlr3kpxebko0t","time":1614450986,"event":{"mods":["AchievementEnabler","BaseMod","Colored Map","Colored Powertips","KOR Keyword Fix","Keyboard Shortcuts","Minty Spire (QoL Compilation)","StSLib","SuperFastMode"],"gold_per_floor":[12,25,35,35,51,51,86,96,96,121,121,46,63,98,98,169,169,179,79,94,112,112,112,112,112,112,443,443,443],"floor_reached":28,"language":"KOR","playtime":452,"items_purged":["Strike_R","Strike_R"],"score":520,"play_id":"4362b821-655d-48e1-bfed-c5cbe44c1899","local_time":"20210228033626","is_ascension_mode":true,"campfire_choices":[{"data":"Blood for Blood","floor":6,"key":"SMITH"},{"data":"Strike_R","floor":15,"key":"PURGE"},{"data":"Strike_R","floor":23,"key":"PURGE"},{"data":"Immolate","floor":25,"key":"SMITH"}],"circlet_count":0,"master_deck":["AscendersBane","Strike_R+1","Defend_R+1","Defend_R","Defend_R","Defend_R","Bash","Blood for Blood+1","Anger","Shockwave","Uppercut","Shrug It Off","Burning Pact","Immolate+1","Armaments+1","Bludgeon"],"relics":["Burning Blood","CaptainsWheel","Art of War","Peace Pipe","Mercury Hourglass","StoneCalendar","SacredBark","Gremlin Horn","Old Coin"],"acts_visited":["Exordium","TheCity"],"potions_floor_usage":[10,14,16,22],"damage_taken":[{"damage":2,"enemies":"Jaw Worm","floor":1,"turns":4},{"damage":1,"enemies":"Cultist","floor":2,"turns":4},{"damage":2,"enemies":"2 Louse","floor":3,"turns":3},{"damage":2,"enemies":"Exordium Wildlife","floor":5,"turns":4},{"damage":27,"enemies":"Lagavulin","floor":7,"turns":7},{"damage":4,"enemies":"Looter","floor":8,"turns":3},{"damage":19,"enemies":"3 Sentries","floor":10,"turns":4},{"damage":5,"enemies":"2 Fungi Beasts","floor":13,"turns":3},{"damage":20,"enemies":"Lagavulin","floor":14,"turns":7},{"damage":8,"enemies":"Slime Boss","floor":16,"turns":7},{"damage":12,"enemies":"2 Thieves","floor":18,"turns":3},{"damage":4,"enemies":"Spheric Guardian","floor":20,"turns":4},{"damage":17,"enemies":"Chosen and Byrds","floor":21,"turns":7},{"damage":0,"enemies":"Centurion and Healer","floor":22,"turns":1},{"damage":21,"enemies":"Slavers","floor":27,"turns":4},{"damage":18,"enemies":"Snake Plant","floor":28,"turns":1}],"seed_played":"3383353210635116482","potions_obtained":[{"floor":1,"key":"BloodPotion"},{"floor":3,"key":"PowerPotion"},{"floor":10,"key":"SmokeBomb"},{"floor":14,"key":"Block Potion"}],"is_trial":false,"path_per_floor":["M","M","M","?","M","R","E","M","T","E","?","$","M","E","R","B",null,"M","$","M","M","M","R","?","R","T","E","M"],"character_chosen":"IRONCLAD","items_purchased":[],"campfire_rested":0,"item_purchase_floors":[],"current_hp_per_floor":[72,75,75,75,75,75,54,56,56,43,20,20,21,22,22,20,61,55,55,57,46,52,52,31,31,31,16,0,0],"gold":443,"neow_bonus":"ONE_RARE_RELIC","is_daily":false,"chose_seed":false,"campfire_upgraded":2,"win_rate":0.0,"timestamp":1614450986,"path_taken":["M","M","M","?","?","R","E","M","T","E","?","$","M","E","R","BOSS","M","$","M","M","M","R","?","R","T","E","M"],"items_purchased_type":[],"build_version":"2020-12-22","purchased_purges":2,"victory":false,"max_hp_per_floor":[75,75,75,75,75,75,75,75,75,75,75,75,75,75,75,75,75,75,75,75,75,75,75,80,80,80,80,80,80],"card_choices":[{"not_picked":["Havoc","Reckless Charge"],"picked":"Blood for Blood","floor":1},{"not_picked":["Dark Embrace","Warcry","True Grit"],"picked":"SKIP","floor":2},{"not_picked":["Twin Strike","Havoc"],"picked":"Anger","floor":3},{"not_picked":["Clothesline","Cleave","Sword Boomerang"],"picked":"SKIP","floor":5},{"not_picked":["Metallicize","Sever Soul","Havoc"],"picked":"SKIP","floor":7},{"not_picked":["True Grit","Double Tap"],"picked":"Uppercut","floor":8},{"not_picked":["Searing Blow","Anger","Wild Strike"],"picked":"SKIP","floor":10},{"not_picked":["Disarm","Shockwave"],"picked":"Shrug It Off","floor":13},{"not_picked":["Flame Barrier","Berserk"],"picked":"Burning Pact","floor":14},{"not_picked":["Demon Form","Barricade"],"picked":"Immolate","floor":16},{"not_picked":["Body Slam","Shrug It Off"],"picked":"Armaments+1","floor":18},{"not_picked":["Havoc","Flex","Blood for Blood"],"picked":"SKIP","floor":20},{"not_picked":["Inflame+1","Armaments","Blood for Blood"],"picked":"SKIP","floor":21},{"not_picked":["Pommel Strike","Wild Strike"],"picked":"Bludgeon","floor":27}],"player_experience":726696,"relics_obtained":[{"floor":7,"key":"Art of War"},{"floor":9,"key":"Peace Pipe"},{"floor":10,"key":"Mercury Hourglass"},{"floor":14,"key":"StoneCalendar"},{"floor":26,"key":"Gremlin Horn"},{"floor":27,"key":"Old Coin"}],"event_choices":[{"damage_healed":0,"gold_gain":0,"player_choice":"1 cards matched","damage_taken":0,"max_hp_gain":0,"max_hp_loss":0,"event_name":"Match and Keep!","floor":4,"gold_loss":0,"cards_obtained":["Shockwave"]},{"damage_healed":0,"gold_gain":0,"player_choice":"Entered Light","damage_taken":23,"max_hp_gain":0,"max_hp_loss":0,"event_name":"Shining Light","floor":11,"gold_loss":0,"cards_upgraded":["Strike_R","Defend_R"]},{"damage_healed":0,"gold_gain":0,"player_choice":"Shed Blood","damage_taken":26,"max_hp_gain":5,"max_hp_loss":0,"event_name":"Forgotten Altar","floor":24,"gold_loss":0}],"is_beta":false,"boss_relics":[{"not_picked":["Tiny House","Ectoplasm"],"picked":"SacredBark"}],"items_purged_floors":[12,19],"is_endless":false,"potions_floor_spawned":[1,3,8,10,13,14,22],"killed_by":"Snake Plant","ascension_level":20}}