{"host":"ut3q8wc68upnfjmc","time":1614440467,"event":{"mods":["BaseMod","Colored Map","Colored Powertips","Downfall","Minty Spire (QoL Compilation)","StSLib","Unceasing Turn Reminder"],"gold_per_floor":[119,44,44,57,74,107,123,123,123,138,138,156,1,45,45,165,165,180,10,33,9,9,50,50,50,50],"floor_reached":25,"language":"ENG","playtime":2234,"items_purged":["Strike_B"],"score":295,"play_id":"8da63619-6f57-4639-9c2a-ced5e39a0707","local_time":"20210227094107","is_ascension_mode":true,"campfire_choices":[{"data":"Streamline","floor":15,"key":"SMITH"},{"data":"Streamline","floor":24,"key":"SMITH"}],"circlet_count":0,"master_deck":["Strike_B","Strike_B+1","Strike_B","Defend_B","Defend_B","Defend_B","Defend_B","Zap","Dualcast","Streamline+1","Hologram","Rebound","Self Repair","Doom and Gloom+1","Streamline+1","Coolheaded","Reboot","All For One","Coolheaded","Beam Cell","Beam Cell","Steam"],"relics":["FrozenCore","Meat on the Bone","Gremlin Horn","Golden Idol","Bottled Flame","InkBottle","Whetstone","Vajra","Centennial Puzzle","MutagenicStrength","Du-Vu Doll"],"acts_visited":["Exordium","TheCity"],"potions_floor_usage":[5,14,16,18],"damage_taken":[{"damage":0,"enemies":"Cultist","floor":1,"turns":2},{"damage":0,"enemies":"2 Louse","floor":4,"turns":2},{"damage":8,"enemies":"Jaw Worm","floor":5,"turns":3},{"damage":29,"enemies":"3 Sentries","floor":6,"turns":6},{"damage":10,"enemies":"Looter","floor":7,"turns":3},{"damage":14,"enemies":"Blue Slaver","floor":10,"turns":3},{"damage":16,"enemies":"Red Slaver","floor":12,"turns":3},{"damage":23,"enemies":"Lagavulin","floor":14,"turns":4},{"damage":0,"enemies":"Slime Boss","floor":16,"turns":7},{"damage":21,"enemies":"3 Byrds","floor":18,"turns":5},{"damage":1,"enemies":"Spheric Guardian","floor":20,"turns":3},{"damage":10,"enemies":"Slavers","floor":23,"turns":5},{"damage":59,"enemies":"Book of Stabbing","floor":25,"turns":7}],"seed_played":"-120905050019518669","potions_obtained":[{"floor":1,"key":"Swift Potion"},{"floor":10,"key":"FearPotion"},{"floor":12,"key":"Energy Potion"},{"floor":14,"key":"Strength Potion"},{"floor":16,"key":"SteroidPotion"}],"is_trial":false,"path_per_floor":["M","$","T","M","M","E","M","?","T","M","?","M","$","E","R","B",null,"M","$","M","$","?","E","R","E"],"character_chosen":"DEFECT","items_purchased":["Whetstone","Centennial Puzzle","Coolheaded","Beam Cell"],"campfire_rested":0,"item_purchase_floors":[13,19,19,21],"current_hp_per_floor":[75,75,75,75,67,45,54,36,36,41,41,44,44,40,40,47,75,61,61,60,60,60,57,57,0,0],"gold":50,"neow_bonus":"THREE_CARDS","is_daily":false,"chose_seed":false,"campfire_upgraded":2,"win_rate":0.0,"timestamp":1614440467,"path_taken":["M","$","?","M","M","E","M","?","T","M","?","?","$","E","R","BOSS","M","$","M","?","?","E","R","E"],"items_purchased_type":["Relic","Relic","Card","Card"],"build_version":"2020-12-22","purchased_purges":1,"victory":false,"max_hp_per_floor":[75,75,75,75,75,75,75,75,75,75,75,75,75,75,75,75,75,75,75,75,75,75,75,75,75,75],"card_choices":[{"not_picked":["Steam","Turbo"],"picked":"Streamline","floor":0},{"not_picked":["Force Field","Gash"],"picked":"Hologram","floor":1},{"not_picked":["Reprogram","Turbo"],"picked":"Rebound","floor":4},{"not_picked":["Scrape","Ball Lightning"],"picked":"Self Repair","floor":5},{"not_picked":["Conserve Battery","Fusion"],"picked":"Doom and Gloom","floor":6},{"not_picked":["Turbo","Loop"],"picked":"Streamline","floor":7},{"not_picked":["Steam","Rebound","Chaos"],"picked":"SKIP","floor":10},{"not_picked":["Ball Lightning","Defragment"],"picked":"Coolheaded","floor":12},{"not_picked":["Compile Driver","Cold Snap"],"picked":"Reboot","floor":14},{"not_picked":["Creative AI","Thunder Strike"],"picked":"All For One","floor":16},{"not_picked":["Darkness","Compile Driver","Cold Snap+1"],"picked":"SKIP","floor":18},{"not_picked":["Compile Driver+1","Lockon"],"picked":"Beam Cell","floor":20},{"not_picked":["Gash","Hello World+1"],"picked":"Steam","floor":23}],"player_experience":88507,"relics_obtained":[{"floor":3,"key":"Meat on the Bone"},{"floor":6,"key":"Gremlin Horn"},{"floor":9,"key":"Bottled Flame"},{"floor":14,"key":"Vajra"},{"floor":23,"key":"Du-Vu Doll"}],"event_choices":[{"damage_healed":0,"gold_gain":0,"player_choice":"Take Damage","damage_taken":18,"relics_obtained":["Golden Idol"],"max_hp_gain":0,"max_hp_loss":0,"event_name":"Golden Idol","floor":8,"gold_loss":0},{"damage_healed":0,"gold_gain":0,"player_choice":"Gave Potion","damage_taken":0,"relics_obtained":["InkBottle"],"max_hp_gain":0,"max_hp_loss":0,"event_name":"WeMeetAgain","floor":11,"gold_loss":0},{"damage_healed":0,"gold_gain":0,"player_choice":"Inject Mutagens","damage_taken":0,"relics_obtained":["MutagenicStrength"],"max_hp_gain":0,"max_hp_loss":0,"event_name":"Drug Dealer","floor":22,"gold_loss":0}],"is_beta":false,"boss_relics":[{"not_picked":["Sozu","Inserter"],"picked":"FrozenCore"}],"items_purged_floors":[2],"is_endless":false,"potions_floor_spawned":[1,10,12,14,16],"killed_by":"Book of Stabbing","ascension_level":1}}