{"host":"gzz35fplm60aw28t","time":1614452086,"event":{"mods":["AchievementEnabler","BaseMod","ChefMod","Colored Powertips","Dark Map","DeckTracker","Minty Spire (QoL Compilation)","StSLib","SuperFastMode"],"gold_per_floor":[117,117,42,117,117,142,142,142,142],"floor_reached":8,"language":"ENG","playtime":382,"items_purged":["chefmod:Strike"],"score":55,"play_id":"ded67daa-1b63-4948-a6cb-7ce752ffd9ff","local_time":"20210227195446","is_ascension_mode":true,"campfire_choices":[{"data":"chefmod:FreezerBurn","floor":7,"key":"SMITH"}],"circlet_count":0,"master_deck":["chefmod:Strike","chefmod:Strike","chefmod:Strike","chefmod:QuickThaw","chefmod:Defend","chefmod:Defend","chefmod:Defend","chefmod:Defend","chefmod:TodaysSpecial","chefmod:Granita","chefmod:HotSoup","chefmod:FreezerBurn+1"],"relics":["chefmod:TrustyPot","Shovel","Shuriken","Letter Opener"],"acts_visited":["Exordium"],"potions_floor_usage":[],"damage_taken":[{"damage":0,"enemies":"2 Louse","floor":1,"turns":3},{"damage":33,"enemies":"3 Sentries","floor":6,"turns":9},{"damage":47,"enemies":"Gremlin Nob","floor":8,"turns":4}],"seed_played":"-5622475659026248107","potions_obtained":[{"floor":1,"key":"SmokeBomb"},{"floor":6,"key":"PowerPotion"}],"is_trial":false,"path_per_floor":["M","?","$","?","T","E","R","E"],"character_chosen":"THE_CHEF","items_purchased":[],"campfire_rested":0,"item_purchase_floors":[],"current_hp_per_floor":[69,69,69,58,58,25,25,0,0],"gold":142,"neow_bonus":"ONE_RARE_RELIC","is_daily":false,"chose_seed":false,"campfire_upgraded":1,"win_rate":0.0,"timestamp":1614452086,"path_taken":["M","?","?","?","?","E","R","E"],"items_purchased_type":[],"build_version":"2020-12-22","purchased_purges":1,"victory":false,"max_hp_per_floor":[69,69,69,69,69,69,69,69,69],"card_choices":[{"not_picked":["chefmod:FreezeSolid","chefmod:ZaruSoba"],"picked":"chefmod:Granita","floor":1},{"not_picked":["chefmod:Granita","chefmod:RisingDough"],"picked":"chefmod:FreezerBurn","floor":6}],"player_experience":108577,"relics_obtained":[{"floor":5,"key":"Shuriken"},{"floor":6,"key":"Letter Opener"}],"event_choices":[{"damage_healed":0,"gold_gain":0,"player_choice":"1 cards matched","damage_taken":0,"max_hp_gain":0,"max_hp_loss":0,"event_name":"Match and Keep!","floor":2,"gold_loss":0,"cards_obtained":["chefmod:HotSoup"]},{"damage_healed":0,"gold_gain":75,"player_choice":"Gather Gold","damage_taken":11,"max_hp_gain":0,"max_hp_loss":0,"event_name":"World of Goop","floor":4,"gold_loss":0}],"is_beta":false,"boss_relics":[],"items_purged_floors":[3],"is_endless":false,"potions_floor_spawned":[1,6],"killed_by":"Gremlin Nob","ascension_level":1}}