{"host":"17xjy7b7ubl548g2","time":1614400019,"event":{"mods":["2.2 Compatiblity","Act Like it!","Aspiration","Astrologer","Bard","BaseMod","Challenge The Spire","ChefMod","Colored Map","Colored Powertips","Conspire","Elementarium","Energized Spire","Friendly Minions","Gensokyo","GifTheSpireLib","Halation","Hallownest","Hermit","Hubris","Infinite Spire","Jedi Mod","Jorbs\u0027s Wanderer Trilogy","Marisa（霧雨　魔理沙）","Marked Mod","Menagerie","Minty Spire (QoL Compilation)","Permanent Neow","Reliquary","Replay The Spire","Robot Space Explorer","Ruina","Shapeshifter Mod","Spicy Shops","Spire Arcade","StSLib","Stuff the Spire","The Blue Laboratory","The Bug Knight","The Construct","The Disciple","The Hayseed","The Hierophant","The Marked","The Mystic","The Runesmith","The Sage","TheFirefly"],"gold_per_floor":[102,102,102,100,29,29,65,65,65,83,96,129,129,144,144,192,142,158,458,101,122,139,139,184,184,184,184,187,208,204,235,235,306,306,304,304,304,29,206,202,202,122,122,122,122,50,50,50,50,16],"floor_reached":51,"language":"ENG","playtime":6104,"items_purged":["jedi:BattleThirst","hierophant:Strike_Hierophant","hierophant:Strike_Hierophant","hierophant:Strike_Hierophant","hierophant:Strike_Hierophant"],"score":1226,"play_id":"360cae9f-55b8-40b7-8f53-40e4f3ec5a01","local_time":"20210226232659","is_ascension_mode":true,"campfire_choices":[{"data":"hierophant:ChurchCoffers","floor":6,"key":"SMITH"},{"data":"hierophant:Punish","floor":8,"key":"SMITH"},{"data":"hierophant:Smite","floor":13,"key":"SMITH"},{"data":"hierophant:Smite","floor":15,"key":"SMITH"},{"data":"hierophant:Levitation","floor":23,"key":"SMITH"},{"data":"hierophant:MorningPrayer","floor":25,"key":"SMITH"},{"data":"hierophant:OrnateBuckler","floor":27,"key":"SMITH"},{"data":"hierophant:PassingBell","floor":32,"key":"SMITH"},{"data":"infinitespire:Punishment","floor":41,"key":"SMITH"},{"data":"Hallownest:attackMasterDashSlash","floor":44,"key":"SMITH"},{"data":"FTL","floor":49,"key":"SMITH"}],"circlet_count":0,"master_deck":["AscendersBane","hierophant:Punish+1","hierophant:Defend_Hierophant","hierophant:Defend_Hierophant","hierophant:Defend_Hierophant","hierophant:Defend_Hierophant","hierophant:ChurchCoffers+1","hierophant:OrnateBuckler+1","FTL+1","hierophant:Smite+1","hierophant:MorningPrayer+1","hierophant:Smite+1","LockedBlood+1","hierophant:OrnateBuckler","hierophant:Levitation+1","LockedFlame+1","hierophant:RepressedViolence+1","ReplayTheSpireMod:Brewmster+1","hierophant:Doubloon","hierophant:Dazzle+1","hierophant:Blessing+1","hierophant:Exaltation","hierophant:PassingBell+1","hierophant:PassingBell+1","infinitespire:Punishment+1","ReplayUltimateDefense+1","hierophant:PristineSoul","Hallownest:attackMasterDashSlash+1","hierophant:OrnateBuckler+1","hierophant:SealAway+1"],"relics":["hierophant:PropheticMaskRelic","aspiration:Nostalgia","m_MercuryCore","hubris:Towel","halation:EternalFortune","Unceasing Top","Bottled Lightning","hubris:BottledRain","Frozen Egg 2","energizedSpire:HugeHouse","Old Coin","Singing Bowl","StuffTheSpire:DarkSteelAnvil","Prayer Wheel","Du-Vu Doll","Hallownest:KingsIdolRelic","jedi:ominousloannote","Membership Card","reliquary:BoilingFlask","ReplayFunnel","Bag of Preparation","StuffTheSpire:Rhapsscallions"],"acts_visited":["Exordium","Hallownest:Greenpath","Hallownest:CityofTears"],"potions_floor_usage":[7,16,21,21,22,22,24,24,24,24,24,24,28,28,28,30,31,33,33,33,33,33,33,35,35,35,35,40,40,40,47,48,50,50,50,50,50,50],"damage_taken":[{"damage":0,"enemies":"Hallownest:monsterHuskWarrior","floor":1,"turns":2},{"damage":22,"enemies":"conspire:MimicChest","floor":4,"turns":6},{"damage":7,"enemies":"Hallownest:eliteVengeflyKing","floor":7,"turns":5},{"damage":0,"enemies":"Hallownest:monsterHuskGuard","floor":10,"turns":3},{"damage":0,"enemies":"Hallownest:2_Baldur","floor":11,"turns":2},{"damage":0,"enemies":"Hallownest:eliteMossKnight","floor":12,"turns":4},{"damage":0,"enemies":"Hallownest:Guard_and_Warrior","floor":14,"turns":2},{"damage":46,"enemies":"Hallownest:BossHornet","floor":16,"turns":13},{"damage":0,"enemies":"Hallownest:Flukemon_and_Top","floor":18,"turns":4},{"damage":3,"enemies":"Hallownest:2_Mistakes","floor":21,"turns":4},{"damage":7,"enemies":"Hallownest:monsterShrumalOgre","floor":22,"turns":4},{"damage":1,"enemies":"Nightmare","floor":24,"turns":7},{"damage":6,"enemies":"Hallownest:eliteSoulWarrior","floor":28,"turns":8},{"damage":2,"enemies":"Hallownest:Warrior_and_Youth","floor":29,"turns":7},{"damage":2,"enemies":"Hallownest:3_Mistakes","floor":30,"turns":5},{"damage":0,"enemies":"Hallownest:monsterShrumalOgre","floor":31,"turns":3},{"damage":36,"enemies":"Hallownest:BossSoulMaster","floor":33,"turns":9},{"damage":19,"enemies":"Hallownest:3_Siblings","floor":35,"turns":8},{"damage":11,"enemies":"Hallownest:StalkingDevout","floor":40,"turns":9},{"damage":0,"enemies":"Hallownest:Shield_Heavy","floor":45,"turns":3},{"damage":0,"enemies":"Hallownest:2_Wing_and_1_Kings","floor":47,"turns":6},{"damage":11,"enemies":"Hallownest:eliteHiveKnight","floor":48,"turns":9},{"damage":0,"enemies":"Hallownest:Radiance","floor":50,"turns":10}],"seed_played":"-7511847324706984649","potions_obtained":[{"floor":4,"key":"Energy Potion"},{"floor":10,"key":"SpeedPotion"},{"floor":14,"key":"Explosive Potion"},{"floor":16,"key":"SkillPotion"},{"floor":18,"key":"Swift Potion"},{"floor":22,"key":"AttackPotion"},{"floor":31,"key":"blueLaboratory:CorrosionFlask"}],"is_trial":false,"path_per_floor":["M","?","?","?","$","R","E","R","T","M","M","E","R","M","R","B",null,"M","?","$","M","M","R","NM","R","T","R","E","M","M","M","R","B",null,"M","AVR","?","$","$","E","R","?","T","R","M","$","M","E","R","B",null],"character_chosen":"HIEROPHANT","items_purchased":["FTL","ReplayTheSpireMod:Brewmster+1","jedi:ominousloannote","Membership Card","ReplayUltimateDefense+1","Bag of Preparation"],"campfire_rested":0,"item_purchase_floors":[5,20,39,39,39,46],"current_hp_per_floor":[68,68,71,49,49,49,42,42,42,42,42,42,42,42,42,5,56,59,59,59,62,65,65,75,75,75,75,77,75,77,83,83,65,80,71,71,71,71,71,76,76,76,76,76,78,78,92,88,88,95],"gold":16,"neow_bonus":"NOSTALGIA","is_daily":false,"chose_seed":false,"campfire_upgraded":11,"win_rate":0.0,"timestamp":1614400019,"path_taken":["M","?","?","?","$","R","E","R","T","M","M","E","R","M","R","BOSS","M","?","$","M","M","R","NM","R","T","R","E","M","?","?","R","BOSS","M","AVR","?","?","$","E","R","?","T","R","?","$","M","E","R","BOSS"],"items_purchased_type":["Card","Card","Relic","Relic","Card","Relic"],"build_version":"2020-12-22","purchased_purges":5,"victory":true,"max_hp_per_floor":[75,75,78,78,78,78,78,78,78,78,78,78,78,78,78,78,73,73,73,73,73,73,73,75,75,75,75,77,77,81,83,83,85,85,87,87,87,87,87,87,87,87,87,87,89,89,93,95,95,95],"card_choices":[{"not_picked":["hierophant:Empathy","LockedScales"],"picked":"hierophant:OrnateBuckler","floor":1},{"not_picked":["hierophant:Bribe","hierophant:SolarFlare"],"picked":"hierophant:HolyVerse","floor":4},{"not_picked":["hierophant:Empathy","hierophant:SolarFlare"],"picked":"hierophant:Smite","floor":7},{"not_picked":["hierophant:AuricBeam","hierophant:Remorse"],"picked":"hierophant:MorningPrayer","floor":10},{"not_picked":["hierophant:HolyVerse","hierophant:AuricBeam"],"picked":"hierophant:Smite","floor":11},{"not_picked":["hierophant:Cornucopia","hierophant:HammerAndAnvil"],"picked":"LockedBlood+1","floor":12},{"not_picked":["hierophant:DisplayOfPower","hierophant:ThreeLashes"],"picked":"hierophant:OrnateBuckler","floor":14},{"not_picked":["hierophant:LocustPlague","hierophant:Invocation"],"picked":"hierophant:Levitation","floor":16},{"not_picked":["hierophant:Patience","hierophant:TollTheBells"],"picked":"hierophant:RepressedViolence+1","floor":18},{"not_picked":["hierophant:FlamingChariot","hierophant:HolyVerse+1"],"picked":"hierophant:Dazzle+1","floor":21},{"not_picked":["hierophant:Chorus","hierophant:FlamingChariot"],"picked":"hierophant:Blessing+1","floor":22},{"not_picked":["hierophant:AuricBeam+1","hierophant:FaithHealing","hierophant:Martyrdom+1"],"picked":"Singing Bowl","floor":24},{"not_picked":["hierophant:Mercenaries","hierophant:DisplayOfPower","hierophant:Remorse+1"],"picked":"Singing Bowl","floor":28},{"not_picked":["hierophant:Racketeering+1","hierophant:Determination+1"],"picked":"hierophant:Exaltation","floor":29},{"not_picked":["hierophant:FlamingChariot","hierophant:Purify","hierophant:SealAway"],"picked":"SKIP","floor":29},{"not_picked":["hierophant:SecretStash+1","hierophant:RepressedViolence+1","hierophant:SolarFlare"],"picked":"Singing Bowl","floor":30},{"not_picked":["hierophant:MorningPrayer","hierophant:FlamingChariot","hierophant:AuricForm+1"],"picked":"Singing Bowl","floor":30},{"not_picked":["hierophant:Rebuild","hierophant:CursedGold+1","hierophant:HammerAndAnvil"],"picked":"Singing Bowl","floor":31},{"not_picked":["hierophant:ArchangelShield+1","hierophant:Purify"],"picked":"hierophant:PassingBell","floor":31},{"not_picked":["hierophant:DivineIntervention","hierophant:DeathKnell","hierophant:Determination+1"],"picked":"Singing Bowl","floor":33},{"not_picked":["hierophant:MorningPrayer","hierophant:Prophecy","hierophant:Patience"],"picked":"Singing Bowl","floor":35},{"not_picked":["hierophant:MorningPrayer","hierophant:Encroach"],"picked":"hierophant:PassingBell+1","floor":35},{"not_picked":["hierophant:Martyrdom+1","hierophant:AuricBeam"],"picked":"hierophant:PristineSoul","floor":40},{"not_picked":["hierophant:HammerAndAnvil","hierophant:ConvertCurrency"],"picked":"hierophant:OrnateBuckler+1","floor":45},{"not_picked":["hierophant:MorningPrayer","hierophant:Purify+1","hierophant:FaithHealing+1"],"picked":"Singing Bowl","floor":45},{"not_picked":["hierophant:Refuge+1","hierophant:AuricForm+1","hierophant:Patience"],"picked":"Singing Bowl","floor":47},{"not_picked":["hierophant:Embezzle","hierophant:Flagellation","hierophant:OrnateBuckler"],"picked":"Singing Bowl","floor":47},{"not_picked":["hierophant:Levitation","hierophant:Shelter"],"picked":"hierophant:SealAway+1","floor":48}],"player_experience":2290889,"relics_obtained":[{"floor":4,"key":"Unceasing Top"},{"floor":7,"key":"Bottled Lightning"},{"floor":9,"key":"hubris:BottledRain"},{"floor":12,"key":"Frozen Egg 2"},{"floor":24,"key":"Singing Bowl"},{"floor":26,"key":"StuffTheSpire:DarkSteelAnvil"},{"floor":28,"key":"Prayer Wheel"},{"floor":40,"key":"reliquary:BoilingFlask"},{"floor":43,"key":"ReplayFunnel"},{"floor":48,"key":"StuffTheSpire:Rhapsscallions"}],"event_choices":[],"is_beta":false,"boss_relics":[{"not_picked":["StuffTheSpire:Kangaroo","Snecko Heart"],"picked":"energizedSpire:HugeHouse"},{"not_picked":["Honey Jar","halation:PlatinumPhoenix","reliquary:KinkedSpring"]}],"items_purged_floors":[20,20,36,38,38],"is_endless":false,"potions_floor_spawned":[4,10,14,16,18,22,31,40],"ascension_level":11}}