{"host":"or8fr2mp0k3eluj8","time":1614439940,"event":{"mods":["AchievementEnabler","BaseMod","Colored Map","DeckTracker","Keyboard Shortcuts","Minty Spire (QoL Compilation)","StSLib","SuperFastMode","everything is the same but u backflip on backflip"],"gold_per_floor":[119,119,138,138,88,115,115,143,168,184,184,184,211,228,228,325,375,393,413,328,20,38,67,67,80,107,118,138,138,138,158,158,262,262,278,278,295,345,345,345,373,393,462,268,318,330,290,290,290],"floor_reached":48,"language":"KOR","playtime":1393,"items_purged":["Strike_G","Strike_G+1"],"score":681,"play_id":"af9177b3-f9de-4aa9-886f-a1ba4b2d9ee3","local_time":"20210228003220","is_ascension_mode":true,"campfire_choices":[{"data":"Dagger Spray","floor":7.0,"key":"SMITH"},{"data":"Bouncing Flask","floor":12,"key":"SMITH"},{"floor":15,"key":"REST"},{"floor":24,"key":"REST"},{"floor":29,"key":"REST"},{"floor":32,"key":"REST"},{"floor":40,"key":"REST"}],"circlet_count":0,"master_deck":["Strike_G+1","Strike_G+1","Defend_G+1","Defend_G+1","Defend_G+1","Defend_G+1","Defend_G+1","Survivor","Neutralize+1","PiercingWail","Dagger Spray+1","Riddle With Holes+1","Bouncing Flask+1","Backflip","Backstab","Escape Plan","Crippling Poison+1","Acrobatics","Noxious Fumes","Quick Slash+1","Footwork","Adrenaline+1","Poisoned Stab+1","Distraction+1","Acrobatics","Reflex+1","Leg Sweep+1"],"relics":["Ring of the Snake","NeowsBlessing","Bag of Marbles","Smiling Mask","Bronze Scales","StoneCalendar","Tiny House","Pear","Paper Crane","Tingsha","Omamori","HoveringKite","Gambling Chip","Question Card","Lantern","TungstenRod"],"acts_visited":["Exordium","TheCity","TheBeyond"],"potions_floor_usage":[8,13,23,28,33,33,41,45],"damage_taken":[{"damage":0.0,"enemies":"Jaw Worm","floor":1.0,"turns":1.0},{"damage":0.0,"enemies":"2 Louse","floor":3.0,"turns":1.0},{"damage":0.0,"enemies":"3 Sentries","floor":6.0,"turns":1.0},{"damage":30,"enemies":"Lagavulin","floor":8,"turns":5},{"damage":0,"enemies":"Small Slimes","floor":10,"turns":2},{"damage":13,"enemies":"Gremlin Nob","floor":13,"turns":3},{"damage":4,"enemies":"3 Louse","floor":14,"turns":2},{"damage":9,"enemies":"Hexaghost","floor":16,"turns":7},{"damage":13,"enemies":"3 Byrds","floor":18,"turns":3},{"damage":11,"enemies":"2 Thieves","floor":19,"turns":3},{"damage":19,"enemies":"Sentry and Sphere","floor":22,"turns":4},{"damage":28,"enemies":"Gremlin Leader","floor":23,"turns":6},{"damage":10,"enemies":"3 Cultists","floor":25,"turns":4},{"damage":22,"enemies":"Centurion and Healer","floor":27,"turns":6},{"damage":0,"enemies":"Snake Plant","floor":28,"turns":3},{"damage":9,"enemies":"Cultist and Chosen","floor":31,"turns":5},{"damage":41,"enemies":"Champ","floor":33,"turns":12},{"damage":26,"enemies":"3 Darklings","floor":35,"turns":6},{"damage":16,"enemies":"Orb Walker","floor":37,"turns":3},{"damage":0,"enemies":"Mind Bloom Boss Battle","floor":38,"turns":6},{"damage":30,"enemies":"Reptomancer","floor":41,"turns":7},{"damage":15,"enemies":"Writhing Mass","floor":42,"turns":5},{"damage":8,"enemies":"2 Orb Walkers","floor":45,"turns":5},{"damage":0,"enemies":"4 Shapes","floor":46,"turns":3},{"damage":5,"enemies":"Sphere and 2 Shapes","floor":48,"turns":2}],"seed_played":"-1541082395358109119","potions_obtained":[{"floor":3.0,"key":"PowerPotion"},{"floor":6.0,"key":"Poison Potion"},{"floor":16,"key":"Block Potion"},{"floor":17,"key":"Block Potion"},{"floor":19,"key":"Weak Potion"},{"floor":28,"key":"PowerPotion"},{"floor":31,"key":"Swift Potion"},{"floor":35,"key":"Explosive Potion"}],"is_trial":false,"path_per_floor":["M","?","M","?","?","E","R","E","T","M","?","R","E","M","R","B",null,"M","M","?","$","M","E","R","M","T","M","M","R","?","M","R","B",null,"M","?","M","?","?","R","E","M","T","$","?","M","?","M"],"character_chosen":"THE_SILENT","items_purchased":["Paper Crane","Lantern"],"campfire_rested":5,"item_purchase_floors":[21,44],"current_hp_per_floor":[70,70,70,70,70,70,70,40,40,40,45,45,32,28,50,41,72,59,48,58,58,39,11,38,28,28,6,6,33,33,24,51,10,70,44,44,28,28,28,55,25,10,10,10,2,2,2,0,0],"gold":290,"neow_bonus":"THREE_ENEMY_KILL","is_daily":false,"chose_seed":false,"campfire_upgraded":2,"win_rate":0.0,"timestamp":1614439940,"path_taken":["M","?","M","?","?","E","R","E","T","M","?","R","E","M","R","BOSS","M","M","?","$","M","E","R","M","T","M","M","R","?","M","R","BOSS","M","?","M","?","?","R","E","M","T","$","?","?","?","?"],"items_purchased_type":["Relic","Relic"],"build_version":"2020-12-22","purchased_purges":2,"victory":false,"max_hp_per_floor":[70,70,70,70,70,70,70,70,70,70,75,75,75,75,75,75,80,80,80,90,90,90,90,90,90,90,90,90,90,90,90,90,90,90,90,90,90,90,90,90,90,90,90,90,90,90,90,90,90],"card_choices":[{"not_picked":["Prepared","Deflect"],"picked":"PiercingWail","floor":1.0},{"not_picked":["Infinite Blades","Tactician"],"picked":"Dagger Spray","floor":3.0},{"not_picked":["Heel Hook","Concentrate"],"picked":"Riddle With Holes","floor":6.0},{"not_picked":["Dagger Spray","Outmaneuver"],"picked":"Bouncing Flask","floor":8},{"not_picked":["Outmaneuver","Poisoned Stab"],"picked":"Backflip","floor":10},{"not_picked":["Bane","Sucker Punch"],"picked":"Backstab","floor":13},{"not_picked":["PiercingWail","Prepared","Slice"],"picked":"SKIP","floor":14},{"not_picked":["Dagger Throw","Deflect"],"picked":"Escape Plan","floor":17},{"not_picked":["Blur","Deadly Poison"],"picked":"Crippling Poison+1","floor":18},{"not_picked":["Infinite Blades","PiercingWail+1"],"picked":"Acrobatics","floor":19},{"not_picked":["Crippling Poison","Distraction"],"picked":"Noxious Fumes","floor":22},{"not_picked":["Crippling Poison","Eviscerate"],"picked":"Quick Slash+1","floor":23},{"not_picked":["Choke+1","Masterful Stab","Blade Dance"],"picked":"SKIP","floor":25},{"not_picked":["Dagger Throw","Dash","Accuracy"],"picked":"SKIP","floor":27},{"not_picked":["Calculated Gamble","Choke"],"picked":"Footwork","floor":28},{"not_picked":["PiercingWail","Sucker Punch+1","Calculated Gamble"],"picked":"SKIP","floor":31},{"not_picked":["Glass Knife","Phantasmal Killer"],"picked":"Adrenaline","floor":33},{"not_picked":["Crippling Poison+1","Expertise+1","Dagger Spray"],"picked":"SKIP","floor":35},{"not_picked":["Poisoned Stab","Underhanded Strike+1","Outmaneuver"],"picked":"SKIP","floor":37},{"not_picked":["Deadly Poison","Finisher+1"],"picked":"Poisoned Stab+1","floor":38},{"not_picked":["Sucker Punch+1","Cloak And Dagger"],"picked":"Distraction+1","floor":41},{"not_picked":["Underhanded Strike+1","Poisoned Stab","Catalyst"],"picked":"Acrobatics","floor":42},{"not_picked":["Crippling Poison+1","Poisoned Stab","Tools of the Trade"],"picked":"Reflex+1","floor":45},{"not_picked":["Dagger Throw","Quick Slash+1","Acrobatics+1"],"picked":"Leg Sweep+1","floor":46}],"player_experience":499593,"relics_obtained":[{"floor":6.0,"key":"Bag of Marbles"},{"floor":8,"key":"Smiling Mask"},{"floor":9,"key":"Bronze Scales"},{"floor":13,"key":"StoneCalendar"},{"floor":23,"key":"Tingsha"},{"floor":26,"key":"Omamori"},{"floor":38,"key":"Gambling Chip"},{"floor":41,"key":"Question Card"},{"floor":45,"key":"TungstenRod"}],"event_choices":[{"damage_healed":0.0,"max_hp_gain":0.0,"max_hp_loss":0.0,"gold_gain":0.0,"event_name":"Living Wall","player_choice":"Grow","floor":2.0,"gold_loss":0.0,"damage_taken":0.0,"cards_upgraded":["Neutralize"]},{"damage_healed":0.0,"max_hp_gain":0.0,"max_hp_loss":0.0,"gold_gain":0.0,"event_name":"Liars Game","player_choice":"Ignored","floor":4.0,"gold_loss":0.0,"damage_taken":0.0},{"cards_removed":["Strike_G"],"damage_healed":0.0,"max_hp_gain":0.0,"max_hp_loss":0.0,"gold_gain":0.0,"event_name":"The Cleric","player_choice":"Card Removal","floor":5.0,"gold_loss":50.0,"damage_taken":0.0},{"damage_healed":0,"gold_gain":0,"player_choice":"Donut","damage_taken":0,"max_hp_gain":5,"max_hp_loss":0,"event_name":"Big Fish","floor":11,"gold_loss":0},{"damage_healed":0,"gold_gain":0,"player_choice":"Obtained Relic","damage_taken":0,"relics_obtained":["Pear"],"max_hp_gain":0,"max_hp_loss":0,"event_name":"Addict","floor":20,"gold_loss":85},{"damage_healed":0,"gold_gain":0,"player_choice":"Simplicity","damage_taken":0,"max_hp_gain":0,"max_hp_loss":0,"event_name":"Back to Basics","floor":30,"gold_loss":0,"cards_upgraded":["Strike_G","Strike_G","Strike_G","Defend_G","Defend_G","Defend_G","Defend_G","Defend_G"]},{"damage_healed":0,"gold_gain":0,"player_choice":"Ignored","damage_taken":0,"max_hp_gain":0,"max_hp_loss":0,"event_name":"The Moai Head","floor":36,"gold_loss":0},{"damage_healed":0,"gold_gain":0,"player_choice":"Fight","damage_taken":0,"max_hp_gain":0,"max_hp_loss":0,"event_name":"MindBloom","floor":38,"gold_loss":0},{"damage_healed":0,"gold_gain":0,"player_choice":"Memory 1","damage_taken":0,"max_hp_gain":0,"max_hp_loss":0,"event_name":"SensoryStone","floor":39,"gold_loss":0},{"damage_healed":0,"gold_gain":0,"player_choice":"Fight","damage_taken":0,"max_hp_gain":0,"max_hp_loss":0,"event_name":"Mysterious Sphere","floor":45,"gold_loss":0},{"damage_healed":0,"gold_gain":0,"player_choice":"Upgrade","damage_taken":0,"max_hp_gain":0,"max_hp_loss":0,"event_name":"Designer","floor":47,"gold_loss":40,"cards_upgraded":["Adrenaline"]}],"is_beta":false,"boss_relics":[{"not_picked":["Coffee Dripper","Velvet Choker"],"picked":"Tiny House"},{"not_picked":["SacredBark","Sozu"],"picked":"HoveringKite"}],"items_purged_floors":[21,44],"is_endless":false,"potions_floor_spawned":[3,6,16,19,28,31,35],"killed_by":"Sphere and 2 Shapes","ascension_level":5}}