{"host":"t1puqh5lxz8sp6fn","time":1614454212,"event":{"mods":["AchievementEnabler","BaseMod","Colored Powertips","Minty Spire (QoL Compilation)","Rare Cards Sparkle","Relic Stats","StSLib"],"gold_per_floor":[112,59,59,59,69,69,99,99,99,117,148,148,34,103,103,103,103],"floor_reached":16,"playtime":417,"items_purged":[],"score":236,"play_id":"f2d8a31d-1d8d-4f27-aae8-4281e280154c","local_time":"20210227163012","is_ascension_mode":true,"campfire_choices":[{"data":"Dagger Throw","floor":6,"key":"SMITH"},{"data":"Footwork","floor":8,"key":"SMITH"},{"data":"Deadly Poison","floor":15,"key":"SMITH"}],"circlet_count":0,"master_deck":["AscendersBane","Strike_G","Strike_G+1","Strike_G","Strike_G+1","Defend_G","Defend_G","Defend_G","Defend_G","Defend_G","Survivor","Neutralize","Crippling Poison","Dagger Throw+1","Deflect","Deadly Poison+1","Footwork+1","Dagger Spray","PiercingWail","Quick Slash"],"relics":["Ring of the Snake","NeowsBlessing","Tiny Chest","Gremlin Horn","Nunchaku","Golden Idol","Dream Catcher"],"acts_visited":["Exordium"],"potions_floor_usage":[14],"damage_taken":[{"damage":0,"enemies":"Jaw Worm","floor":1,"turns":1},{"damage":0,"enemies":"Small Slimes","floor":5,"turns":1},{"damage":0,"enemies":"Lagavulin","floor":7,"turns":1},{"damage":0,"enemies":"Cultist","floor":10,"turns":4},{"damage":20,"enemies":"Gremlin Nob","floor":11,"turns":4},{"damage":21,"enemies":"3 Sentries","floor":14,"turns":6},{"damage":20,"enemies":"Hexaghost","floor":16,"turns":11}],"seed_played":"9083789152284514050","potions_obtained":[{"floor":1,"key":"Energy Potion"},{"floor":10,"key":"Weak Potion"},{"floor":11,"key":"Fire Potion"}],"is_trial":false,"path_per_floor":["M","$","?","?","M","R","E","R","T","M","E","?","$","?","R","B"],"character_chosen":"THE_SILENT","items_purchased":["Dagger Throw","FairyPotion"],"campfire_rested":0,"item_purchase_floors":[2,13],"current_hp_per_floor":[59,59,39,39,39,39,39,39,39,39,19,19,19,18,18,0,0],"gold":103,"neow_bonus":"THREE_ENEMY_KILL","is_daily":false,"chose_seed":false,"campfire_upgraded":3,"win_rate":0.0,"timestamp":1614454212,"path_taken":["M","$","?","?","?","R","E","R","T","M","E","?","$","?","R","BOSS"],"items_purchased_type":["Card","Potion"],"build_version":"2020-12-13","purchased_purges":0,"victory":false,"max_hp_per_floor":[66,66,66,66,66,66,66,66,66,66,66,60,60,60,60,60,60],"relic_stats":{"Nunchaku":[2],"Dream Catcher":0,"Gremlin Horn":[2,2],"counters":[7,28],"Golden Idol":20,"Tiny Chest":0,"obtain_stats":[{"Nunchaku":11,"Dream Catcher":14,"NeowsBlessing":0,"Gremlin Horn":9,"Golden Idol":12,"Tiny Chest":7,"Ring of the Snake":0},{"Nunchaku":5,"Dream Catcher":6,"NeowsBlessing":0,"Gremlin Horn":3,"Golden Idol":5,"Tiny Chest":3,"Ring of the Snake":0},{"Nunchaku":11,"Dream Catcher":17,"NeowsBlessing":0,"Gremlin Horn":3,"Golden Idol":11,"Tiny Chest":3,"Ring of the Snake":0}],"Ring of the Snake":[14]},"card_choices":[{"not_picked":["Slice","Dagger Spray"],"picked":"Crippling Poison","floor":1},{"not_picked":["Dagger Spray","Deflect"],"picked":"Deadly Poison","floor":5},{"not_picked":["Choke","Sucker Punch"],"picked":"Footwork","floor":7},{"not_picked":["Dagger Throw","Flying Knee"],"picked":"Dagger Spray","floor":10},{"not_picked":["Blade Dance","Dagger Throw"],"picked":"PiercingWail","floor":11},{"not_picked":["Unload","Dodge and Roll"],"picked":"Quick Slash","floor":14}],"player_experience":557875,"relics_obtained":[{"floor":7,"key":"Tiny Chest"},{"floor":9,"key":"Gremlin Horn"},{"floor":11,"key":"Nunchaku"},{"floor":14,"key":"Dream Catcher"}],"event_choices":[{"damage_healed":0,"gold_gain":0,"player_choice":"Entered Light","damage_taken":20,"max_hp_gain":0,"max_hp_loss":0,"event_name":"Shining Light","floor":3,"gold_loss":0,"cards_upgraded":["Strike_G","Strike_G"]},{"damage_healed":0,"gold_gain":0,"cards_transformed":["Strike_G"],"player_choice":"Transformed","damage_taken":0,"max_hp_gain":0,"max_hp_loss":0,"event_name":"Transmorgrifier","floor":4,"gold_loss":0,"cards_obtained":["Deflect"]},{"damage_healed":0,"gold_gain":0,"player_choice":"Lose Max HP","damage_taken":0,"relics_obtained":["Golden Idol"],"max_hp_gain":0,"max_hp_loss":6,"event_name":"Golden Idol","floor":12,"gold_loss":0},{"damage_healed":0,"gold_gain":0,"player_choice":"Searched \u00272\u0027 times","damage_taken":0,"max_hp_gain":0,"max_hp_loss":0,"event_name":"Dead Adventurer","floor":14,"gold_loss":0}],"is_beta":false,"boss_relics":[],"items_purged_floors":[],"is_endless":false,"potions_floor_spawned":[1,10,11],"killed_by":"Hexaghost","ascension_level":16}}