{"host":"test","time":1614446815,"event":{"mods":["BaseMod","Bestiary","Colored Map","Colored Powertips","Minty Spire (QoL Compilation)","Relic Stats","Slay the Relics Exporter","SpireBot","StSLib","ojb\u0027s Better Paths Mod","ojb\u0027s Info Mod: The sequel"],"gold_per_floor":[111,131,145,145,70,70,96,106,106,131,131,131],"floor_reached":11,"language":"JPN","playtime":463,"items_purged":[],"score":150,"play_id":"54e8b2c5-c22a-4bff-8b8f-c023ea35e3f7","local_time":"20210228022655","is_ascension_mode":true,"campfire_choices":[{"data":"Eviscerate","floor":6,"key":"SMITH"}],"circlet_count":0,"master_deck":["AscendersBane","Strike_G","Strike_G","Strike_G","Strike_G","Defend_G","Defend_G","Defend_G","Defend_G","Survivor","Neutralize","Well Laid Plans","Eviscerate+1","Endless Agony","Underhanded Strike","Deflect","PiercingWail","Dagger Throw"],"relics":["Ring of the Snake","Ancient Tea Set","CeramicFish"],"acts_visited":["Exordium"],"potions_floor_usage":[7,11],"damage_taken":[{"damage":2,"enemies":"Jaw Worm","floor":1,"turns":6},{"damage":7,"enemies":"2 Louse","floor":2,"turns":4},{"damage":0,"enemies":"Cultist","floor":3,"turns":3},{"damage":14,"enemies":"3 Sentries","floor":7,"turns":8},{"damage":5,"enemies":"Looter","floor":8,"turns":3},{"damage":1,"enemies":"Blue Slaver","floor":10,"turns":2},{"damage":46,"enemies":"Gremlin Nob","floor":11,"turns":4}],"seed_played":"-7284425191585387767","potions_obtained":[{"floor":1,"key":"LiquidMemories"},{"floor":7,"key":"Regen Potion"}],"is_trial":false,"path_per_floor":["M","M","M","?","?","R","E","M","T","M","E"],"character_chosen":"THE_SILENT","items_purchased":[],"campfire_rested":0,"item_purchase_floors":[],"current_hp_per_floor":[57,50,50,50,50,50,36,31,31,30,0,0],"gold":131,"neow_bonus":"TRANSFORM_CARD","is_daily":false,"chose_seed":true,"campfire_upgraded":1,"win_rate":0.0,"timestamp":1614446815,"path_taken":["M","M","M","?","?","R","E","M","T","M","E"],"items_purchased_type":[],"build_version":"2020-12-18","purchased_purges":0,"victory":false,"max_hp_per_floor":[66,66,66,66,66,66,66,66,66,66,66,66],"relic_stats":{"counters":[7,30],"CeramicFish":9,"obtain_stats":[{"CeramicFish":9,"Ancient Tea Set":7,"Ring of the Snake":0},{"CeramicFish":5,"Ancient Tea Set":4,"Ring of the Snake":0},{"CeramicFish":24,"Ancient Tea Set":21,"Ring of the Snake":0}],"Ring of the Snake":[15]},"card_choices":[{"not_picked":["Prepared","Poisoned Stab"],"picked":"Eviscerate","floor":1},{"not_picked":["Underhanded Strike","Riddle With Holes"],"picked":"Endless Agony","floor":2},{"not_picked":["Eviscerate","Dodge and Roll"],"picked":"Underhanded Strike","floor":3},{"not_picked":["Outmaneuver","Riddle With Holes"],"picked":"Deflect","floor":7},{"not_picked":["Dodge and Roll","A Thousand Cuts"],"picked":"PiercingWail","floor":8},{"not_picked":["Deflect","Acrobatics"],"picked":"Dagger Throw","floor":10}],"player_experience":2154784,"relics_obtained":[{"floor":7,"key":"Ancient Tea Set"},{"floor":9,"key":"CeramicFish"}],"event_choices":[{"damage_healed":0,"gold_gain":0,"player_choice":"Ignored","damage_taken":0,"max_hp_gain":0,"max_hp_loss":0,"event_name":"Liars Game","floor":4,"gold_loss":0},{"cards_removed":["Strike_G"],"damage_healed":0,"gold_gain":0,"player_choice":"Card Removal","damage_taken":0,"max_hp_gain":0,"max_hp_loss":0,"event_name":"The Cleric","floor":5,"gold_loss":75}],"is_beta":true,"boss_relics":[],"items_purged_floors":[],"is_endless":false,"potions_floor_spawned":[1,7],"killed_by":"Gremlin Nob","ascension_level":20}}