{"host":"y4fuci1jk2rsxnep","time":1614451113,"event":{"mods":["AchievementEnabler","BaseMod","Colored Powertips","Custom Start","Defuse TimeMaze Blight","Dio Mod","Downfall","Hermit","Hero for Fun","Hubris","Hunter ??","Infinite Spire","Minty Spire (QoL Compilation)","Quick Restart","Reliquary","Remove Card Discount Mod","Replay The Spire","StSLib","The Blackbeard","The Bug Knight","The Mystic","The Runesmith"],"gold_per_floor":[109,109,129,15,15,15,46,56,56,56,75,106,186,261,261,363,363,377,377,392,402,418,418,428,428,428,428,455,455,455,471,471,471,471],"floor_reached":33,"language":"ENG","playtime":2068,"items_purged":[],"score":360,"play_id":"b9fee9be-9a08-4091-9204-f9f03210e1d8","local_time":"20210227193833","is_ascension_mode":true,"campfire_choices":[{"data":"hermit:GhostlyPresence","floor":6,"key":"SMITH"},{"data":"1","floor":10,"key":"LIFT"},{"data":"2","floor":15,"key":"LIFT"},{"data":"3","floor":23,"key":"LIFT"},{"floor":25,"key":"REST"},{"floor":30,"key":"REST"},{"floor":32,"key":"DIG"}],"circlet_count":0,"master_deck":["hermit:Strike_Hermit","hermit:Strike_Hermit","hermit:Strike_Hermit","hermit:Strike_Hermit","hermit:Defend_Hermit","hermit:Defend_Hermit","hermit:Defend_Hermit+1","hermit:Defend_Hermit","hermit:Snapshot","hermit:Covet","hermit:Glare+1","hermit:GhostlyPresence+1","hermit:Dissolve+1","hermit:ShadowCloak","hermit:Manifest","Sickly","hermit:Grudge","hermit:EternalForm","hermit:Quickdraw","hermit:Shortfuse","hermit:Deadeye","hermit:Determination+1","hermit:WideOpen","infinitespire:Punishment","hermit:HighCaliber","Shame"],"relics":["hermit:Momento","NeowsBlessing","hermit:CharredGlove","Garlic","Girya","reliquary:Firecrackers","ReplayTheSpireMod:CursedCoin","Painkiller Herb","Gambling Chip","hubris:HollowSoul","hubris:MedicalManual","War Paint","Potion Belt"],"acts_visited":["Exordium","TheCity"],"potions_floor_usage":[12,24,28,33],"damage_taken":[{"damage":0,"enemies":"Cultist","floor":1,"turns":1},{"damage":0,"enemies":"2 Louse","floor":3,"turns":1},{"damage":0,"enemies":"Replay:BlueRogue","floor":7,"turns":1},{"damage":1,"enemies":"Small Slimes","floor":8,"turns":4},{"damage":6,"enemies":"Exordium Wildlife","floor":11,"turns":5},{"damage":1,"enemies":"Gremlin Nob","floor":12,"turns":4},{"damage":39,"enemies":"The Guardian","floor":16,"turns":15},{"damage":5,"enemies":"Shell Parasite","floor":18,"turns":6},{"damage":27,"enemies":"Centurion and Healer","floor":20,"turns":7},{"damage":0,"enemies":"Snake Plant","floor":21,"turns":4},{"damage":21,"enemies":"Sentry and Sphere","floor":22,"turns":7},{"damage":8,"enemies":"Cultist and Chosen","floor":24,"turns":7},{"damage":33,"enemies":"Nightmare","floor":28,"turns":7},{"damage":3,"enemies":"Snecko","floor":31,"turns":3},{"damage":18,"enemies":"Automaton","floor":33,"turns":4}],"seed_played":"-818043853404025927","potions_obtained":[{"floor":2,"key":"Toxic Potion"},{"floor":2,"key":"sneckomod:MuddlingPotion"},{"floor":2,"key":"Guardian:BlockOnCardUsePotion"},{"floor":7,"key":"Flashbang"},{"floor":16,"key":"ColorlessPotion"},{"floor":18,"key":"Energy Potion"},{"floor":28,"key":"Elixir"}],"is_trial":false,"path_per_floor":["M","?","M","$","?","R","E","M","T","R","M","E","$","?","R","B",null,"?","?","?","?","?","T","?","T","T","AVR","NM","?","T","?","T","B"],"character_chosen":"HERMIT","items_purchased":["hermit:Dissolve+1","ReplayTheSpireMod:CursedCoin","hermit:Grudge"],"campfire_rested":2,"item_purchase_floors":[4,13,13],"current_hp_per_floor":[75,75,75,75,75,75,75,74,74,74,68,67,67,56,56,17,75,70,70,43,43,22,22,14,36,36,36,3,3,25,22,22,0,0],"gold":471,"neow_bonus":"THREE_ENEMY_KILL","is_daily":false,"chose_seed":false,"campfire_upgraded":1,"win_rate":0.0,"timestamp":1614451113,"path_taken":["M","?","?","$","?","R","E","M","T","R","M","E","$","?","R","BOSS","?","?","?","?","?","T","?","T","T","AVR","NM","?","T","?","T","BOSS"],"items_purchased_type":["Card","Relic","Card"],"build_version":"2020-12-22","purchased_purges":0,"victory":false,"max_hp_per_floor":[75,75,75,75,75,75,75,75,75,75,75,75,75,75,75,75,75,75,75,75,75,75,75,75,75,75,75,75,75,75,75,75,75,75],"card_choices":[{"not_picked":["hermit:SprayPray","hermit:TrackingShot"],"picked":"hermit:Glare","floor":1},{"not_picked":["hermit:Dive","hermit:BodyArmor"],"picked":"hermit:GhostlyPresence","floor":3},{"not_picked":["hermit:GhostlyPresence","hermit:NoHoldsBarred"],"picked":"hermit:ShadowCloak","floor":7},{"not_picked":["hermit:TakeCover","hermit:EyeOfTheStorm","hermit:LuckOfTheDraw"],"picked":"SKIP","floor":8},{"not_picked":["hermit:Ricochet","hermit:Vantage","hermit:Cheat"],"picked":"SKIP","floor":11},{"not_picked":["hermit:Ricochet","hermit:Feint"],"picked":"hermit:Manifest","floor":12},{"not_picked":["hermit:Gambit","hermit:RoundhouseKick"],"picked":"hermit:EternalForm","floor":16},{"not_picked":["hermit:Snipe+1","hermit:Headshot+1"],"picked":"hermit:Quickdraw","floor":18},{"not_picked":["hermit:Glare","hermit:Coalescence+1"],"picked":"hermit:Deadeye","floor":20},{"not_picked":["hermit:SprayPray+1","hermit:TakeAim+1","hermit:GoldenBullet"],"picked":"SKIP","floor":21},{"not_picked":["hermit:Ricochet+1","hermit:Maintenance"],"picked":"hermit:Determination+1","floor":22},{"not_picked":["hermit:TakeAim","hermit:Spite+1"],"picked":"hermit:WideOpen","floor":24},{"not_picked":["hermit:FullyLoaded","hermit:Headshot+1"],"picked":"hermit:HighCaliber","floor":28},{"not_picked":["hermit:Ricochet","hermit:CursedWeapon","hermit:TrackingShot"],"picked":"SKIP","floor":31}],"player_experience":740929,"relics_obtained":[{"floor":5,"key":"hermit:CharredGlove"},{"floor":7,"key":"Garlic"},{"floor":9,"key":"Girya"},{"floor":12,"key":"reliquary:Firecrackers"},{"floor":26,"key":"Gambling Chip"},{"floor":28,"key":"hubris:MedicalManual"},{"floor":32,"key":"Potion Belt"}],"event_choices":[{"damage_healed":0,"gold_gain":0,"player_choice":"Got Potions","damage_taken":0,"max_hp_gain":0,"max_hp_loss":0,"event_name":"Lab","floor":2,"gold_loss":0},{"damage_healed":0,"gold_gain":75,"player_choice":"Gather Gold","damage_taken":11,"max_hp_gain":0,"max_hp_loss":0,"event_name":"World of Goop","floor":14,"gold_loss":0},{"damage_healed":0,"gold_gain":0,"player_choice":"Read","damage_taken":0,"max_hp_gain":0,"max_hp_loss":0,"event_name":"The Library","floor":19,"gold_loss":0,"cards_obtained":["hermit:Shortfuse"]},{"damage_healed":0,"gold_gain":0,"player_choice":"Stole Relic","damage_taken":0,"relics_obtained":["War Paint"],"max_hp_gain":0,"max_hp_loss":0,"event_name":"Addict","floor":29,"gold_loss":0,"cards_obtained":["Shame"]}],"is_beta":false,"boss_relics":[{"not_picked":["Astrolabe","reliquary:Ember"],"picked":"Painkiller Herb"}],"items_purged_floors":[],"is_endless":true,"potions_floor_spawned":[7,11,16,18,28],"killed_by":"Automaton","ascension_level":4}}