{"host":"jpcy2bclvs7juczu","time":1614454311,"event":{"mods":["Alarm Clock","BaseMod","Bestiary","Block Reminder","Colored Map","Colored Powertips","Curses Come First","Dark Map","Filter the Spire","Minty Spire (QoL Compilation)","Quick Restart","RNG Fix","Relic Stats","Smile Girya","StSLib","everything is the same but u backflip on backflip","ojb\u0027s Better Paths Mod","ojb\u0027s Info Mod: The sequel","slay the spire mod where everything is the same but ironclad has a cowboy hat"],"gold_per_floor":[364,380,380,393,8,8,36,36,61,96,115,126,154,164,164,242,242,254,264,278,278,36,69,69,96,96,129,148,148,148,25,25,102,102,115,115,90,104,114,149,149,177,177,209,209,209,224,244,244,244,244,244,244,27,59,59],"floor_reached":57,"language":"ENG","playtime":3867,"items_purged":["Writhe"],"score":3140,"play_id":"f3346c6f-2b10-47e4-8798-626ec2a6fef2","local_time":"20210227143151","is_ascension_mode":true,"campfire_choices":[{"data":"Dagger Spray","floor":6.0,"key":"SMITH"},{"data":"Poisoned Stab","floor":8.0,"key":"SMITH"},{"data":"Neutralize","floor":15.0,"key":"SMITH"},{"data":"Poisoned Stab","floor":24.0,"key":"SMITH"},{"floor":30.0,"key":"REST"},{"data":"Strike_G","floor":32.0,"key":"PURGE"},{"data":"Strike_G","floor":41.0,"key":"PURGE"},{"data":"Writhe","floor":45.0,"key":"PURGE"},{"floor":49.0,"key":"RECALL"},{"floor":53,"key":"REST"}],"circlet_count":0,"master_deck":["AscendersBane","Strike_G","Strike_G","Strike_G","Defend_G","Defend_G+1","Defend_G","Defend_G","Survivor+1","Neutralize+1","Endless Agony","Poisoned Stab+1","Poisoned Stab+1","Dagger Spray+1","Catalyst+1","Burst+1","PiercingWail+1","Corpse Explosion+1","Calculated Gamble+1","Doppelganger+1","Prepared+1","Prepared+1","Blade Dance+1","Bouncing Flask+1","Cloak And Dagger+1","Venomology+1","Acrobatics+1","Finesse+1","Doppelganger+1","Backflip+1","Secret Technique+1","Good Instincts+1","Acrobatics+1","Acrobatics+1","PiercingWail+1","Backflip+1","Reflex+1","Tactician+1","Acrobatics+1","Backflip+1"],"relics":["Ring of the Snake","Lee\u0027s Waffle","Vajra","Peace Pipe","War Paint","Toxic Egg 2","Meat on the Bone","HoveringKite","Dream Catcher","TwistedFunnel","White Beast Statue","Bronze Scales","Oddly Smooth Stone","Dead Branch","Nilry\u0027s Codex","Cursed Key","Nunchaku","Shovel","Centennial Puzzle","Lantern","Happy Flower"],"acts_visited":["Exordium","TheCity","TheBeyond","TheEnding"],"potions_floor_usage":[56,56,56],"damage_taken":[{"damage":1.0,"enemies":"Cultist","floor":1.0,"turns":4.0},{"damage":3.0,"enemies":"Jaw Worm","floor":2.0,"turns":6.0},{"damage":1.0,"enemies":"Small Slimes","floor":4.0,"turns":3.0},{"damage":8.0,"enemies":"Gremlin Nob","floor":7.0,"turns":3.0},{"damage":20.0,"enemies":"3 Sentries","floor":10.0,"turns":6.0},{"damage":9.0,"enemies":"Gremlin Gang","floor":11.0,"turns":3.0},{"damage":1.0,"enemies":"2 Fungi Beasts","floor":12.0,"turns":2.0},{"damage":18.0,"enemies":"Lagavulin","floor":13.0,"turns":5.0},{"damage":6.0,"enemies":"Blue Slaver","floor":14.0,"turns":3.0},{"damage":0.0,"enemies":"Hexaghost","floor":16.0,"turns":5.0},{"damage":0.0,"enemies":"Spheric Guardian","floor":18.0,"turns":2.0},{"damage":0.0,"enemies":"3 Byrds","floor":19.0,"turns":2.0},{"damage":18.0,"enemies":"Centurion and Healer","floor":20.0,"turns":3.0},{"damage":0.0,"enemies":"Gremlin Leader","floor":23.0,"turns":2.0},{"damage":14.0,"enemies":"Book of Stabbing","floor":25.0,"turns":3.0},{"damage":23.0,"enemies":"Gremlin Leader","floor":27.0,"turns":4.0},{"damage":0.0,"enemies":"Snake Plant","floor":28.0,"turns":2.0},{"damage":29.0,"enemies":"Collector","floor":33.0,"turns":3.0},{"damage":0.0,"enemies":"3 Shapes","floor":35.0,"turns":2.0},{"damage":0.0,"enemies":"Orb Walker","floor":38.0,"turns":2.0},{"damage":0.0,"enemies":"Writhing Mass","floor":39.0,"turns":3.0},{"damage":26.0,"enemies":"Nemesis","floor":40.0,"turns":5.0},{"damage":0.0,"enemies":"Reptomancer","floor":42.0,"turns":4.0},{"damage":0.0,"enemies":"Giant Head","floor":44.0,"turns":4.0},{"damage":0.0,"enemies":"Spire Growth","floor":47.0,"turns":2.0},{"damage":0.0,"enemies":"Maw","floor":48.0,"turns":3.0},{"damage":42.0,"enemies":"Time Eater","floor":50.0,"turns":7.0},{"damage":31,"enemies":"Awakened One","floor":51,"turns":11},{"damage":7,"enemies":"Shield and Spear","floor":55,"turns":4},{"damage":65,"enemies":"The Heart","floor":56,"turns":6}],"seed_played":"-4680201178295659863","potions_obtained":[{"floor":4.0,"key":"AttackPotion"},{"floor":12.0,"key":"LiquidMemories"},{"floor":13.0,"key":"FearPotion"},{"floor":16.0,"key":"LiquidBronze"},{"floor":18.0,"key":"Swift Potion"},{"floor":20.0,"key":"AttackPotion"},{"floor":25.0,"key":"FearPotion"},{"floor":27.0,"key":"Energy Potion"},{"floor":28.0,"key":"Swift Potion"},{"floor":33.0,"key":"LiquidBronze"},{"floor":42.0,"key":"Regen Potion"},{"floor":44.0,"key":"DistilledChaos"},{"floor":55,"key":"EssenceOfSteel"}],"is_trial":false,"path_per_floor":["M","M","?","M","$","R","E","R","T","E","M","M","E","M","R","B",null,"M","M","M","?","$","E","R","E","T","E","M","?","R","$","R","B",null,"M","?","$","M","M","E","R","E","T","E","R","?","M","M","R","B","B",null,"R","$","E","B",null],"character_chosen":"THE_SILENT","items_purchased":["Lee\u0027s Waffle","Vajra","Dagger Spray","TwistedFunnel","Acrobatics+1","Finesse+1","Acrobatics+1","Lantern","Acrobatics+1"],"campfire_rested":2,"item_purchase_floors":[5,5,5,22,31,31,37,54,54],"current_hp_per_floor":[43,40,40,39,73,73,65,65,65,45,36,35,17,23,23,35,64,64,64,46,46,46,46,46,44,44,33,45,24,45,45,45,28,62,62,52,52,52,52,38,38,38,38,52,52,52,52,52,52,22,18,59,73,73,66,13],"gold":59,"neow_bonus":"TWO_FIFTY_GOLD","is_daily":false,"chose_seed":false,"campfire_upgraded":4,"win_rate":0.0,"timestamp":1614454311,"path_taken":["M","M","?","M","$","R","E","R","T","E","M","?","E","M","R","BOSS","M","M","M","?","$","E","R","E","T","E","M","?","R","?","R","BOSS","M","?","$","?","M","E","R","E","T","E","R","?","M","M","R","BOSS","BOSS","R","$","E","BOSS"],"items_purchased_type":["Relic","Relic","Card","Relic","Card","Card","Card","Relic","Card"],"build_version":"2020-12-22","purchased_purges":1,"victory":true,"max_hp_per_floor":[66,66,66,66,73,73,73,73,73,73,73,73,73,73,73,73,73,73,73,73,73,73,73,73,73,73,73,73,73,73,73,73,73,73,73,73,73,73,73,73,73,73,73,73,73,73,73,73,73,73,73,73,73,73,73,73],"relic_stats":{"Lee\u0027s Waffle":34,"Happy Flower":[2],"counters":[30,114],"Dead Branch":[194],"HoveringKite":[52],"War Paint":["Defend_G","Survivor"],"Cursed Key":1,"Peace Pipe":3,"Dream Catcher":2,"Nunchaku":[14],"Centennial Puzzle":[12],"Shovel":0,"Bronze Scales":[203],"obtain_stats":[{"TwistedFunnel":22,"Lee\u0027s Waffle":5,"Lantern":54,"Happy Flower":55,"Nilry\u0027s Codex":29,"Dead Branch":27,"Vajra":5,"HoveringKite":17,"Oddly Smooth Stone":26,"War Paint":9,"Cursed Key":34,"White Beast Statue":23,"Peace Pipe":7,"Dream Catcher":21,"Nunchaku":40,"Centennial Puzzle":44,"Shovel":42,"Bronze Scales":25,"Toxic Egg 2":10,"Ring of the Snake":0,"Meat on the Bone":13},{"TwistedFunnel":13,"Lee\u0027s Waffle":3,"Lantern":28,"Happy Flower":29,"Nilry\u0027s Codex":17,"Dead Branch":16,"Vajra":3,"HoveringKite":10,"Oddly Smooth Stone":15,"War Paint":4,"Cursed Key":18,"White Beast Statue":14,"Peace Pipe":4,"Dream Catcher":13,"Nunchaku":22,"Centennial Puzzle":24,"Shovel":23,"Bronze Scales":15,"Toxic Egg 2":5,"Ring of the Snake":0,"Meat on the Bone":8},{"TwistedFunnel":47,"Lee\u0027s Waffle":13,"Lantern":104,"Happy Flower":108,"Nilry\u0027s Codex":58,"Dead Branch":56,"Vajra":13,"HoveringKite":40,"Oddly Smooth Stone":52,"War Paint":16,"Cursed Key":61,"White Beast Statue":49,"Peace Pipe":16,"Dream Catcher":47,"Nunchaku":73,"Centennial Puzzle":81,"Shovel":77,"Bronze Scales":52,"Toxic Egg 2":22,"Ring of the Snake":0,"Meat on the Bone":32}],"Ring of the Snake":[65],"Meat on the Bone":120},"card_choices":[{"not_picked":["Underhanded Strike","Sucker Punch"],"picked":"Endless Agony","floor":1.0},{"not_picked":["Slice","Cloak And Dagger"],"picked":"Poisoned Stab","floor":2.0},{"not_picked":["Reflex","Deadly Poison"],"picked":"Poisoned Stab","floor":4.0},{"not_picked":["Dagger Throw","Prepared","PiercingWail"],"picked":"SKIP","floor":7.0},{"not_picked":["Slice","Reflex+1"],"picked":"Catalyst+1","floor":10.0},{"not_picked":["Sucker Punch","Well Laid Plans"],"picked":"Burst+1","floor":11.0},{"not_picked":["Dagger Throw","Caltrops"],"picked":"PiercingWail+1","floor":12.0},{"not_picked":["Deflect+1","Concentrate+1"],"picked":"Corpse Explosion+1","floor":13.0},{"not_picked":["Well Laid Plans","Dash"],"picked":"Calculated Gamble+1","floor":14.0},{"not_picked":["Burst+1","Phantasmal Killer+1"],"picked":"Doppelganger+1","floor":16.0},{"not_picked":["Bane","Quick Slash"],"picked":"Prepared+1","floor":18.0},{"not_picked":["Choke","Tactician+1"],"picked":"Prepared+1","floor":19.0},{"not_picked":["Underhanded Strike","Bane"],"picked":"Blade Dance+1","floor":20.0},{"not_picked":["Poisoned Stab","Flying Knee","Bane"],"picked":"SKIP","floor":23.0},{"not_picked":["Poisoned Stab","Prepared+1","Phantasmal Killer+1"],"picked":"SKIP","floor":25.0},{"not_picked":["Bane","Dash"],"picked":"Bouncing Flask+1","floor":27.0},{"not_picked":["Quick Slash+1","Dagger Throw"],"picked":"Cloak And Dagger+1","floor":28.0},{"not_picked":["Cloak And Dagger+1","Dagger Throw"],"picked":"Venomology+1","floor":30.0},{"not_picked":["A Thousand Cuts","Tools of the Trade"],"picked":"Doppelganger+1","floor":33.0},{"not_picked":["PiercingWail+1","Well Laid Plans"],"picked":"Backflip+1","floor":35.0},{"not_picked":["Madness+1","The Bomb+1"],"picked":"Secret Technique+1","floor":36.0},{"not_picked":["Magnetism","Apotheosis+1"],"picked":"Good Instincts+1","floor":36.0},{"not_picked":["Dagger Spray","Dodge and Roll+1"],"picked":"Acrobatics+1","floor":38.0},{"not_picked":["Dagger Throw","Endless Agony","Deadly Poison+1"],"picked":"SKIP","floor":39.0},{"not_picked":["Skewer","Masterful Stab+1","Dagger Throw"],"picked":"SKIP","floor":40.0},{"not_picked":["Slice","Envenom","Quick Slash+1"],"picked":"SKIP","floor":42.0},{"not_picked":["Caltrops","Sucker Punch"],"picked":"PiercingWail+1","floor":44.0},{"not_picked":["Acrobatics+1","Bane+1"],"picked":"Backflip+1","floor":47.0},{"not_picked":["Bane","Sucker Punch"],"picked":"Reflex+1","floor":48.0},{"not_picked":["Flechettes","Finisher"],"picked":"Tactician+1","floor":53},{"not_picked":["Doppelganger+1","Cloak And Dagger+1"],"picked":"Backflip+1","floor":55}],"player_experience":1620729,"relics_obtained":[{"floor":7.0,"key":"Peace Pipe"},{"floor":9.0,"key":"War Paint"},{"floor":10.0,"key":"Toxic Egg 2"},{"floor":13.0,"key":"Meat on the Bone"},{"floor":23.0,"key":"White Beast Statue"},{"floor":25.0,"key":"Bronze Scales"},{"floor":26.0,"key":"Oddly Smooth Stone"},{"floor":27.0,"key":"Dead Branch"},{"floor":29.0,"key":"Nilry\u0027s Codex"},{"floor":40.0,"key":"Nunchaku"},{"floor":42.0,"key":"Shovel"},{"floor":44.0,"key":"Centennial Puzzle"},{"floor":55,"key":"Happy Flower"}],"event_choices":[{"cards_removed":["Defend_G"],"damage_healed":0.0,"max_hp_gain":0.0,"max_hp_loss":0.0,"gold_gain":0.0,"event_name":"Bonfire Elementals","player_choice":"Offered Basic","floor":3.0,"gold_loss":0.0,"damage_taken":0.0},{"damage_healed":0.0,"max_hp_gain":0.0,"max_hp_loss":0.0,"gold_gain":0.0,"event_name":"The Mausoleum","player_choice":"Opened","floor":21.0,"gold_loss":0.0,"damage_taken":0.0,"relics_obtained":["Dream Catcher"],"cards_obtained":["Writhe"]},{"damage_healed":0.0,"max_hp_gain":0.0,"max_hp_loss":0.0,"gold_gain":0.0,"event_name":"Cursed Tome","player_choice":"Obtained Book","floor":29.0,"gold_loss":0.0,"damage_taken":21.0},{"damage_healed":0.0,"max_hp_gain":0.0,"max_hp_loss":0.0,"gold_gain":0.0,"event_name":"SensoryStone","player_choice":"Memory 3","floor":36.0,"gold_loss":0.0,"damage_taken":10.0},{"damage_healed":0.0,"max_hp_gain":0.0,"max_hp_loss":0.0,"gold_gain":0.0,"event_name":"Tomb of Lord Red Mask","player_choice":"Ignored","floor":46.0,"gold_loss":0.0,"damage_taken":0.0}],"is_beta":false,"boss_relics":[{"not_picked":["Ectoplasm","Snecko Eye"],"picked":"HoveringKite"},{"not_picked":["Philosopher\u0027s Stone","Tiny House"],"picked":"Cursed Key"}],"items_purged_floors":[22],"is_endless":false,"potions_floor_spawned":[4,12,13,14,16,18,20,25,27,28,33,35,38,39,40,42,44,47,48,55],"ascension_level":20}}