{"host":"hszimsrtxxc2k25w","time":1614441391,"event":{"mods":["AchievementEnabler","BaseMod","Colored Map","DeckTracker","Minty Spire (QoL Compilation)","Rare Cards Sparkle","SuperFastMode"],"gold_per_floor":[110,110,126,140,140,167,167,18,92,92,92],"floor_reached":10,"language":"KOR","playtime":170,"items_purged":["Strike_P"],"score":116,"play_id":"99012165-dd27-4cf4-bb53-c389d0e578ad","local_time":"20210228005631","is_ascension_mode":true,"campfire_choices":[{"floor":7,"key":"REST"}],"circlet_count":0,"master_deck":["AscendersBane","Strike_P","Strike_P","Defend_P","Defend_P","Defend_P","Eruption","Vigilance","FlurryOfBlows","Tantrum","EmptyMind","Conclude","Adaptation"],"relics":["PureWater","NeowsBlessing","Pen Nib","Mercury Hourglass"],"acts_visited":["Exordium"],"potions_floor_usage":[6,6],"damage_taken":[{"damage":0,"enemies":"2 Louse","floor":1,"turns":1},{"damage":0,"enemies":"Cultist","floor":3,"turns":1},{"damage":0,"enemies":"Small Slimes","floor":4,"turns":1},{"damage":50,"enemies":"3 Sentries","floor":6,"turns":11},{"damage":24,"enemies":"Gremlin Nob","floor":10,"turns":2}],"seed_played":"-5943603510419582345","potions_obtained":[{"floor":3,"key":"Explosive Potion"},{"floor":4,"key":"EssenceOfSteel"}],"is_trial":false,"path_per_floor":["M","?","M","M","?","E","R","$","T","E"],"character_chosen":"WATCHER","items_purchased":["Adaptation"],"campfire_rested":1,"item_purchase_floors":[8],"current_hp_per_floor":[61,61,61,61,54,4,24,24,24,0,0],"gold":92,"neow_bonus":"THREE_ENEMY_KILL","is_daily":false,"chose_seed":false,"campfire_upgraded":0,"win_rate":0.0,"timestamp":1614441391,"path_taken":["M","?","?","M","?","E","R","$","T","E"],"items_purchased_type":["Card"],"build_version":"2020-12-22","purchased_purges":1,"victory":false,"max_hp_per_floor":[68,68,68,68,68,68,68,68,68,68,68],"card_choices":[{"not_picked":["PathToVictory","ThirdEye"],"picked":"FlurryOfBlows","floor":1},{"not_picked":["PathToVictory","JustLucky"],"picked":"Tantrum","floor":3},{"not_picked":["EmptyBody","JustLucky"],"picked":"EmptyMind","floor":4},{"not_picked":["Prostrate","Omniscience"],"picked":"Conclude","floor":6}],"player_experience":710409,"relics_obtained":[{"floor":6,"key":"Pen Nib"},{"floor":9,"key":"Mercury Hourglass"}],"event_choices":[{"cards_removed":["Defend_P"],"damage_healed":0,"gold_gain":0,"player_choice":"Offered Basic","damage_taken":0,"max_hp_gain":0,"max_hp_loss":0,"event_name":"Bonfire Elementals","floor":2,"gold_loss":0},{"cards_removed":["Strike_P"],"damage_healed":0,"gold_gain":0,"player_choice":"Card Removal","damage_taken":7,"max_hp_gain":0,"max_hp_loss":0,"event_name":"Golden Wing","floor":5,"gold_loss":0}],"is_beta":false,"boss_relics":[],"items_purged_floors":[8],"is_endless":false,"potions_floor_spawned":[3,4],"killed_by":"Gremlin Nob","ascension_level":15}}