{"host":"qc8h4lvnd2c314ki","time":1614411512,"event":{"mods":["ATMod(°¢èªMod)","AchievementEnabler","Act Like it!","BaseMod","Better Note","Curses Come First","Evolution","Friendly Minions","GifTheSpireLib","Highlight Path","Minty Spire (QoL Compilation)","Random Character Button","Reliquary","Robot Space Explorer","Spicy Shops","StSLib","The Marked"],"gold_per_floor":[117,131,145,110,123,123,133,133,133,160,160,170,170,184,184,282,282,293,243,256,272,272,272,302,262,262,293,63,63,94,104,104,201,201,211,261,274,274,274,274,288,288,312,332,332,332,357,372,372,372],"floor_reached":51,"language":"ZHS","playtime":4029,"items_purged":[],"score":811,"play_id":"11863e00-f5b5-4399-98a1-88539b30480c","local_time":"20210227153832","daily_mods":["SealedDeck","Elite Swarm"],"is_ascension_mode":true,"campfire_choices":[{"data":"AT_KneejerkReflex","floor":6.0,"key":"SMITH"},{"floor":8.0,"key":"REST"},{"data":"RobotSpaceExplorer:Exploration","floor":13.0,"key":"SMITH"},{"floor":15.0,"key":"REST"},{"floor":23.0,"key":"REST"},{"floor":29.0,"key":"REST"},{"data":"RobotSpaceExplorer:TrailblazerForm","floor":32.0,"key":"SMITH"},{"data":"RobotSpaceExplorer:Autoloader","floor":40,"key":"SMITH"},{"floor":42,"key":"REST"},{"data":"Enlightenment","floor":45,"key":"SMITH"},{"data":"RobotSpaceExplorer:Accelerator","floor":49,"key":"SMITH"}],"circlet_count":0,"master_deck":["AT_KneejerkReflex+1","RobotSpaceExplorer:Counterblock+1","RobotSpaceExplorer:MakeshiftVolley","RobotSpaceExplorer:Electropulse","RobotSpaceExplorer:FreezeRay","RobotSpaceExplorer:PlasmaMissile","RobotSpaceExplorer:DualCore","RobotSpaceExplorer:DoubleFind","RobotSpaceExplorer:ShockKick","RobotSpaceExplorer:Discharger","RobotSpaceExplorer:MiniBoosters","RobotSpaceExplorer:MetalStrike","RobotSpaceExplorer:SwiftStep","RobotSpaceExplorer:Pulsar+1","RobotSpaceExplorer:ScrapMissile","RobotSpaceExplorer:SurgingShield","RobotSpaceExplorer:Autoloader+1","RobotSpaceExplorer:Pulsar","RobotSpaceExplorer:TrailblazerForm+1","RobotSpaceExplorer:Accelerator+1","Enlightenment+1","RobotSpaceExplorer:PowerGlove+1","RobotSpaceExplorer:Blaster","RobotSpaceExplorer:Jetpack+1","Writhe","RobotSpaceExplorer:Reload","AT_LightSaberMaster","RobotSpaceExplorer:ChargingLaser","RobotSpaceExplorer:Smokescreen+1"],"relics":["RobotSpaceExplorer:RoboCore","EVO:Axolotl","AT_ATBox","Unceasing Top","RobotSpaceExplorer:RingOfTheNewt","AT_BellowingDragoncrestRing","SacredBark","Boot","Bird Faced Urn","MealTicket","AT_BladeRuinedKing","reliquary:OuijaBoard","SlaversCollar","AT_Manta","AT_SpeedBoots","Shuriken"],"acts_visited":["Exordium","TheCity","TheBeyond"],"potions_floor_usage":[36],"damage_taken":[{"damage":11.0,"enemies":"Jaw Worm","floor":1.0,"turns":2.0},{"damage":0.0,"enemies":"Cultist","floor":2.0,"turns":3.0},{"damage":5.0,"enemies":"2 Louse","floor":3.0,"turns":2.0},{"damage":2.0,"enemies":"Looter","floor":5.0,"turns":2.0},{"damage":31.0,"enemies":"Exordium Thugs","floor":7.0,"turns":5.0},{"damage":11.0,"enemies":"Gremlin Nob","floor":10.0,"turns":4.0},{"damage":5.0,"enemies":"2 Fungi Beasts","floor":12.0,"turns":3.0},{"damage":6.0,"enemies":"Exordium Wildlife","floor":14.0,"turns":5.0},{"damage":35.0,"enemies":"Hexaghost","floor":16.0,"turns":10.0},{"damage":13.0,"enemies":"3 Byrds","floor":18.0,"turns":3.0},{"damage":13.0,"enemies":"Spheric Guardian","floor":20.0,"turns":7.0},{"damage":4.0,"enemies":"Snecko","floor":21.0,"turns":4.0},{"damage":9.0,"enemies":"Gremlin Leader","floor":24.0,"turns":5.0},{"damage":35.0,"enemies":"Slavers","floor":27.0,"turns":5.0},{"damage":11.0,"enemies":"Book of Stabbing","floor":30.0,"turns":4.0},{"damage":0.0,"enemies":"3 Cultists","floor":31.0,"turns":4.0},{"damage":0.0,"enemies":"Collector","floor":33.0,"turns":7.0},{"damage":15.0,"enemies":"3 Shapes","floor":35.0,"turns":3.0},{"damage":42,"enemies":"2 Orb Walkers","floor":36,"turns":5},{"damage":3,"enemies":"Orb Walker","floor":37,"turns":3},{"damage":43,"enemies":"Writhing Mass","floor":41,"turns":5},{"damage":13,"enemies":"Maw","floor":44,"turns":5},{"damage":5,"enemies":"Reptomancer","floor":47,"turns":3},{"damage":0,"enemies":"Transient","floor":48,"turns":5},{"damage":21,"enemies":"Donu and Deca","floor":50,"turns":4}],"seed_played":"-6525506099897368121","potions_obtained":[{"floor":2.0,"key":"Block Potion"},{"floor":5.0,"key":"ColorlessPotion"},{"floor":12.0,"key":"BlessingOfTheForge"},{"floor":36,"key":"DuplicationPotion"},{"floor":37,"key":"SkillPotion"}],"is_trial":true,"path_per_floor":["M","M","M","?","M","R","M","R","T","E","$","M","R","M","R","B",null,"M","?","M","M","?","R","E","?","T","E","$","R","E","M","R","B",null,"M","?","M","?","?","R","M","R","T","M","R","?","E","M","R","B",null],"character_chosen":"RobotSpaceExplorer","items_purchased":["Enlightenment","AT_BladeRuinedKing"],"campfire_rested":5,"item_purchase_floors":[28,28],"current_hp_per_floor":[64,64,59,75,73,73,42,64,64,53,53,48,48,42,64,29,75,62,62,49,45,45,67,58,58,58,29,44,66,65,71,71,75,75,60,26,33,52,52,52,21,43,43,48,48,48,53,61,61,58],"gold":372,"neow_bonus":"","is_daily":false,"chose_seed":false,"campfire_upgraded":6,"win_rate":0.0,"timestamp":1614411512,"path_taken":["M","M","M","?","M","R","M","R","T","E","$","M","R","M","R","BOSS","M","?","M","?","?","R","E","?","T","E","$","R","E","?","R","BOSS","BOSS","M","?","M","?","?","R","M","R","T","?","R","?","E","M","R","BOSS"],"items_purchased_type":["Card","Relic"],"build_version":"2020-12-22","purchased_purges":0,"victory":true,"max_hp_per_floor":[75,75,75,75,75,75,75,75,75,75,75,75,75,75,75,75,75,75,75,75,75,75,75,75,75,75,75,75,75,75,75,75,75,75,75,75,75,75,75,75,75,75,75,75,75,75,75,75,75,75],"card_choices":[{"not_picked":["RobotSpaceExplorer:Electropulse","RobotSpaceExplorer:Jetpack"],"picked":"RobotSpaceExplorer:MiniBoosters","floor":1.0},{"not_picked":["RobotSpaceExplorer:Counterblock","RobotSpaceExplorer:FranticSearch"],"picked":"RobotSpaceExplorer:MetalStrike","floor":2.0},{"not_picked":["RobotSpaceExplorer:Pulsar","RobotSpaceExplorer:Probe"],"picked":"RobotSpaceExplorer:SwiftStep","floor":3.0},{"not_picked":["RobotSpaceExplorer:ShockKick","RobotSpaceExplorer:SlimeMissile","RobotSpaceExplorer:StarDust"],"picked":"SKIP","floor":5.0},{"not_picked":["RobotSpaceExplorer:SurgingStrike","RobotSpaceExplorer:SlimeMissile"],"picked":"RobotSpaceExplorer:Pulsar","floor":7.0},{"not_picked":["RobotSpaceExplorer:BlastShield","RobotSpaceExplorer:Wormhole"],"picked":"RobotSpaceExplorer:Exploration","floor":10.0},{"not_picked":["RobotSpaceExplorer:ImprovisedAttack","RobotSpaceExplorer:Pulsar"],"picked":"RobotSpaceExplorer:ScrapMissile","floor":12.0},{"not_picked":["RobotSpaceExplorer:Counterblock","RobotSpaceExplorer:Blitz"],"picked":"RobotSpaceExplorer:SurgingShield","floor":14.0},{"not_picked":["RobotSpaceExplorer:Blaster","RobotSpaceExplorer:Arsenal"],"picked":"RobotSpaceExplorer:Autoloader","floor":16.0},{"not_picked":["RobotSpaceExplorer:Calculate","RobotSpaceExplorer:StarDust"],"picked":"RobotSpaceExplorer:Pulsar","floor":18.0},{"not_picked":["RobotSpaceExplorer:SwiftStep","RobotSpaceExplorer:ShockKick","RobotSpaceExplorer:Pulsar"],"picked":"SKIP","floor":20.0},{"not_picked":["RobotSpaceExplorer:SurgingShield","RobotSpaceExplorer:SlimeMissile","RobotSpaceExplorer:Pulsar"],"picked":"SKIP","floor":21.0},{"not_picked":["RobotSpaceExplorer:Asteroid","RobotSpaceExplorer:Scanner"],"picked":"RobotSpaceExplorer:TrailblazerForm","floor":24.0},{"not_picked":["RobotSpaceExplorer:Wormhole","RobotSpaceExplorer:BlastShield"],"picked":"RobotSpaceExplorer:Accelerator","floor":27.0},{"not_picked":["RobotSpaceExplorer:Asteroid","RobotSpaceExplorer:Wormhole","RobotSpaceExplorer:Accelerator"],"picked":"SKIP","floor":30.0},{"not_picked":["RobotSpaceExplorer:GearShield","RobotSpaceExplorer:SlimeMissile"],"picked":"RobotSpaceExplorer:PowerGlove+1","floor":31.0},{"not_picked":["RobotSpaceExplorer:Accelerator","RobotSpaceExplorer:DroneSwarm"],"picked":"RobotSpaceExplorer:Blaster","floor":33.0},{"not_picked":["RobotSpaceExplorer:Counterblock","RobotSpaceExplorer:FrostMissile+1"],"picked":"RobotSpaceExplorer:Jetpack+1","floor":35.0},{"not_picked":["RobotSpaceExplorer:ToxicBomb","RobotSpaceExplorer:ShovelStrike+1","RobotSpaceExplorer:ImprovisedAttack+1"],"picked":"SKIP","floor":37},{"not_picked":["RobotSpaceExplorer:SwiftStep","RobotSpaceExplorer:Probe+1","RobotSpaceExplorer:LuckyStrike+1"],"picked":"SKIP","floor":41},{"not_picked":["RobotSpaceExplorer:ExhaustFan","RobotSpaceExplorer:SurgingShield+1"],"picked":"RobotSpaceExplorer:Reload","floor":44},{"not_picked":["AT_EmpoweredMortalDraw","Jack Of All Trades"],"picked":"AT_LightSaberMaster","floor":46},{"not_picked":["RobotSpaceExplorer:Accelerator","RobotSpaceExplorer:BlastShield"],"picked":"RobotSpaceExplorer:ChargingLaser","floor":47},{"not_picked":["RobotSpaceExplorer:MetalStrike+1","RobotSpaceExplorer:Jetpack"],"picked":"RobotSpaceExplorer:Smokescreen+1","floor":48}],"player_experience":507644,"relics_obtained":[{"floor":9.0,"key":"Unceasing Top"},{"floor":10.0,"key":"RobotSpaceExplorer:RingOfTheNewt"},{"floor":16.0,"key":"AT_BellowingDragoncrestRing"},{"floor":24.0,"key":"Boot"},{"floor":26.0,"key":"Bird Faced Urn"},{"floor":27.0,"key":"MealTicket"},{"floor":30.0,"key":"reliquary:OuijaBoard"},{"floor":36,"key":"AT_Manta"},{"floor":43,"key":"AT_SpeedBoots"},{"floor":47,"key":"Shuriken"}],"event_choices":[{"damage_healed":18.0,"max_hp_gain":0.0,"max_hp_loss":0.0,"gold_gain":0.0,"event_name":"The Cleric","player_choice":"Healed","floor":4.0,"gold_loss":35.0,"damage_taken":0.0},{"damage_healed":0.0,"max_hp_gain":0.0,"max_hp_loss":0.0,"gold_gain":0.0,"event_name":"The Joust","player_choice":"Bet on Murderer","floor":19.0,"gold_loss":50.0,"damage_taken":0.0},{"damage_healed":0.0,"max_hp_gain":0.0,"max_hp_loss":0.0,"gold_gain":0.0,"event_name":"Ghosts","player_choice":"Ignored","floor":22.0,"gold_loss":0.0,"damage_taken":0.0},{"damage_healed":0.0,"max_hp_gain":0.0,"max_hp_loss":0.0,"gold_gain":0.0,"event_name":"Designer","player_choice":"Upgraded Two","floor":25.0,"gold_loss":40.0,"damage_taken":0.0,"cards_upgraded":["RobotSpaceExplorer:Counterblock","RobotSpaceExplorer:Pulsar"]},{"damage_healed":0,"gold_gain":0,"player_choice":"Fight","damage_taken":0,"max_hp_gain":0,"max_hp_loss":0,"event_name":"Mysterious Sphere","floor":36,"gold_loss":0},{"damage_healed":19,"gold_gain":0,"player_choice":"Writhe","damage_taken":0,"max_hp_gain":0,"max_hp_loss":0,"event_name":"Winding Halls","floor":38,"gold_loss":0,"cards_obtained":["Writhe"]},{"cards_removed":["RobotSpaceExplorer:StunGrenade"],"damage_healed":0,"gold_gain":0,"player_choice":"Removed Attack","damage_taken":0,"max_hp_gain":0,"max_hp_loss":0,"event_name":"Falling","floor":39,"gold_loss":0},{"damage_healed":0,"gold_gain":0,"player_choice":"Memory 1","damage_taken":0,"max_hp_gain":0,"max_hp_loss":0,"event_name":"SensoryStone","floor":46,"gold_loss":0}],"is_beta":false,"boss_relics":[{"not_picked":["Black Star","Snecko Eye"],"picked":"SacredBark"},{"not_picked":["Calling Bell","reliquary:WritOfMandamus"],"picked":"SlaversCollar"}],"items_purged_floors":[],"is_endless":false,"potions_floor_spawned":[2,5,12,14,18,21,33,36,37,41],"ascension_level":2}}