{"host":"kdt6w7ix8lwe69i9","time":1614396925,"event":{"mods":["100% Spire Juice","Aya Shameimaru","BaseMod","ChefMod","Evolution","Koishi","Minty Spire (QoL Compilation)","Poor People Problems","Reimu（博丽灵梦）","Robot Space Explorer","Shade Mod","Shapeshifter Mod","StSLib","The Druid","The Gatherer","The Poker Player","The Servant 0.9.4","TheSurvivalist"],"gold_per_floor":[364,377,392,105,119,147,147,146,146,196,215,215,515,532,532,623,623,630,639,644,644,559,559,34,34,84,105,42,79,102,125,125,229,229,229,229],"floor_reached":35,"language":"ENG","playtime":4786,"items_purged":["Poor:ReiMu"],"score":454,"play_id":"1b0a330e-3bad-44d8-9fb2-e29f3af1e2df","local_time":"20210226223525","is_ascension_mode":false,"campfire_choices":[{"floor":12,"key":"REST"},{"data":"shameimaru:Tailwind","floor":15,"key":"SMITH"},{"data":"shameimaru:OpeningWindAdvent","floor":23,"key":"SMITH"},{"data":"shameimaru:DashingDomination","floor":25,"key":"SMITH"},{"floor":32,"key":"REST"}],"circlet_count":0,"master_deck":["shameimaru:GustFan","shameimaru:GustFan","shameimaru:GustFan","shameimaru:GustFan","shameimaru:GuidingBreeze","shameimaru:Defend","shameimaru:Defend","shameimaru:Defend","shameimaru:PlayfulTaunt","shameimaru:SnapshotStrike","shameimaru:BlindingSpeed","shameimaru:ReporterInstinct","shameimaru:GaleBullet","shameimaru:Tailwind+1","shameimaru:SuddenOutburst","shameimaru:QuickReporting","shameimaru:Preparation","shameimaru:OutburstingGust","shameimaru:DashingGrace","shameimaru:OpeningWindAdvent+1","shameimaru:MassDeletion+1","shameimaru:DashingDomination+1","shameimaru:FlutteringFeyFan","shameimaru:HighlightReel","HandOfGreed","Discovery","shameimaru:DashingGrace","shameimaru:GaleBullet","shameimaru:IntertwinedWinds","shameimaru:Preparation","Madness","shameimaru:AdverseWind+1","shameimaru:LoadedStatement+1","shameimaru:ForseenReaction+1","shameimaru:BunbunmaruNewspaper"],"relics":["shameimaru:blackbirdfeather","EVO:Axolotl","Matryoshka","HornCleat","YidongShenshe:ReiMu","CeramicFish","The Courier","Old Coin","Sozu","Gremlin Horn","Toolbox","Tiny Chest","Lantern","SlaversCollar","Tingsha"],"acts_visited":["Exordium","TheCity","TheBeyond"],"potions_floor_usage":[6,16,16],"damage_taken":[{"damage":0,"enemies":"Cultist","floor":1,"turns":3},{"damage":3,"enemies":"Jaw Worm","floor":2,"turns":3},{"damage":0,"enemies":"Small Slimes","floor":3,"turns":2},{"damage":0,"enemies":"Exordium Wildlife","floor":5,"turns":4},{"damage":28,"enemies":"Lagavulin","floor":6,"turns":7},{"damage":6,"enemies":"2 Fungi Beasts","floor":8,"turns":4},{"damage":2,"enemies":"Looter","floor":11,"turns":3},{"damage":0,"enemies":"Blue Slaver","floor":14,"turns":1},{"damage":37,"enemies":"The Guardian","floor":16,"turns":12},{"damage":0,"enemies":"Spheric Guardian","floor":18,"turns":4},{"damage":2,"enemies":"Chosen","floor":20,"turns":5},{"damage":0,"enemies":"Snake Plant","floor":27,"turns":2},{"damage":27,"enemies":"Slavers","floor":29,"turns":4},{"damage":0,"enemies":"Centurion and Healer","floor":30,"turns":5},{"damage":10,"enemies":"Chosen and Byrds","floor":31,"turns":3},{"damage":34,"enemies":"Automaton","floor":33,"turns":7},{"damage":84,"enemies":"3 Shapes","floor":35,"turns":5}],"seed_played":"-8527578923152072638","potions_obtained":[{"floor":2,"key":"Regen Potion"},{"floor":8,"key":"Energy Potion"},{"floor":14,"key":"LiquidMemories"},{"floor":16,"key":"Strength Potion"}],"is_trial":false,"path_per_floor":["M","M","M","$","M","E","?","M","T","?","M","R","?","M","R","B",null,"M","?","M","?","?","R","$","R","T","M","$","E","M","M","R","B",null,"M"],"character_chosen":"AYA","items_purchased":["Matryoshka","shameimaru:Tailwind","shameimaru:HighlightReel","HandOfGreed","Discovery","shameimaru:DashingGrace","shameimaru:GaleBullet","shameimaru:IntertwinedWinds","Toolbox","Madness"],"campfire_rested":2,"item_purchase_floors":[4,4,24,24,24,24,24,24,24,28],"current_hp_per_floor":[56,53,53,53,53,40,40,34,34,34,32,56,44,44,44,7,80,80,80,78,78,78,78,78,78,78,78,78,51,51,41,65,31,80,0,0],"gold":229,"neow_bonus":"TWO_FIFTY_GOLD","is_daily":false,"chose_seed":false,"campfire_upgraded":3,"win_rate":0.0,"timestamp":1614396925,"path_taken":["M","M","M","$","M","E","?","M","T","?","M","R","?","M","R","BOSS","M","?","M","?","?","R","$","R","T","M","?","E","M","M","R","BOSS","M"],"items_purchased_type":["Relic","Card","Card","Card","Card","Card","Card","Card","Relic","Card"],"build_version":"2020-12-22","purchased_purges":1,"victory":false,"max_hp_per_floor":[80,80,80,80,80,80,80,80,80,80,80,80,80,80,80,80,80,80,80,80,80,80,80,80,80,80,80,80,80,80,80,80,80,80,80,80],"card_choices":[{"not_picked":["shameimaru:ReporterInstinct","shameimaru:LoadedStatement"],"picked":"shameimaru:BlindingSpeed","floor":1},{"not_picked":["shameimaru:InvertedColours","shameimaru:EvasiveManeuver"],"picked":"shameimaru:ReporterInstinct","floor":2},{"not_picked":["shameimaru:ForseenReaction","shameimaru:LoadedStatement"],"picked":"shameimaru:GaleBullet","floor":3},{"not_picked":["shameimaru:RapidFirePhotography","shameimaru:CandidShot"],"picked":"shameimaru:SuddenOutburst","floor":5},{"not_picked":["shameimaru:LibraryResearch","shameimaru:BlindingSpeed"],"picked":"shameimaru:QuickReporting","floor":6},{"not_picked":["shameimaru:SuddenOutburst","shameimaru:Opportunity"],"picked":"shameimaru:Preparation","floor":8},{"not_picked":["shameimaru:Preparation","shameimaru:SuddenOutburst"],"picked":"shameimaru:OutburstingGust","floor":11},{"not_picked":["shameimaru:Photoshoot","shameimaru:ReporterInstinct"],"picked":"shameimaru:DashingGrace","floor":14},{"not_picked":["shameimaru:AutumnalFallWind","shameimaru:DeadlineDay"],"picked":"shameimaru:OpeningWindAdvent","floor":16},{"not_picked":["shameimaru:ForseenReaction","shameimaru:Opportunity"],"picked":"shameimaru:MassDeletion+1","floor":18},{"not_picked":["shameimaru:Persuade+1","shameimaru:GustFan"],"picked":"shameimaru:FlutteringFeyFan","floor":20},{"not_picked":["shameimaru:GuidingBreeze","shameimaru:FlutteringFeyFan"],"picked":"shameimaru:Preparation","floor":27},{"not_picked":["shameimaru:Photoshoot","shameimaru:Imitation"],"picked":"shameimaru:AdverseWind+1","floor":29},{"not_picked":["shameimaru:CoerciveReport","shameimaru:ExclusiveScoop"],"picked":"shameimaru:LoadedStatement+1","floor":30},{"not_picked":["shameimaru:SuddenOutburst","shameimaru:LoadedStatement+1"],"picked":"shameimaru:ForseenReaction+1","floor":31},{"not_picked":["shameimaru:OutburstingGust","shameimaru:OverclockedCamera"],"picked":"shameimaru:BunbunmaruNewspaper","floor":33}],"player_experience":1801801,"relics_obtained":[{"floor":6,"key":"HornCleat"},{"floor":9,"key":"CeramicFish"},{"floor":9,"key":"The Courier"},{"floor":26,"key":"Tiny Chest"},{"floor":29,"key":"Lantern"}],"event_choices":[{"damage_healed":0,"gold_gain":0,"player_choice":"Take Tiny Shrine away","damage_taken":0,"relics_obtained":["YidongShenshe:ReiMu"],"max_hp_gain":0,"max_hp_loss":0,"event_name":"yidonshenshe","floor":7,"gold_loss":0,"cards_obtained":["Poor:ReiMu"]},{"damage_healed":0,"gold_gain":50,"player_choice":"Gained Gold","damage_taken":0,"max_hp_gain":0,"max_hp_loss":0,"event_name":"Golden Wing","floor":10,"gold_loss":0},{"damage_healed":0,"gold_gain":0,"player_choice":"Success","damage_taken":12,"relics_obtained":["Old Coin"],"max_hp_gain":0,"max_hp_loss":0,"event_name":"Scrap Ooze","floor":13,"gold_loss":0},{"damage_healed":0,"gold_gain":0,"player_choice":"Read","damage_taken":0,"max_hp_gain":0,"max_hp_loss":0,"event_name":"The Library","floor":19,"gold_loss":0,"cards_obtained":["shameimaru:DashingDomination"]},{"damage_healed":0,"gold_gain":0,"player_choice":"Ignored","damage_taken":0,"max_hp_gain":0,"max_hp_loss":0,"event_name":"Vampires","floor":21,"gold_loss":0},{"damage_healed":0,"gold_gain":0,"player_choice":"Obtained Relic","damage_taken":0,"relics_obtained":["Gremlin Horn"],"max_hp_gain":0,"max_hp_loss":0,"event_name":"Addict","floor":22,"gold_loss":85}],"is_beta":false,"boss_relics":[{"not_picked":["Cursed Key","Coffee Dripper"],"picked":"Sozu"},{"not_picked":["Velvet Choker","Runic Dome"],"picked":"SlaversCollar"}],"items_purged_floors":[24],"is_endless":false,"potions_floor_spawned":[2,8,14,16,29,30,31],"killed_by":"3 Shapes","ascension_level":0}}