{"host":"DoctorCaw","time":1614454218,"event":{"mods":["BaseMod","Colored Map","Minty Spire (QoL Compilation)","Relic Stats","StSLib"],"gold_per_floor":[109,184,194,194,204,204,234,251,251,265,284,302,282,15,15,89,89,101,25,28,38,38,70,84,84,107,119,119,151,3,3,3,3,3],"floor_reached":33,"language":"ENG","playtime":7826,"items_purged":[],"score":531,"play_id":"04f58879-d215-4e41-8098-1fa0b28ae8af","local_time":"20210227143018","is_ascension_mode":true,"campfire_choices":[{"data":"Dash","floor":6.0,"key":"SMITH"},{"floor":15.0,"key":"REST"},{"floor":25.0,"key":"REST"},{"data":"Footwork","floor":28.0,"key":"SMITH"},{"floor":32.0,"key":"REST"}],"circlet_count":0,"master_deck":["AscendersBane","Strike_G","Strike_G","Strike_G","Strike_G","Strike_G","Defend_G","Defend_G","Defend_G","Defend_G","Defend_G","Survivor","Neutralize","Dagger Throw","Dash+1","Footwork+1","Blade Dance","Infinite Blades","Backflip","Crippling Poison","Masterful Stab","Dodge and Roll","After Image","Footwork","Escape Plan","A Thousand Cuts","Bouncing Flask","Calculated Gamble","Outmaneuver","Cloak And Dagger","Decay"],"relics":["Ring of the Snake","Ninja Scroll","Singing Bowl","Orrery","Runic Pyramid","Vajra","Toy Ornithopter","Oddly Smooth Stone"],"acts_visited":["Exordium","TheCity"],"potions_floor_usage":[33],"damage_taken":[{"damage":1.0,"enemies":"Small Slimes","floor":1.0,"turns":5.0},{"damage":0.0,"enemies":"Jaw Worm","floor":3.0,"turns":4.0},{"damage":1.0,"enemies":"Cultist","floor":5.0,"turns":3.0},{"damage":30.0,"enemies":"Lagavulin","floor":7.0,"turns":11.0},{"damage":0.0,"enemies":"2 Fungi Beasts","floor":8.0,"turns":3.0},{"damage":7.0,"enemies":"3 Louse","floor":10.0,"turns":4.0},{"damage":0.0,"enemies":"Exordium Wildlife","floor":11.0,"turns":3.0},{"damage":4.0,"enemies":"Looter","floor":12.0,"turns":4.0},{"damage":9.0,"enemies":"Slime Boss","floor":16.0,"turns":16.0},{"damage":0.0,"enemies":"3 Byrds","floor":18.0,"turns":5.0},{"damage":13.0,"enemies":"2 Thieves","floor":20.0,"turns":5.0},{"damage":0.0,"enemies":"Centurion and Healer","floor":21.0,"turns":11.0},{"damage":33.0,"enemies":"Gremlin Leader","floor":23.0,"turns":9.0},{"damage":13.0,"enemies":"Snake Plant","floor":24.0,"turns":8.0},{"damage":3.0,"enemies":"Cultist and Chosen","floor":27.0,"turns":10.0},{"damage":21.0,"enemies":"Slavers","floor":29.0,"turns":10.0},{"damage":57,"enemies":"Collector","floor":33,"turns":7}],"seed_played":"1309453715155116556","potions_obtained":[{"floor":5.0,"key":"Swift Potion"},{"floor":10.0,"key":"SneckoOil"},{"floor":12.0,"key":"ColorlessPotion"},{"floor":13.0,"key":"DistilledChaos"},{"floor":20.0,"key":"PowerPotion"},{"floor":21.0,"key":"Explosive Potion"},{"floor":29.0,"key":"LiquidMemories"}],"is_trial":false,"path_per_floor":["M","?","M","?","M","R","E","M","T","M","M","M","?","$","R","B",null,"M","$","M","M","?","E","M","R","T","M","R","E","$","?","R","B"],"character_chosen":"THE_SILENT","items_purchased":["Orrery","Footwork","Escape Plan","Calculated Gamble","Oddly Smooth Stone"],"campfire_rested":3,"item_purchase_floors":[14,14,14,19,30],"current_hp_per_floor":[64,53,53,53,52,52,22,22,22,17,17,13,13,17,40,31,66,66,66,55,57,57,24,13,38,38,37,37,16,16,16,41,0,0],"gold":3,"neow_bonus":"TEN_PERCENT_HP_BONUS","is_daily":false,"chose_seed":false,"campfire_upgraded":2,"win_rate":0.0,"timestamp":1614454218,"path_taken":["M","?","M","?","M","R","E","M","T","M","M","M","?","$","R","BOSS","M","$","?","M","?","E","M","R","T","M","R","E","$","?","R","BOSS"],"items_purchased_type":["Relic","Card","Card","Card","Relic"],"build_version":"2020-12-18","purchased_purges":0,"victory":false,"max_hp_per_floor":[72,72,72,72,72,72,72,72,72,74,74,74,74,78,78,78,78,78,78,80,82,82,82,84,84,84,86,86,86,86,86,86,86,86],"relic_stats":{"Singing Bowl":14,"counters":[17,118],"obtain_stats":[{"Singing Bowl":9,"Ninja Scroll":7,"Orrery":14,"Vajra":23,"Oddly Smooth Stone":30,"Toy Ornithopter":29,"Ring of the Snake":0,"Runic Pyramid":17},{"Singing Bowl":5,"Ninja Scroll":4,"Orrery":8,"Vajra":13,"Oddly Smooth Stone":16,"Toy Ornithopter":16,"Ring of the Snake":0,"Runic Pyramid":9},{"Singing Bowl":26,"Ninja Scroll":23,"Orrery":37,"Vajra":83,"Oddly Smooth Stone":111,"Toy Ornithopter":111,"Ring of the Snake":0,"Runic Pyramid":53}],"Toy Ornithopter":5,"Ring of the Snake":[34]},"card_choices":[{"not_picked":["PiercingWail","Backstab"],"picked":"Dagger Throw","floor":1.0},{"not_picked":["Underhanded Strike","Poisoned Stab"],"picked":"Dash","floor":3.0},{"not_picked":["Well Laid Plans","Bane"],"picked":"Footwork","floor":5.0},{"not_picked":["Tactician","Terror"],"picked":"Blade Dance","floor":7.0},{"not_picked":["Tools of the Trade","Prepared"],"picked":"Infinite Blades","floor":8.0},{"not_picked":["Setup","Acrobatics","Outmaneuver"],"picked":"Singing Bowl","floor":10.0},{"not_picked":["Slice","Poisoned Stab"],"picked":"Backflip","floor":11.0},{"not_picked":["Deflect","Bane"],"picked":"Crippling Poison","floor":12.0},{"not_picked":["Flechettes","Prepared","Slice"],"picked":"Singing Bowl","floor":14.0},{"not_picked":["Dodge and Roll","Flying Knee"],"picked":"Masterful Stab","floor":14.0},{"not_picked":["Infinite Blades","Underhanded Strike"],"picked":"Dodge and Roll","floor":14.0},{"not_picked":["Acrobatics","Envenom"],"picked":"After Image","floor":14.0},{"not_picked":["Outmaneuver","Backflip","Sucker Punch"],"picked":"Singing Bowl","floor":14.0},{"not_picked":["Grand Finale","Venomology"],"picked":"A Thousand Cuts","floor":16.0},{"not_picked":["Backstab","Bane"],"picked":"Bouncing Flask","floor":18.0},{"not_picked":["Terror+1","Bouncing Flask","Slice"],"picked":"Singing Bowl","floor":20.0},{"not_picked":["Dagger Throw","Bane","Dash"],"picked":"Singing Bowl","floor":21.0},{"not_picked":["Choke","Expertise"],"picked":"Outmaneuver","floor":23.0},{"not_picked":["Outmaneuver+1","Endless Agony","Quick Slash"],"picked":"Singing Bowl","floor":24.0},{"not_picked":["Expertise+1","Quick Slash+1","Heel Hook+1"],"picked":"Singing Bowl","floor":27.0},{"not_picked":["Dodge and Roll","Eviscerate"],"picked":"Cloak And Dagger","floor":29.0}],"player_experience":800736,"relics_obtained":[{"floor":7.0,"key":"Ninja Scroll"},{"floor":9.0,"key":"Singing Bowl"},{"floor":23.0,"key":"Vajra"},{"floor":29.0,"key":"Toy Ornithopter"}],"event_choices":[{"damage_healed":0.0,"max_hp_gain":0.0,"max_hp_loss":0.0,"gold_gain":75.0,"event_name":"World of Goop","player_choice":"Gather Gold","floor":2.0,"gold_loss":0.0,"damage_taken":11.0},{"damage_healed":0.0,"max_hp_gain":0.0,"max_hp_loss":0.0,"gold_gain":0.0,"event_name":"Liars Game","player_choice":"Ignored","floor":4.0,"gold_loss":0.0,"damage_taken":0.0},{"damage_healed":0.0,"max_hp_gain":0.0,"max_hp_loss":0.0,"gold_gain":0.0,"event_name":"The Woman in Blue","player_choice":"Bought 1 Potion","floor":13.0,"gold_loss":0.0,"damage_taken":0.0},{"damage_healed":0.0,"max_hp_gain":0.0,"max_hp_loss":0.0,"gold_gain":0.0,"event_name":"Forgotten Altar","player_choice":"Smashed Altar","floor":31.0,"gold_loss":0.0,"damage_taken":0.0,"cards_obtained":["Decay"]}],"is_beta":true,"boss_relics":[{"not_picked":["Busted Crown","WristBlade"],"picked":"Runic Pyramid"}],"items_purged_floors":[],"is_endless":false,"potions_floor_spawned":[5,10,12,20,21,29],"killed_by":"Collector","ascension_level":15}}