{"host":"w97dq1whmpm6b2tc","time":1614452213,"event":{"mods":["BaseMod","Challenge The Spire","Downfall","Minty Spire (QoL Compilation)","StSLib"],"gold_per_floor":[99,112,112,112,131,131,131,142,142,47,62,97,97,146,186,282,282,182,224,239,133,363,377,403,403,417,444,454,470,270,301,316,412,412,412,454,500,542,542,603,603,603,662,662,721,721,721,496,515,545,545,605,326,326,326,326],"floor_reached":57,"language":"ENG","playtime":39130,"items_purged":["sneckomod:Strike","sneckomod:Defend","sneckomod:Defend"],"score":1583,"play_id":"9f30e1df-2a41-4d9f-bbe3-0aeb63d0488f","local_time":"20210227205653","is_ascension_mode":true,"campfire_choices":[{"floor":6.0,"key":"RECALL"},{"data":"Study","floor":18.0,"key":"SMITH"},{"floor":30.0,"key":"REST"},{"data":"sneckomod:QuickBite","floor":35.0,"key":"SMITH"},{"data":"sneckomod:SoulDraw","floor":42,"key":"SMITH"},{"data":"sneckomod:SnakeSap","floor":44,"key":"SMITH"},{"floor":47,"key":"DIG"},{"floor":54,"key":"DIG"}],"circlet_count":0,"master_deck":["sneckomod:TailWhip","Study+1","sneckomod:SnakeSap+1","sneckomod:SoulDraw+1","sneckomod:TrashToTreasure+1","Wish+1","sneckomod:SoulRoll+1","sneckomod:Mudshield","sneckomod:SoulDraw+1","sneckomod:QuickBite+1","sneckomod:SoulRoll+1","sneckomod:QuickBite+1","Panache"],"relics":["sneckomod:SneckoSoul","downfall:ShatteredFragment","Toxic Egg 2","sneckomod:SneckoTalon","downfall:HeartBlessingRed","sneckomod:LoadedDie","Bottled Lightning","downfall:HeartBlessingBlue","downfall:HeartBlessingGreen","Red Mask","Cursed Key","CeramicFish","Anchor","Shovel","Guardian:PocketSentry","Lizard Tail","bronze:BronzeIdol","Medical Kit","Blue Candle"],"acts_visited":["Exordium","TheCity","TheBeyond","TheEnding"],"potions_floor_usage":[43],"damage_taken":[{"damage":1.0,"enemies":"Cultist","floor":2.0,"turns":4.0},{"damage":3.0,"enemies":"2 Louse","floor":5.0,"turns":2.0},{"damage":0.0,"enemies":"Small Slimes","floor":8.0,"turns":2.0},{"damage":0.0,"enemies":"downfall:FleeingMerchant","floor":10.0,"turns":4.0},{"damage":0.0,"enemies":"3 Louse","floor":11.0,"turns":3.0},{"damage":21.0,"enemies":"3 Sentries","floor":12.0,"turns":6.0},{"damage":7.0,"enemies":"2 Fungi Beasts","floor":14.0,"turns":2.0},{"damage":2.0,"enemies":"downfall:LooterAlt","floor":15.0,"turns":3.0},{"damage":17.0,"enemies":"IC_STATUS_ARCHETYPE","floor":16.0,"turns":6.0},{"damage":34.0,"enemies":"downfall:LooterAlt2","floor":19.0,"turns":3.0},{"damage":14.0,"enemies":"Spheric Guardian","floor":20.0,"turns":5.0},{"damage":5.0,"enemies":"downfall:FleeingMerchant","floor":21.0,"turns":4.0},{"damage":9.0,"enemies":"downfall:FleeingMerchant","floor":22.0,"turns":4.0},{"damage":21.0,"enemies":"3 Cultists","floor":23.0,"turns":4.0},{"damage":0.0,"enemies":"Snecko","floor":26.0,"turns":2.0},{"damage":0.0,"enemies":"Gremlin Leader","floor":27.0,"turns":2.0},{"damage":0.0,"enemies":"Shelled Parasite and Fungi","floor":28.0,"turns":3.0},{"damage":0.0,"enemies":"Cultist and Chosen","floor":29.0,"turns":2.0},{"damage":0.0,"enemies":"Masked Bandits","floor":31.0,"turns":1.0},{"damage":0.0,"enemies":"Snake Plant","floor":32.0,"turns":1.0},{"damage":2.0,"enemies":"DF_ARCHETYPE_CLAW","floor":33.0,"turns":2.0},{"damage":0.0,"enemies":"Orb Walker","floor":36.0,"turns":2.0},{"damage":6.0,"enemies":"3 Darklings","floor":37.0,"turns":2.0},{"damage":0.0,"enemies":"Transient","floor":38.0,"turns":5.0},{"damage":0.0,"enemies":"Giant Head","floor":40.0,"turns":2.0},{"damage":0,"enemies":"Reptomancer","floor":43,"turns":2},{"damage":0,"enemies":"Nemesis","floor":45,"turns":1},{"damage":0,"enemies":"downfall:FleeingMerchant","floor":48,"turns":1},{"damage":0,"enemies":"Sphere and 2 Shapes","floor":49,"turns":1},{"damage":0,"enemies":"SI_POISON_ARCHETYPE","floor":50,"turns":1},{"damage":0,"enemies":"downfall:CharBossMerchant","floor":52,"turns":1},{"damage":3,"enemies":"downfall:NeowBoss","floor":55,"turns":4},{"damage":4,"enemies":"downfall:NeowBossFinal","floor":56,"turns":3}],"seed_played":"-7324775317224789661","potions_obtained":[{"floor":5.0,"key":"Dexterity Potion"},{"floor":11.0,"key":"Fruit Juice"},{"floor":12.0,"key":"Dexterity Potion"},{"floor":19.0,"key":"FearPotion"},{"floor":20.0,"key":"Explosive Potion"},{"floor":23.0,"key":"DuplicationPotion"},{"floor":27.0,"key":"SneckoOil"},{"floor":28.0,"key":"hexamod:SoulburnPotion"},{"floor":29.0,"key":"sneckomod:DiceRollPotion"},{"floor":33.0,"key":"DistilledChaos"},{"floor":38.0,"key":"Block Potion"},{"floor":45,"key":"Swift Potion"},{"floor":49,"key":"Fire Potion"}],"is_trial":false,"path_per_floor":["R","M","?","?","M","R","T","M","?","$","M","E","R","M","M","B",null,"R","M","M","$","?","M","T","?","M","E","M","M","R","?","M","B",null,"R","M","M","M","?","E","T","R","E","R","E","?","R","$","M","B",null,"E","$","R","B","B",null],"character_chosen":"THE_SNECKO","items_purchased":["sneckomod:SnakeSap","sneckomod:QuickBite","Panache","Lizard Tail","Medical Kit"],"campfire_rested":1,"item_purchase_floors":[10,21,48,48,53],"current_hp_per_floor":[81,80,80,59,56,56,56,56,56,56,61,40,40,33,31,14,86,86,52,38,33,24,3,3,3,3,3,3,3,41,41,41,39,96,96,96,90,90,90,90,90,90,90,90,90,90,90,90,90,90,96,96,96,96,93,89],"gold":326,"neow_bonus":"REMOVE_TWO","is_daily":false,"chose_seed":false,"campfire_upgraded":4,"win_rate":0.0,"timestamp":1614452213,"path_taken":["R","M","?","?","M","R","T","M","?","$","M","E","R","M","M","BOSS","R","M","M","$","?","M","T","?","M","E","M","M","R","?","M","BOSS","R","M","M","M","?","E","T","R","E","R","E","?","R","$","M","BOSS","E","$","R","BOSS","BOSS"],"items_purchased_type":["Card","Card","Card","Relic","Relic"],"build_version":"2020-12-22","purchased_purges":3,"victory":true,"max_hp_per_floor":[81,81,81,81,81,81,81,81,81,81,86,86,86,86,86,86,86,86,86,86,86,86,86,86,86,86,86,86,86,96,96,96,96,96,96,96,96,96,96,96,96,96,96,96,96,96,96,96,96,96,96,96,96,96,96,96],"card_choices":[{"not_picked":["sneckomod:DiceCrush","sneckomod:UnknownCommonSkill","sneckomod:UnknownStrike"],"picked":"SKIP","floor":2.0},{"not_picked":["sneckomod:UnknownBlock","sneckomod:UnknownVulnerable","sneckomod:Unknown0Cost"],"picked":"SKIP","floor":5.0},{"not_picked":["sneckomod:SlitherStrike","sneckomod:UnknownVulnerable","sneckomod:UnknownUncommonSkill"],"picked":"SKIP","floor":8.0},{"not_picked":["sneckomod:RainOfDice","sneckomod:SoulDraw"],"picked":"sneckomod:UnknownStrength","floor":10.0},{"not_picked":["sneckomod:SerpentIdol","sneckomod:RainOfDice"],"picked":"sneckomod:SoulDraw","floor":11.0},{"not_picked":["sneckomod:UnknownStrike","sneckomod:QuickMove+1"],"picked":"sneckomod:TrashToTreasure+1","floor":12.0},{"not_picked":["sneckomod:UnknownCommonAttack","sneckomod:SoulDraw+1"],"picked":"sneckomod:SoulRoll+1","floor":14.0},{"not_picked":["sneckomod:UnknownCommonAttack","sneckomod:MixItUp","sneckomod:UnknownColorless+1"],"picked":"SKIP","floor":15.0},{"not_picked":["sneckomod:MorePower","sneckomod:Unknown3Cost+1"],"picked":"sneckomod:Mudshield","floor":16.0},{"not_picked":["sneckomod:DiceBlock+1","sneckomod:WideSting","sneckomod:RainOfDice"],"picked":"SKIP","floor":19.0},{"not_picked":["sneckomod:MasterEye+1","sneckomod:UnknownUncommonSkill+1","sneckomod:UnknownClassPURPLE+1"],"picked":"SKIP","floor":20.0},{"not_picked":["sneckomod:UnknownBlock+1","sneckomod:Transmogrify+1"],"picked":"sneckomod:SoulDraw+1","floor":21.0},{"not_picked":["sneckomod:UnknownVulnerable+1","sneckomod:UnknownBlock+1"],"picked":"sneckomod:SoulRoll+1","floor":23.0},{"not_picked":["sneckomod:DiceBlock+1","sneckomod:UnknownUncommonAttack","sneckomod:IronFang+1"],"picked":"SKIP","floor":26.0},{"not_picked":["sneckomod:SoulRoll+1","sneckomod:MasterEye","sneckomod:DiceBoulder"],"picked":"SKIP","floor":27.0},{"not_picked":["sneckomod:UnknownClassSLIMEBOUND+1","sneckomod:RainOfDice","sneckomod:UnknownStrike"],"picked":"SKIP","floor":28.0},{"not_picked":["sneckomod:UnknownClassSLIMEBOUND+1","sneckomod:RainOfDice","sneckomod:UnknownStrike"],"picked":"SKIP","floor":28.0},{"not_picked":["sneckomod:UnknownCommonAttack","sneckomod:DiceBoulder","sneckomod:MasterEye+1"],"picked":"SKIP","floor":29.0},{"not_picked":["sneckomod:UnknownClassSLIMEBOUND+1","sneckomod:QuickMove+1","sneckomod:Unknown2Cost+1"],"picked":"SKIP","floor":32.0},{"not_picked":["sneckomod:UnknownClassPURPLE+1","sneckomod:WideSting","sneckomod:DiceCrush+1"],"picked":"SKIP","floor":36.0},{"not_picked":["sneckomod:Unknown0Cost+1","sneckomod:UnknownUncommonPower+1","sneckomod:Unknown2Cost+1"],"picked":"SKIP","floor":37.0},{"not_picked":["sneckomod:DefensiveFlair+1","sneckomod:SoulDraw+1"],"picked":"sneckomod:QuickBite+1","floor":38.0},{"not_picked":["sneckomod:SoulExchange+1","sneckomod:UnknownClassSLIMEBOUND+1","sneckomod:DefensiveFlair+1"],"picked":"SKIP","floor":40.0},{"not_picked":["sneckomod:Mudshield","sneckomod:SerpentIdol+1","sneckomod:Memorize+1"],"picked":"SKIP","floor":43},{"not_picked":["sneckomod:IronFang+1","sneckomod:Nope+1","sneckomod:UnknownClassGUARDIAN+1"],"picked":"SKIP","floor":45},{"not_picked":["sneckomod:ImprovisedAttack","sneckomod:UnknownExhaust+1","sneckomod:UnknownClassGUARDIAN+1"],"picked":"SKIP","floor":48},{"not_picked":["sneckomod:DiceBlock+1","sneckomod:UnknownStrike+1","sneckomod:QuickMove+1"],"picked":"SKIP","floor":49},{"not_picked":["sneckomod:UnknownUncommonPower","sneckomod:UnknownClassPURPLE+1","sneckomod:DiceBlock+1"],"picked":"SKIP","floor":52}],"player_experience":3859247,"relics_obtained":[{"floor":12.0,"key":"Toxic Egg 2"},{"floor":24.0,"key":"sneckomod:LoadedDie"},{"floor":27.0,"key":"Bottled Lightning"},{"floor":31.0,"key":"Red Mask"},{"floor":40.0,"key":"CeramicFish"},{"floor":43,"key":"Anchor"},{"floor":45,"key":"Shovel"},{"floor":47,"key":"Guardian:PocketSentry"},{"floor":52,"key":"bronze:BronzeIdol"},{"floor":54,"key":"Blue Candle"}],"event_choices":[{"cards_removed":["sneckomod:Unknown"],"damage_healed":0.0,"max_hp_gain":0.0,"max_hp_loss":0.0,"gold_gain":0.0,"event_name":"The Cleric","player_choice":"Card Removal","floor":3.0,"gold_loss":0.0,"damage_taken":0.0},{"damage_healed":0.0,"max_hp_gain":0.0,"max_hp_loss":0.0,"gold_gain":0.0,"event_name":"Masked Bandits","player_choice":"Fought Bandits","floor":31.0,"gold_loss":0.0,"damage_taken":0.0},{"cards_removed":["sneckomod:SnekBite"],"damage_healed":0.0,"max_hp_gain":0.0,"max_hp_loss":0.0,"gold_gain":0.0,"event_name":"Falling","player_choice":"Removed Attack","floor":39.0,"gold_loss":0.0,"damage_taken":0.0}],"is_beta":false,"boss_relics":[{"not_picked":["Philosopher\u0027s Stone","SlaversCollar"],"picked":"sneckomod:SneckoTalon"},{"not_picked":["Busted Crown","Snecko Eye"],"picked":"Cursed Key"}],"items_purged_floors":[21,48,53],"is_endless":false,"potions_floor_spawned":[5,11,12,19,20,23,27,28,29,33,36,38,45,49],"ascension_level":2}}