{"host":"f8krwbl1oysf3v6f","time":1614419631,"event":{"mods":["AchievementEnabler","BaseMod","Colored Map","DeckTracker","Minty Spire (QoL Compilation)","Permanent Neow","READ ME - Snecko Mod","StSLib","SuperFastMode","Td1madao Mod"],"gold_per_floor":[10020,10020,10038,9488,9488,9488,9488,9488,9488,9488,9488,9488,9488,9488,9488,9488,9488,9488,9488,9488,9488,9488,9488,9488,9488,9488,9488,9488,9488,9488,9488,9488,9488,9488,9488,9488,9488,9488,9488,9488,9488,9488,9488,9488,9488,9488,9488,9488,9488,9488,9488,9488,9488,9488,9488],"floor_reached":56,"language":"KOR","playtime":606,"items_purged":[],"score":1873,"play_id":"f1ddf359-0c38-46f4-a7f5-095904317f11","local_time":"20210227185351","is_ascension_mode":false,"campfire_choices":[{"floor":7.0,"key":"RECALL"},{"data":"Zap","floor":15.0,"key":"SMITH"},{"data":"Dramatic Entrance","floor":24.0,"key":"SMITH"},{"floor":32,"key":"REST"},{"floor":41,"key":"REST"},{"floor":49,"key":"REST"},{"floor":52,"key":"REST"}],"circlet_count":0,"master_deck":["Strike_B","Strike_B","Strike_B","Strike_B","Defend_B","Defend_B","Defend_B","Defend_B","Zap+1","Dualcast","Dramatic Entrance+1","Double Energy","Conserve Battery","RitualDagger"],"relics":["Cracked Core","Runic Capacitor","Frozen Eye","Juzu Bracelet","Darkstone Periapt","Busted Crown","Nuclear Battery"],"acts_visited":["Exordium","TheCity","TheBeyond","TheEnding"],"potions_floor_usage":[],"damage_taken":[{"damage":7.0,"enemies":"2 Louse","floor":1.0,"turns":2.0},{"damage":1.0,"enemies":"Cultist","floor":3.0,"turns":3.0},{"damage":0.0,"enemies":"Jaw Worm","floor":5.0,"turns":1.0},{"damage":0.0,"enemies":"Blue Slaver","floor":6.0,"turns":1.0},{"damage":0.0,"enemies":"Gremlin Nob","floor":8.0,"turns":1.0},{"damage":0.0,"enemies":"Exordium Wildlife","floor":10.0,"turns":1.0},{"damage":0.0,"enemies":"Lagavulin","floor":11.0,"turns":1.0},{"damage":0.0,"enemies":"Looter","floor":12.0,"turns":1.0},{"damage":0.0,"enemies":"3 Louse","floor":13.0,"turns":1.0},{"damage":0.0,"enemies":"2 Fungi Beasts","floor":14.0,"turns":1.0},{"damage":0.0,"enemies":"Hexaghost","floor":16.0,"turns":1.0},{"damage":0.0,"enemies":"Shell Parasite","floor":18.0,"turns":1.0},{"damage":0.0,"enemies":"2 Thieves","floor":19.0,"turns":1.0},{"damage":0.0,"enemies":"Shelled Parasite and Fungi","floor":20.0,"turns":1.0},{"damage":0.0,"enemies":"Snake Plant","floor":21.0,"turns":1.0},{"damage":0.0,"enemies":"Cultist and Chosen","floor":22.0,"turns":1.0},{"damage":0.0,"enemies":"Centurion and Healer","floor":23.0,"turns":1.0},{"damage":0,"enemies":"Book of Stabbing","floor":27,"turns":1},{"damage":0,"enemies":"Snecko","floor":28,"turns":1},{"damage":0,"enemies":"Slavers","floor":30,"turns":1},{"damage":0,"enemies":"Cultist and Chosen","floor":31,"turns":1},{"damage":0,"enemies":"Automaton","floor":33,"turns":1},{"damage":0,"enemies":"3 Shapes","floor":35,"turns":1},{"damage":0,"enemies":"Orb Walker","floor":36,"turns":1},{"damage":0,"enemies":"4 Shapes","floor":38,"turns":1},{"damage":0,"enemies":"Transient","floor":39,"turns":1},{"damage":0,"enemies":"Reptomancer","floor":40,"turns":1},{"damage":0,"enemies":"Giant Head","floor":44,"turns":1},{"damage":0,"enemies":"Spire Growth","floor":45,"turns":1},{"damage":0,"enemies":"Jaw Worm Horde","floor":46,"turns":1},{"damage":0,"enemies":"Maw","floor":47,"turns":1},{"damage":0,"enemies":"3 Darklings","floor":48,"turns":1},{"damage":0,"enemies":"Awakened One","floor":50,"turns":2},{"damage":0,"enemies":"Shield and Spear","floor":54,"turns":1},{"damage":36,"enemies":"The Heart","floor":55,"turns":3}],"seed_played":"-1306856291988134172","potions_obtained":[{"floor":3.0,"key":"GamblersBrew"}],"is_trial":false,"path_per_floor":["M","?","M","$","M","M","R","E","T","M","E","M","M","M","R","B",null,"M","M","M","M","M","M","R","?","T","E","M","?","E","M","R","B",null,"M","M","?","M","M","E","R","T","T","E","M","M","M","M","R","B",null,"R","$","E","B",null],"character_chosen":"DEFECT","items_purchased":["Frozen Eye","Juzu Bracelet","Darkstone Periapt"],"campfire_rested":4,"item_purchase_floors":[4,4,4],"current_hp_per_floor":[68,68,67,67,67,67,67,67,67,67,67,67,67,67,67,67,75,75,75,75,75,75,75,75,75,75,75,75,69,69,69,75,75,75,75,75,75,75,75,75,75,75,75,75,75,75,75,75,75,75,75,75,75,75,39],"gold":9488,"neow_bonus":"RANDOM_COLORLESS","is_daily":false,"chose_seed":false,"campfire_upgraded":2,"win_rate":0.0,"timestamp":1614419631,"path_taken":["M","?","M","$","M","M","R","E","T","M","E","M","M","M","R","BOSS","M","M","M","M","M","M","R","?","T","E","M","?","E","M","R","BOSS","M","M","?","M","M","E","R","?","T","E","M","M","M","M","R","BOSS","R","$","E","BOSS"],"items_purchased_type":["Relic","Relic","Relic"],"build_version":"2020-12-22","purchased_purges":0,"victory":true,"max_hp_per_floor":[75,75,75,75,75,75,75,75,75,75,75,75,75,75,75,75,75,75,75,75,75,75,75,75,75,75,75,75,75,75,75,75,75,75,75,75,75,75,75,75,75,75,75,75,75,75,75,75,75,75,75,75,75,75,75],"card_choices":[{"not_picked":["Blind","Trip"],"picked":"Dramatic Entrance","floor":0.0},{"not_picked":["Conserve Battery","Gash"],"picked":"Double Energy","floor":1.0},{"not_picked":["Stack","Recycle"],"picked":"Conserve Battery","floor":3.0},{"not_picked":["Leap","Redo","Ball Lightning"],"picked":"SKIP","floor":5.0},{"not_picked":["Go for the Eyes","Sweeping Beam","Streamline"],"picked":"SKIP","floor":6.0},{"not_picked":["Double Energy","Turbo","Fission"],"picked":"SKIP","floor":8.0},{"not_picked":["Hologram","Genetic Algorithm","Melter"],"picked":"SKIP","floor":10.0},{"not_picked":["Storm","Streamline","Redo"],"picked":"SKIP","floor":11.0},{"not_picked":["Turbo","Glacier","BootSequence"],"picked":"SKIP","floor":12.0},{"not_picked":["Streamline","Static Discharge","Hologram"],"picked":"SKIP","floor":13.0},{"not_picked":["Conserve Battery","Cold Snap","Force Field"],"picked":"SKIP","floor":14.0},{"not_picked":["Sweeping Beam"],"picked":"SKIP","floor":18.0},{"not_picked":["Leap"],"picked":"SKIP","floor":19.0},{"not_picked":["Conserve Battery+1"],"picked":"SKIP","floor":20.0},{"not_picked":["Static Discharge"],"picked":"SKIP","floor":21.0},{"not_picked":["Go for the Eyes"],"picked":"SKIP","floor":22.0},{"not_picked":["Blizzard"],"picked":"SKIP","floor":23.0},{"not_picked":["Fusion"],"picked":"SKIP","floor":27},{"not_picked":["Skim+1"],"picked":"SKIP","floor":28},{"not_picked":["FTL"],"picked":"SKIP","floor":30},{"not_picked":["Sunder"],"picked":"SKIP","floor":31},{"not_picked":["Recycle"],"picked":"SKIP","floor":35},{"not_picked":["Sweeping Beam+1"],"picked":"SKIP","floor":36},{"not_picked":["Redo"],"picked":"SKIP","floor":38},{"not_picked":["Gash"],"picked":"SKIP","floor":39},{"not_picked":["Reboot"],"picked":"SKIP","floor":40},{"not_picked":["Conserve Battery+1"],"picked":"SKIP","floor":44},{"not_picked":["Gash"],"picked":"SKIP","floor":45},{"not_picked":["Consume+1"],"picked":"SKIP","floor":46},{"not_picked":["Coolheaded"],"picked":"SKIP","floor":47},{"not_picked":["Melter+1"],"picked":"SKIP","floor":48},{"not_picked":["Undo"],"picked":"SKIP","floor":54}],"player_experience":258232,"relics_obtained":[],"event_choices":[{"damage_healed":0.0,"max_hp_gain":0.0,"max_hp_loss":0.0,"gold_gain":0.0,"event_name":"FaceTrader","player_choice":"Leave","floor":2.0,"gold_loss":0.0,"damage_taken":0.0},{"damage_healed":0,"gold_gain":0,"player_choice":"Ignored","damage_taken":0,"max_hp_gain":0,"max_hp_loss":0,"event_name":"Beggar","floor":25,"gold_loss":0},{"damage_healed":0,"gold_gain":0,"player_choice":"Joined the Cult","damage_taken":6,"max_hp_gain":0,"max_hp_loss":0,"event_name":"Nest","floor":29,"gold_loss":0,"cards_obtained":["RitualDagger"]},{"damage_healed":0,"gold_gain":0,"player_choice":"Ignored","damage_taken":0,"max_hp_gain":0,"max_hp_loss":0,"event_name":"Mysterious Sphere","floor":37,"gold_loss":0}],"is_beta":false,"boss_relics":[{"not_picked":["Runic Dome","Coffee Dripper"],"picked":"Busted Crown"},{"not_picked":["Black Star","Philosopher\u0027s Stone"],"picked":"Nuclear Battery"}],"items_purged_floors":[],"is_endless":false,"potions_floor_spawned":[3,6,10,11,13,14,18,22,28,30,33,35,44,45,47],"ascension_level":0}}