{"host":"iodn1af76021fjto","time":1614408351,"event":{"mods":["AchievementEnabler","BaseMod","BetterRewards","Colored Map","Downfall","Hermit","Infinite Spire","Jorbs\u0027s Wanderer Trilogy","Minty Spire (QoL Compilation)","Quick Restart","StSLib","SuperFastMode","The Cursed","The Hierophant","The Jungle","The Runesmith","The Servant 0.9.4"],"gold_per_floor":[117,132,146,221,1,31,31,47,47,82,82,82,94,105,105,105,105],"floor_reached":16,"language":"ENG","playtime":591,"items_purged":["Strike_G"],"score":134,"play_id":"b31ee0fa-702d-4378-ac7b-8bd022aebf20","local_time":"20210227014551","is_ascension_mode":true,"campfire_choices":[{"floor":12,"key":"REST"},{"data":"Distraction","floor":15,"key":"SMITH"}],"circlet_count":0,"master_deck":["Strike_G","Strike_G","Strike_G","Strike_G","Defend_G","Defend_G","Defend_G","Defend_G","Defend_G","Survivor","Neutralize","Sucker Punch","Prepared","Blade Dance+1","Deflect","Distraction+1","Deflect","Underhanded Strike"],"relics":["Ring of the Snake","PreservedInsect","Dead Branch","Unceasing Top","White Beast Statue"],"acts_visited":["Exordium"],"potions_floor_usage":[16,16],"damage_taken":[{"damage":13,"enemies":"Jaw Worm","floor":1,"turns":7},{"damage":0,"enemies":"Cultist","floor":2,"turns":3},{"damage":5,"enemies":"2 Louse","floor":3,"turns":3},{"damage":21,"enemies":"Gremlin Nob","floor":6,"turns":4},{"damage":0,"enemies":"Exordium Wildlife","floor":8,"turns":4},{"damage":26,"enemies":"Lagavulin","floor":10,"turns":5},{"damage":0,"enemies":"Looter","floor":13,"turns":3},{"damage":0,"enemies":"Blue Slaver","floor":14,"turns":2},{"damage":44,"enemies":"The Guardian","floor":16,"turns":13}],"seed_played":"-5305846557416453976","potions_obtained":[{"floor":2,"key":"Dexterity Potion"},{"floor":13,"key":"Swift Potion"},{"floor":14,"key":"Regen Potion"}],"is_trial":false,"path_per_floor":["M","M","M","?","$","E","?","M","T","E","?","R","M","M","R","B"],"character_chosen":"THE_SILENT","items_purchased":["PreservedInsect"],"campfire_rested":1,"item_purchase_floors":[5],"current_hp_per_floor":[64,64,59,52,52,31,31,31,31,5,5,28,28,28,28,0,0],"gold":105,"neow_bonus":"TEN_PERCENT_HP_BONUS","is_daily":false,"chose_seed":false,"campfire_upgraded":1,"win_rate":0.0,"timestamp":1614408351,"path_taken":["M","M","M","?","?","E","?","?","T","E","?","R","M","M","R","BOSS"],"items_purchased_type":["Relic"],"build_version":"2020-12-22","purchased_purges":1,"victory":false,"max_hp_per_floor":[77,77,77,77,77,77,77,77,77,77,77,77,77,77,77,77,77],"card_choices":[{"not_picked":["Underhanded Strike","Prepared"],"picked":"Sucker Punch","floor":1},{"not_picked":["Well Laid Plans","Sucker Punch"],"picked":"Prepared","floor":2},{"not_picked":["Slice","Caltrops"],"picked":"Blade Dance","floor":3},{"not_picked":["Glass Knife","Dodge and Roll"],"picked":"Deflect","floor":6},{"not_picked":["Bouncing Flask","Deadly Poison"],"picked":"Distraction","floor":8},{"not_picked":["Dagger Throw","Prepared","Slice"],"picked":"SKIP","floor":10},{"not_picked":["Poisoned Stab","Outmaneuver"],"picked":"Deflect","floor":13},{"not_picked":["Prepared","Reflex"],"picked":"Underhanded Strike","floor":14}],"player_experience":294882,"relics_obtained":[{"floor":6,"key":"Dead Branch"},{"floor":9,"key":"Unceasing Top"},{"floor":10,"key":"White Beast Statue"}],"event_choices":[{"damage_healed":0,"gold_gain":75,"player_choice":"Touch","damage_taken":7,"max_hp_gain":0,"max_hp_loss":0,"event_name":"FaceTrader","floor":4,"gold_loss":0},{"damage_healed":0,"gold_gain":0,"player_choice":"Ignored","damage_taken":0,"max_hp_gain":0,"max_hp_loss":0,"event_name":"Liars Game","floor":7,"gold_loss":0},{"damage_healed":0,"gold_gain":0,"player_choice":"Grow","damage_taken":0,"max_hp_gain":0,"max_hp_loss":0,"event_name":"Living Wall","floor":11,"gold_loss":0,"cards_upgraded":["Blade Dance"]}],"is_beta":false,"boss_relics":[],"items_purged_floors":[5],"is_endless":false,"potions_floor_spawned":[2,13,14],"killed_by":"The Guardian","ascension_level":4}}