{"host":"ez9lh5a3k31ytd04","time":1614414584,"event":{"mods":["Act Like it!","Arknights","Aspiration","BaseMod","Conspire","Downfall","Energized Spire","Jedi Mod","Minty Spire (QoL Compilation)","Quarter Circle Forward PUNCH!","Quick Restart","Relic Filter Mod","Reliquary","Replay The Spire","Spicy Shops","StSLib","TestMod","noobMod","¡¾ÒÅÎï¿¨ÅÆ¡¿REMEMod"],"gold_per_floor":[112,387,400,400,400,427,453,484,507,541,541,569,8,36,36,149,149,180,205,9,51,100,147,190,235,318,31,197,422,798,1022,1022,1287,1287,1405,1067,1027,1092,1314,1537,1233,1233,1233,1394,875,1011,1011,1114,1114,1291,1291,1352,602,602,602,708,811,293,367,404,483,483,554,554,136,136,282,282,343,234,234,308,308,308,308,308,385,385,503,503,9,9,9,148,148,212,339,52,52,52,52,52,52,264,264,406,547,654,767,767,946,946,1023,875,875,875,825,825,825,825,961,961,961,462,598,17,17,204,204,263,263],"floor_reached":120,"language":"ZHS","playtime":6509,"items_purged":["Pride","Regret","Twin Strike","conspire:NecroticWound","Amnesia","REME_CurseOfMatryoshka+2","Sickly","Twin Strike+1","Corruption+1","Injury","Demonic Infusion+1","Armaments+1","Injury","conspire:Purge+1","Decay","ReplayTheSpireMod:Splinters","Parasite"],"score":3650,"play_id":"7116c5aa-908e-4163-bf1c-233bfbb89e96","local_time":"20210227162944","daily_mods":["SealedDeck","Flight","DeadlyEvents","Elite Swarm"],"is_ascension_mode":false,"campfire_choices":[{"data":"REME_Scribble","floor":11,"key":"SMITH"},{"data":"Rupture+1","floor":32,"key":"SMITH"},{"data":"Rupture+2","floor":42,"key":"SMITH"},{"data":"Rupture+3","floor":42,"key":"SMITH"},{"data":"Rupture+4","floor":47,"key":"SMITH"},{"data":"Rupture+5","floor":47,"key":"SMITH"},{"data":"Rupture+6","floor":49,"key":"SMITH"},{"data":"Rupture+7","floor":49,"key":"SMITH"},{"data":"Heavy Blade+1","floor":62,"key":"SMITH"},{"data":"Heavy Blade+2","floor":62,"key":"SMITH"},{"data":"Heavy Blade+3","floor":64,"key":"SMITH"},{"data":"Heavy Blade+4","floor":64,"key":"SMITH"},{"data":"Heavy Blade+5","floor":66,"key":"SMITH"},{"data":"Heavy Blade+6","floor":66,"key":"SMITH"},{"data":"Heavy Blade+7","floor":74,"key":"SMITH"},{"data":"Heavy Blade+8","floor":74,"key":"SMITH"},{"data":"Heavy Blade+9","floor":75,"key":"SMITH"},{"data":"Heavy Blade+10","floor":75,"key":"SMITH"},{"data":"Heavy Blade+11","floor":76,"key":"SMITH"},{"data":"Heavy Blade+12","floor":76,"key":"SMITH"},{"data":"Heavy Blade+13","floor":78,"key":"SMITH"},{"data":"Heavy Blade+14","floor":78,"key":"SMITH"},{"data":"REME_Scribble+1","floor":80,"key":"SMITH"},{"data":"REME_Scribble+2","floor":80,"key":"SMITH"},{"data":"REME_Scribble+4","floor":83,"key":"SMITH"},{"data":"REME_Scribble+5","floor":83,"key":"SMITH"},{"data":"Shame","floor":91,"key":"PURGE"},{"data":"REME_Scribble+6","floor":92,"key":"SMITH"},{"data":"REME_Scribble+7","floor":92,"key":"SMITH"},{"data":"REME_Scribble+8","floor":93,"key":"SMITH"},{"data":"REME_Scribble+9","floor":93,"key":"SMITH"},{"data":"REME_Scribble+10","floor":95,"key":"SMITH"},{"data":"REME_Scribble+11","floor":95,"key":"SMITH"},{"data":"Heavy Blade+15","floor":100,"key":"SMITH"},{"data":"Heavy Blade+16","floor":100,"key":"SMITH"},{"data":"REME_Scribble+12","floor":108,"key":"SMITH"},{"data":"REME_Scribble+13","floor":108,"key":"SMITH"},{"data":"REME_Scribble+14","floor":109,"key":"SMITH"},{"data":"REME_Scribble+15","floor":109,"key":"SMITH"},{"data":"REME_Scribble+16","floor":110,"key":"SMITH"},{"data":"REME_Scribble+17","floor":110,"key":"SMITH"},{"data":"Heavy Blade+17","floor":112,"key":"SMITH"},{"data":"REME_Scribble+18","floor":112,"key":"SMITH"},{"data":"REME_Scribble+19","floor":113,"key":"SMITH"},{"data":"REME_Scribble+20","floor":113,"key":"SMITH"},{"data":"Heavy Blade+18","floor":117,"key":"SMITH"},{"data":"Heavy Blade+19","floor":117,"key":"SMITH"}],"circlet_count":0,"master_deck":["Limit Break+1","Limit Break+1","Heavy Blade+20","Replay:Undeath\u0027s Touch+1","REME_Scribble+21","Exhume+1","Exhume+1","Offering+1"],"relics":["Burning Blood","testmod-TestBox","jedi:maincommand","REME_ComplimentaryCards","ice","testmod-CyclicPeriapt","Blue Doll","Blood Vial","conspire:InfiniteJournal","Molten Egg 2","reliquary:TatteredRug","Bird Faced Urn","Matryoshka","Membership Card","Replay:Wax Seal","Toxic Egg 2","testmod-Charity","ats:Gyao","testmod-PortableAltar","Tiny Chest","Onion Ring","Vajra","jedi:cryingmask","Frozen Egg 2","Red Skull","Smiling Mask","Whetstone","Golden Egg","BargainBundle","testmod-AssaultLearning","Replay:Bandana","conspire:TreasureMap","Grinning Jar","Bag of Preparation","Iron Hammer","Potion Belt","Black Star","Replay:Arrowhead","Bottled Tornado","Replay:Baseball","War Paint","Guide Book","reliquary:BrokenClock","Bag of Marbles","reliquary:PartyBalloon","testmod-Laevatain","Quantum Egg","Blue Candle","Bag of Marbles","ReplayTheSpireMod:CursedCoin","Shuriken","Ancient Tea Set","Anchor","reliquary:Buckler","Sling","Question Card","Darkstone Periapt","reliquary:IridiumChain","Orichalcum","Old Coin","Brimstone","Chemical X","jedi:leech","Replay:Bottled Eggs","Pet Ghost","Lantern","Mummified Hand","Calling Bell","jedi:shrinkray","Paper Frog","jedi:gremlinknob","jedi:maincommand","ice","DollysMirror","reliquary:Bookmark","ReplayTheSpireMod:TigerMarble","Lantern","Bag of Marbles","Happy Flower","reliquary:FeatherDuster","Du-Vu Doll","OrangePellets","Juzu Bracelet","reliquary:SilkGlove","REME_LimitBreaker","Orrery","reliquary:SharkskinSheath","reliquary:NewFriend","jedi:fakemustache","Nunchaku","testmod-Brilliant","reliquary:FingerTrap","Kunai","qcfpunch:Dark_Gi","ReplayTheSpireMod:Shallot","TheAbacus","Cauldron","PreservedInsect","Magic Flower","testmod-IndustrialRevolution","Gremlin Food","ClockworkSouvenir","reliquary:CitrusReamer","Gremlin Horn","Sundial","Strawberry","reliquary:Pushpin","ats:Tactical Delivery","CaptainsWheel","Bottled Lightning","REME_ArchaeologicalTools","Peace Pipe","Frozen Eye","Coffee Dripper","jedi:maincommand","ice","REME_OnlineShoppingPlatform","aspiration:Nostalgia","Cracked Core","Bronze Scales","ReplayTheSpireMod:Ninjato","Omamori","Thread and Needle","Golden Idol","ReplayTheSpireMod:Ring of Collecting","Strange Spoon","Ice Cream","testmod-OneHitWonder","Dream Catcher","ReplayTheSpireMod:Spearhead","PrismaticShard","Calipers","reliquary:RoseTintedGlasses","HandDrill","Medical Kit","conspire:Flyswatter","reliquary:Sideboard","aspiration:PoetsPen"],"acts_visited":["Exordium","TheCity","TheBeyond","Exordium","TheCity","TheBeyond","Exordium","TheCity"],"potions_floor_usage":[56,86,88],"damage_taken":[{"damage":0,"enemies":"Cultist","floor":1,"turns":1},{"damage":13,"enemies":"Jaw Worm","floor":3,"turns":2},{"damage":27,"enemies":"3 Sentries","floor":6,"turns":4},{"damage":24,"enemies":"Lagavulin","floor":7,"turns":3},{"damage":15,"enemies":"Gremlin Nob","floor":8,"turns":3},{"damage":18,"enemies":"3 Sentries","floor":10,"turns":4},{"damage":5,"enemies":"Lagavulin","floor":12,"turns":3},{"damage":28,"enemies":"3 Sentries","floor":14,"turns":4},{"damage":43,"enemies":"Slime Boss","floor":16,"turns":4},{"damage":50,"enemies":"3 Byrds","floor":18,"turns":4},{"damage":9,"enemies":"Chosen","floor":19,"turns":2},{"damage":23,"enemies":"Gremlin Leader","floor":21,"turns":4},{"damage":26,"enemies":"conspire:MimicChest","floor":22,"turns":3},{"damage":39,"enemies":"Slavers","floor":23,"turns":3},{"damage":1,"enemies":"REME_1_Revenger","floor":24,"turns":2},{"damage":23,"enemies":"Slavers","floor":25,"turns":2},{"damage":14,"enemies":"Book of Stabbing","floor":28,"turns":2},{"damage":3,"enemies":"Slavers","floor":29,"turns":1},{"damage":3,"enemies":"conspire:Head Lice","floor":30,"turns":1},{"damage":15,"enemies":"Book of Stabbing","floor":31,"turns":1},{"damage":6,"enemies":"Automaton","floor":33,"turns":1},{"damage":3,"enemies":"3 Shapes","floor":35,"turns":1},{"damage":10,"enemies":"R_Hoarder","floor":39,"turns":1},{"damage":10,"enemies":"Reptomancer","floor":40,"turns":2},{"damage":34,"enemies":"R_Hoarder","floor":44,"turns":3},{"damage":10,"enemies":"Giant Head","floor":46,"turns":1},{"damage":8,"enemies":"R_Hoarder","floor":48,"turns":1},{"damage":3,"enemies":"conspire:OrnateMirror","floor":50,"turns":1},{"damage":21,"enemies":"Cultist","floor":52,"turns":2},{"damage":19,"enemies":"3 Sentries","floor":56,"turns":4},{"damage":1,"enemies":"Lagavulin","floor":57,"turns":1},{"damage":0,"enemies":"Gremlin Nob","floor":59,"turns":1},{"damage":5,"enemies":"Lagavulin","floor":61,"turns":1},{"damage":0,"enemies":"Gremlin Nob","floor":63,"turns":1},{"damage":0,"enemies":"Hexaghost","floor":67,"turns":1},{"damage":0,"enemies":"Chosen","floor":69,"turns":1},{"damage":0,"enemies":"Book of Stabbing","floor":72,"turns":1},{"damage":0,"enemies":"Gremlin Leader","floor":77,"turns":1},{"damage":0,"enemies":"Champ","floor":84,"turns":1},{"damage":0,"enemies":"Orb Walker","floor":86,"turns":1},{"damage":0,"enemies":"2 Orb Walkers","floor":87,"turns":1},{"damage":0,"enemies":"R_Hoarder","floor":94,"turns":1},{"damage":0,"enemies":"Reptomancer","floor":96,"turns":1},{"damage":0,"enemies":"R_Hoarder","floor":97,"turns":2},{"damage":0,"enemies":"Nemesis","floor":98,"turns":1},{"damage":0,"enemies":"R_Hoarder","floor":99,"turns":1},{"damage":0,"enemies":"Time Eater","floor":101,"turns":1},{"damage":0,"enemies":"2 Louse","floor":103,"turns":1},{"damage":0,"enemies":"3 Sentries","floor":111,"turns":1},{"damage":0,"enemies":"Gremlin Nob","floor":115,"turns":2},{"damage":0,"enemies":"Hexaghost","floor":118,"turns":1},{"damage":0,"enemies":"Shell Parasite","floor":120,"turns":1}],"seed_played":"1276002468825623390","potions_obtained":[{"floor":1,"key":"jedi:wingpotion"},{"floor":7,"key":"champ:CounterPotion"},{"floor":10,"key":"SteroidPotion"},{"floor":12,"key":"Venom Potion"},{"floor":25,"key":"Adrenaline Potion"},{"floor":28,"key":"DistilledChaos"},{"floor":29,"key":"Adrenaline Potion"},{"floor":31,"key":"AttackPotion"},{"floor":33,"key":"testmod-TestPotion"},{"floor":37,"key":"PowerPotion"},{"floor":37,"key":"FairyPotion"},{"floor":37,"key":"Block Potion"},{"floor":39,"key":"Elixir"},{"floor":46,"key":"Ancient Potion"},{"floor":48,"key":"jedi:StrikingPotion"},{"floor":50,"key":"Adrenaline Potion"},{"floor":57,"key":"Strength Potion"},{"floor":70,"key":"Regen Potion"},{"floor":70,"key":"ColorlessPotion"},{"floor":70,"key":"jedi:tentaclejuice"},{"floor":70,"key":"Energy Potion"},{"floor":70,"key":"Fire Potion"},{"floor":72,"key":"SteroidPotion"},{"floor":84,"key":"Elixir"},{"floor":86,"key":"testmod-SpacePotion"},{"floor":87,"key":"jedi:mysterypotion"},{"floor":97,"key":"Block Potion"},{"floor":101,"key":"Weak Potion"}],"is_trial":true,"path_per_floor":["M","?","M","?","T","E","E","E","T","E","R","E","$","E","R","B",null,"M","M","$","E","?","E","E","E","T","$","E","E","E","E","R","B",null,"M","$","?","T","E","E","$","R","T","E","$","E","R","E","R","B",null,"M","$","?","?","E","E","$","E","T","E","R","E","R","$","R","B",null,"M","$","?","E","?","R","R","R","E","R","?","R","$","?","R","B",null,"M","?","$","?","?","R","R","R","E","R","E","E","E","E","R","B",null,"M","$","?","?","?","R","R","R","E","R","R","$","E","$","R","B",null,"M"],"character_chosen":"IRONCLAD","items_purchased":["jedi:command_shop","jedi:command_common","jedi:command_uncommon","jedi:command_shop","jedi:command_common","jedi:command_uncommon","jedi:command_shop","jedi:command_common","jedi:command_common","jedi:command_shop","jedi:command_rare","jedi:command_uncommon","jedi:command_common","jedi:command_common","jedi:command_shop","jedi:command_shop","Flex+1","Clash+1","jedi:command_shop","jedi:command_uncommon","jedi:command_common","jedi:command_common","jedi:command_common","jedi:command_shop","Flex+1","Inflame+1","jedi:command_common","jedi:command_rare","jedi:command_shop","jedi:command_shop","jedi:command_uncommon","jedi:command_common","Apotheosis+1","jedi:command_shop","jedi:command_shop","jedi:command_common","jedi:command_uncommon","jedi:command_uncommon","jedi:command_common","Searing Blow+1","jedi:command_shop","jedi:command_common","jedi:command_common","jedi:command_uncommon","jedi:command_shop","jedi:command_common","jedi:command_shop","jedi:command_common","jedi:command_rare","jedi:command_shop","REME_GoldPotion","jedi:command_uncommon","jedi:command_uncommon","jedi:command_shop","jedi:command_shop","jedi:command_common","LiquidMemories","FearPotion","Elixir","Dexterity Potion","jedi:command_rare","jedi:command_common","jedi:command_shop","jedi:command_shop","jedi:command_uncommon","jedi:command_uncommon","jedi:command_common","jedi:command_rare","DuplicationPotion","Explosive Potion","testmod-SpacePotion","SpeedPotion","jedi:command_uncommon","jedi:command_uncommon","jedi:command_rare","jedi:command_shop","jedi:command_shop","jedi:command_shop","jedi:command_common","jedi:command_uncommon","jedi:command_common","jedi:command_rare","jedi:command_shop","jedi:command_rare","jedi:command_common","jedi:command_common","jedi:command_common","jedi:command_shop","jedi:command_rare","jedi:command_common","jedi:command_shop","jedi:command_shop","jedi:command_uncommon","jedi:command_uncommon"],"campfire_rested":0,"item_purchase_floors":[13,13,13,13,20,20,27,27,27,27,36,36,36,36,36,36,36,36,41,41,41,41,41,41,45,45,45,45,45,45,45,45,45,53,53,53,53,53,53,53,58,58,58,58,58,58,65,65,65,65,65,65,70,70,70,70,70,70,70,70,70,70,81,81,81,81,81,81,88,88,88,88,88,88,88,88,104,104,104,104,104,104,114,114,114,114,114,114,116,116,116,116,116,116],"current_hp_per_floor":[80,80,75,59,59,42,30,27,27,19,19,29,29,20,51,27,113,79,86,86,86,77,55,67,59,60,60,68,91,122,141,141,162,239,248,257,256,256,270,284,293,293,293,282,288,303,303,318,318,331,336,338,342,341,333,327,339,345,355,355,357,356,358,357,365,364,366,238,240,260,265,267,266,265,264,263,265,264,270,269,282,281,280,285,284,318,330,334,333,332,331,330,329,351,350,398,474,492,510,509,527,526,529,533,532,537,536,535,534,533,618,617,616,615,735,737,736,762,761,786,786],"gold":263,"neow_bonus":"","is_daily":false,"chose_seed":false,"campfire_upgraded":46,"win_rate":0.0,"timestamp":1614414584,"path_taken":["M","?","?","?","?","E","E","E","T","E","R","E","$","E","R","BOSS","M","?","$","?","?","E","E","E","T","$","E","E","E","E","R","BOSS","M","$","?","?","?","E","$","R","T","E","$","E","R","E","R","BOSS","M","$","?","?","?","E","$","E","T","E","R","?","R","$","R","BOSS","M","$","?","?","?","R","R","R","E","R","?","R","$","?","R","BOSS","M","?","$","?","?","R","R","R","E","R","E","E","E","?","R","BOSS","M","$","?","?","?","R","R","R","E","R","R","$","?","$","R","BOSS","M"],"items_purchased_type":["Relic","Relic","Relic","Relic","Relic","Relic","Relic","Relic","Relic","Relic","Relic","Relic","Relic","Relic","Relic","Relic","Card","Card","Relic","Relic","Relic","Relic","Relic","Relic","Card","Card","Relic","Relic","Relic","Relic","Relic","Relic","Card","Relic","Relic","Relic","Relic","Relic","Relic","Card","Relic","Relic","Relic","Relic","Relic","Relic","Relic","Relic","Relic","Relic","Potion","Relic","Relic","Relic","Relic","Relic","Potion","Potion","Potion","Potion","Relic","Relic","Relic","Relic","Relic","Relic","Relic","Relic","Potion","Potion","Potion","Potion","Relic","Relic","Relic","Relic","Relic","Relic","Relic","Relic","Relic","Relic","Relic","Relic","Relic","Relic","Relic","Relic","Relic","Relic","Relic","Relic","Relic","Relic"],"build_version":"2020-12-22","purchased_purges":17,"victory":false,"max_hp_per_floor":[80,80,82,82,82,86,90,94,94,96,96,99,99,106,106,113,113,122,125,124,136,142,148,148,154,154,153,164,179,204,225,224,240,239,248,257,256,256,272,288,296,295,294,306,311,317,316,324,323,331,336,338,342,341,340,344,348,353,355,355,357,356,358,357,365,364,366,238,240,260,265,267,266,265,264,263,265,264,270,269,282,281,280,285,284,318,330,334,333,332,331,330,329,351,350,398,474,492,510,509,527,526,529,533,532,537,536,535,534,533,618,617,616,615,735,737,736,762,761,786,786],"card_choices":[{"not_picked":["Flex","Cleave"],"picked":"REME_Scribble","floor":1},{"not_picked":["jedi:fear","Iron Wave","Disarm"],"picked":"SKIP","floor":3},{"not_picked":["REME_TheLastStrike","Juggernaut","Bludgeon"],"picked":"SKIP","floor":6},{"not_picked":["Immolate","Bludgeon"],"picked":"Limit Break","floor":7},{"not_picked":["Impervious","jedi:bloodyhammer","jedi:unlimitedpower"],"picked":"SKIP","floor":8},{"not_picked":["REME_Fury","Berserk"],"picked":"Exhume","floor":10},{"not_picked":["REME_TheLastStrike+1","Fiend Fire+1","Immolate+1"],"picked":"SKIP","floor":12},{"not_picked":["jedi:bloodyhammer+1","Reaper+1","Impervious+1"],"picked":"SKIP","floor":14},{"not_picked":["Defy Death+1","Headbutt+1"],"picked":"Replay:Undeath\u0027s Touch+1","floor":18},{"not_picked":["jedi:fear+1","Fire Breathing","Warcry+1"],"picked":"SKIP","floor":19},{"not_picked":["Impervious+1","conspire:Purge+1"],"picked":"Limit Break+1","floor":21},{"not_picked":["Thunderclap+1","Intimidate+1"],"picked":"Clash+1","floor":22},{"not_picked":["Reaper+1","Double Tap+1","Eclipse+1"],"picked":"SKIP","floor":23},{"not_picked":["jedi:bloodyhammer+1","Berserk+1"],"picked":"Offering+1","floor":24},{"not_picked":["Juggernaut+1","Reaper+1","REME_TheLastStrike+1"],"picked":"SKIP","floor":25},{"not_picked":["Barricade+1","Demonic Infusion+1"],"picked":"REME_ACTH+1","floor":28},{"not_picked":["jedi:bloodyhammer+1","REME_TheLastStrike+1","conspire:Purge+1"],"picked":"SKIP","floor":29},{"not_picked":["Berserk+1","conspire:Purge+1"],"picked":"Limit Break+1","floor":30},{"not_picked":["Brutality+1","Berserk+1"],"picked":"REME_ACTH+1","floor":31},{"not_picked":["conspire:ExplosiveBarrier+1","Iron Wave+1"],"picked":"Clash+1","floor":35},{"not_picked":["REME_TheLastStrike+1","Replay:Many Hands+1"],"picked":"Corruption+1","floor":39},{"not_picked":["Exhume+1","Feed+1","jedi:harder+1"],"picked":"SKIP","floor":40},{"not_picked":["Corruption+1","Fiend Fire+1","Demon Form+1"],"picked":"Offering+1","floor":44},{"not_picked":["Hemogenesis+1","Barricade+1","Double Tap+1"],"picked":"Offering+1","floor":46},{"not_picked":["jedi:bloodyhammer+1","Corruption+1","REME_TheLastStrike+1"],"picked":"Offering+1","floor":48},{"not_picked":["REME_Fury+1","REME_ACTH+1","Exhume+1"],"picked":"Offering+1","floor":50},{"not_picked":["Combust+1","Rage+1","Sentinel+1","ReplayTheSpireMod:Corrosion Curse+1"],"picked":"SKIP","floor":52},{"not_picked":["Impervious+1","Bludgeon+1","Double Tap+1","Barricade+1"],"picked":"SKIP","floor":56},{"not_picked":["Reaper+1","Brutality+1","Replay:Many Hands+1"],"picked":"conspire:Purge+1","floor":57},{"not_picked":["Clothesline+1","Seeing Red+1","Sword Boomerang+1"],"picked":"Heavy Blade+1","floor":58},{"not_picked":["Havoc+1","Metallicize+1","Sentinel+1"],"picked":"Replay:Undeath\u0027s Touch+1","floor":58},{"not_picked":["REME_SingleHolding+1","ReplayTheSpireMod:LeadingStrike+1","Havoc+1"],"picked":"Armaments+1","floor":58},{"not_picked":["Brutality+1","jedi:unlimitedpower","Replay:Many Hands+1"],"picked":"Demonic Infusion+1","floor":59},{"not_picked":["Bludgeon+1","Impervious+1","Immolate+1","REME_TheLastStrike+1"],"picked":"SKIP","floor":61},{"not_picked":["jedi:unlimitedpower","Double Tap+1","REME_ACTH+1","Demonic Infusion+1"],"picked":"SKIP","floor":63},{"not_picked":["Wild Strike+1","Run Through+1","jedi:MakeshiftSword+1","Pommel Strike+1"],"picked":"SKIP","floor":69},{"not_picked":["REME_TheLastStrike+1","Offering+1","Demonic Infusion+1","jedi:unlimitedpower"],"picked":"SKIP","floor":72},{"not_picked":["Impervious+1","Offering+1","REME_ACTH+1","REME_TheLastStrike+1"],"picked":"SKIP","floor":77},{"not_picked":["Headbutt+1","Run Through+1","Replay:Undeath\u0027s Touch+1"],"picked":"REME_Scribble+1","floor":79},{"not_picked":["Double Tap+1","Limit Break+1","jedi:strikingstrike+1"],"picked":"Exhume+1","floor":84},{"not_picked":["Clothesline+1","Twin Strike+1","REME_FearOfPain+1","Pommel Strike+1"],"picked":"SKIP","floor":86},{"not_picked":["Hemogenesis+1","REME_Fury+1","Demon Form+1","Double Tap+1"],"picked":"SKIP","floor":94},{"not_picked":["jedi:bloodyhammer+1","Eclipse+1","Corruption+1"],"picked":"Exhume+1","floor":96},{"not_picked":["Bludgeon+1","Feed+1","REME_ACTH+1","Demon Form+1"],"picked":"SKIP","floor":97},{"not_picked":["Juggernaut+1","Feed+1","REME_ACTH+1","conspire:HitWhereItHurts+1"],"picked":"SKIP","floor":98},{"not_picked":["Brutality+1","Juggernaut+1","Fiend Fire+1","Double Tap+1"],"picked":"SKIP","floor":99},{"not_picked":["Limit Break+1","REME_Fury+1","Demonic Infusion+1"],"picked":"Offering+1","floor":101},{"not_picked":["Perfected Strike+1","Wild Strike+1","REME_Cut+1","ReplayTheSpireMod:Strike From Hell+1"],"picked":"SKIP","floor":103},{"not_picked":["Berserk+1","conspire:Purge+1","REME_TheLastStrike+1","Feed+1"],"picked":"SKIP","floor":111},{"not_picked":["testmod-AutoReboundSystem+1","champ:EnchantShield+1","REME_SpectralBlade+1","Guardian:BaubleBeam+1"],"picked":"SKIP","floor":115},{"not_picked":["champ:AdrenalArmor+1","champ:Backstep+1","jedi:forcepull+1","Slimebound:GoopSpray+1"],"picked":"SKIP","floor":120},{"not_picked":["champ:AdrenalArmor+1","champ:Backstep+1","jedi:forcepull+1","Slimebound:GoopSpray+1"],"picked":"SKIP","floor":120}],"player_experience":91407,"relics_obtained":[{"floor":5,"key":"jedi:command_common"},{"floor":6,"key":"jedi:command_common"},{"floor":7,"key":"jedi:command_rare"},{"floor":8,"key":"jedi:command_uncommon"},{"floor":9,"key":"jedi:command_common"},{"floor":10,"key":"jedi:command_rare"},{"floor":12,"key":"jedi:command_uncommon"},{"floor":14,"key":"jedi:command_rare"},{"floor":21,"key":"jedi:command_common"},{"floor":22,"key":"jedi:command_common"},{"floor":23,"key":"jedi:command_uncommon"},{"floor":24,"key":"jedi:command_common"},{"floor":25,"key":"jedi:command_common"},{"floor":26,"key":"jedi:command_common"},{"floor":26,"key":"jedi:command_uncommon"},{"floor":28,"key":"jedi:command_common"},{"floor":29,"key":"jedi:command_common"},{"floor":30,"key":"jedi:command_uncommon"},{"floor":31,"key":"jedi:command_common"},{"floor":38,"key":"jedi:command_common"},{"floor":38,"key":"jedi:command_common"},{"floor":39,"key":"jedi:command_rare"},{"floor":39,"key":"jedi:command_uncommon"},{"floor":40,"key":"jedi:command_uncommon"},{"floor":40,"key":"jedi:command_uncommon"},{"floor":43,"key":"jedi:command_uncommon"},{"floor":44,"key":"jedi:command_uncommon"},{"floor":44,"key":"jedi:command_uncommon"},{"floor":46,"key":"jedi:command_uncommon"},{"floor":46,"key":"jedi:command_common"},{"floor":48,"key":"jedi:command_common"},{"floor":48,"key":"jedi:command_uncommon"},{"floor":51,"key":"jedi:command_common"},{"floor":51,"key":"jedi:command_uncommon"},{"floor":51,"key":"jedi:command_rare"},{"floor":56,"key":"jedi:command_rare"},{"floor":60,"key":"jedi:command_uncommon"},{"floor":73,"key":"jedi:command_common"},{"floor":87,"key":"jedi:command_rare"},{"floor":106,"key":"ReplayTheSpireMod:Ring of Collecting"}],"event_choices":[{"damage_healed":0,"gold_gain":275,"player_choice":"Desecrate","damage_taken":0,"max_hp_gain":0,"max_hp_loss":0,"event_name":"Golden Shrine","floor":2,"gold_loss":0,"cards_obtained":["Regret"]},{"damage_healed":0,"gold_gain":0,"player_choice":"Entered Light","damage_taken":16,"max_hp_gain":0,"max_hp_loss":0,"event_name":"Shining Light","floor":4,"gold_loss":0,"cards_upgraded":["Rupture","Twin Strike"]},{"damage_healed":0,"gold_gain":0,"player_choice":"Bought 3 Potions","damage_taken":0,"max_hp_gain":0,"max_hp_loss":0,"event_name":"The Woman in Blue","floor":37,"gold_loss":0},{"damage_healed":0,"gold_gain":0,"player_choice":"Success","damage_taken":7,"relics_obtained":["jedi:command_uncommon"],"max_hp_gain":0,"max_hp_loss":0,"event_name":"Scrap Ooze","floor":55,"gold_loss":0},{"damage_healed":0,"gold_gain":0,"player_choice":"Cursed","damage_taken":0,"max_hp_gain":0,"max_hp_loss":0,"event_name":"Wheel of Change","floor":71,"gold_loss":0,"cards_obtained":["Decay"]},{"damage_healed":0,"gold_gain":0,"player_choice":"Upgraded","damage_taken":0,"max_hp_gain":0,"max_hp_loss":0,"event_name":"Upgrade Shrine","floor":82,"gold_loss":0,"cards_upgraded":["REME_Scribble"]},{"damage_healed":0,"gold_gain":0,"player_choice":"Fight","damage_taken":0,"max_hp_gain":0,"max_hp_loss":0,"event_name":"Mysterious Sphere","floor":87,"gold_loss":0},{"damage_healed":0,"gold_gain":0,"player_choice":"Memory 1","damage_taken":0,"max_hp_gain":0,"max_hp_loss":0,"event_name":"SensoryStone","floor":89,"gold_loss":0},{"cards_removed":["REME_ACTH"],"damage_healed":0,"gold_gain":0,"player_choice":"Removed Skill","damage_taken":0,"max_hp_gain":0,"max_hp_loss":0,"event_name":"Falling","floor":90,"gold_loss":0},{"damage_healed":0,"gold_gain":0,"player_choice":"Take Wound","damage_taken":0,"relics_obtained":["Golden Idol"],"max_hp_gain":0,"max_hp_loss":0,"event_name":"Golden Idol","floor":105,"gold_loss":0,"cards_obtained":["Injury"]},{"cards_removed":["conspire:Blindness"],"damage_healed":0,"gold_gain":0,"player_choice":"Card Removal","damage_taken":0,"max_hp_gain":0,"max_hp_loss":0,"event_name":"The Cleric","floor":107,"gold_loss":50}],"is_beta":false,"boss_relics":[{"not_picked":["jedi:command_boss","jedi:command_boss"],"picked":"jedi:command_boss"},{"not_picked":["jedi:command_boss","jedi:command_boss"],"picked":"jedi:command_boss"},{"not_picked":["jedi:command_boss","jedi:command_boss"],"picked":"jedi:command_boss"},{"not_picked":["jedi:command_boss","jedi:command_boss"],"picked":"jedi:command_boss"},{"not_picked":["jedi:command_boss","jedi:command_boss"],"picked":"jedi:command_boss"},{"not_picked":["jedi:command_boss","jedi:command_boss"],"picked":"jedi:command_boss"},{"not_picked":["jedi:command_boss","jedi:command_boss"],"picked":"jedi:command_boss"}],"items_purged_floors":[27,36,36,41,41,45,45,53,53,58,65,65,70,70,88,88,116],"is_endless":true,"potions_floor_spawned":[1,7,10,12,22,25,28,29,30,31,33,39,46,48,50,57,72,84,86,87,97,101,111,115,120],"killed_by":"Shell Parasite","ascension_level":0}}