{"host":"h49usdrjeju7gyhi","time":1614394603,"event":{"mods":["BaseMod","Bestiary","Colored Map","Minty Spire (QoL Compilation)","StSLib","The Animator"],"gold_per_floor":[119,119,147,147,51,81,6,35,35,35,35,55,0,21,21,21,21],"floor_reached":16,"language":"ENG","playtime":729,"items_purged":["animator:Strike_Konosuba"],"score":250,"play_id":"1e204390-3dc7-4fec-878d-126c3181fd5f","local_time":"20210226215643","is_ascension_mode":true,"campfire_choices":[{"data":"animator:Greed","floor":10,"key":"SMITH"},{"data":"animator:Lu","floor":15,"key":"SMITH"}],"circlet_count":0,"master_deck":["AscendersBane","animator:Strike_FullmetalAlchemist","animator:Defend_FullmetalAlchemist","animator:ElricEdward","animator:ElricAlphonse","animator:Witch","animator:NagisaMomoe","animator:Ciel","animator:Strike_TenSura","animator:Defend_Kancolle","animator:Defend_Katanagatari","animator:Defend_FullmetalAlchemist","animator:DwarfShaman","animator:Greed+1","animator:Greed+1","animator:Lu+1"],"relics":["animator:LivingPicture","animator:TheMissingPiece","animator:PurgingStone","NeowsBlessing","Bag of Preparation","Oddly Smooth Stone","Frozen Egg 2"],"acts_visited":["Exordium"],"potions_floor_usage":[14,16],"damage_taken":[{"damage":0,"enemies":"Small Slimes","floor":1,"turns":1},{"damage":0,"enemies":"Cultist","floor":3,"turns":2},{"damage":0,"enemies":"Gremlin Nob","floor":6,"turns":1},{"damage":0,"enemies":"2 Louse","floor":8,"turns":6},{"damage":0,"enemies":"Blue Slaver","floor":12,"turns":5},{"damage":1,"enemies":"Looter","floor":13,"turns":5},{"damage":0,"enemies":"Red Slaver","floor":14,"turns":7},{"damage":60,"enemies":"Slime Boss","floor":16,"turns":7}],"seed_played":"248792108496659643","potions_obtained":[{"floor":6,"key":"SteroidPotion"}],"is_trial":false,"path_per_floor":["M","?","M","?","?","E","$","M","T","R","?","M","M","M","R","B"],"character_chosen":"THE_ANIMATOR","items_purchased":[],"campfire_rested":0,"item_purchase_floors":[],"current_hp_per_floor":[54,54,54,49,49,49,49,49,49,49,54,54,53,54,54,0,0],"gold":21,"neow_bonus":"THREE_ENEMY_KILL","is_daily":false,"chose_seed":false,"campfire_upgraded":2,"win_rate":0.0,"timestamp":1614394603,"path_taken":["M","?","?","?","?","E","$","M","T","R","?","M","M","M","R","BOSS"],"items_purchased_type":[],"build_version":"2020-12-22","purchased_purges":1,"victory":false,"max_hp_per_floor":[60,60,60,60,60,60,60,60,60,60,65,65,65,66,66,66,66],"card_choices":[{"not_picked":["animator:PandorasActor","animator:Sebas"],"picked":"animator:Witch","floor":1},{"not_picked":["animator:IzunaHatsuse","animator:Bozes"],"picked":"animator:Ciel","floor":3},{"not_picked":["animator:Rena","animator:Mitsurugi"],"picked":"animator:DwarfShaman","floor":6},{"not_picked":["animator:Pride","animator:Gluttony"],"picked":"animator:Greed","floor":8},{"not_picked":["animator:Gluttony","animator:Alexander","animator:Witch"],"picked":"SKIP","floor":12},{"not_picked":["animator:Sloth","animator:Tet"],"picked":"animator:Greed+1","floor":13},{"not_picked":["animator:DolaRiku","animator:DolaCouronne"],"picked":"animator:Lu","floor":14}],"player_experience":1620694,"relics_obtained":[{"floor":6,"key":"Oddly Smooth Stone"},{"floor":9,"key":"Frozen Egg 2"}],"event_choices":[{"damage_healed":0,"gold_gain":0,"cards_transformed":["animator:Strike"],"player_choice":"Transformed","damage_taken":0,"max_hp_gain":0,"max_hp_loss":0,"event_name":"Transmorgrifier","floor":2,"gold_loss":0,"cards_obtained":["animator:NagisaMomoe"]},{"damage_healed":0,"gold_gain":0,"player_choice":"Success","damage_taken":5,"relics_obtained":["Bag of Preparation"],"max_hp_gain":0,"max_hp_loss":0,"event_name":"Scrap Ooze","floor":4,"gold_loss":0},{"damage_healed":0,"gold_gain":0,"player_choice":"Donut","damage_taken":0,"max_hp_gain":5,"max_hp_loss":0,"event_name":"Big Fish","floor":11,"gold_loss":0}],"is_beta":false,"boss_relics":[],"items_purged_floors":[7],"is_endless":false,"potions_floor_spawned":[6,8],"killed_by":"Slime Boss","ascension_level":20}}