{"host":"35xtutb4g3jpco3h","time":1614460655,"event":{"mods":["2.2 Compatiblity","BaseMod","Colored Map","Downfall","Hermit","Minty Spire (QoL Compilation)","Replay The Spire","Robot Space Explorer","StSLib","The Disciple","The Runesmith"],"gold_per_floor":[110,121,132,132,87,87,37,37,37,14,14,14,26,36,36,141,141,152,172,172,172,189,189,20,37,37,0,0,10,10,22,22,22,22],"floor_reached":33,"language":"ENG","playtime":3501,"items_purged":[],"score":262,"play_id":"f444269f-3008-4ca8-b0cd-569a9bf8a3d4","local_time":"20210227151735","is_ascension_mode":false,"campfire_choices":[{"data":"HandsUpB","floor":6.0,"key":"SMITH"},{"data":"HandsUpB","floor":8.0,"key":"SMITH"},{"data":"Tempo","floor":12.0,"key":"SMITH"},{"floor":15.0,"key":"REST"},{"floor":23,"key":"REST"},{"floor":28,"key":"REST"},{"floor":30,"key":"REST"},{"floor":32,"key":"REST"}],"circlet_count":0,"master_deck":["Strike_Br","Strike_Br","Strike_Br","Strike_Br","Defend_Br","Defend_Br","Defend_Br","Defend_Br","SecondHand","PatternShift","HandsUpB+1","LockedUrn","HandsUpB+1","SlimeSpray","HandsUpB+1","Accelerando+1","HandsUpC","ExoVibe","Chronoelasticity","LockedScales+1","Allegro","TickedOff","HandsUpB","LockedAnchor","AlternateTimeline","LockedThread+1","PrimeTime+1","Keepsakes","LockedScales"],"relics":["Chronometer","WarPaint?","Replay:WaspNest","Philosopher\u0027s Stone","Nunchaku"],"acts_visited":["Exordium","TheCity"],"potions_floor_usage":[19,19,25,25,29],"damage_taken":[{"damage":1.0,"enemies":"Cultist","floor":1.0,"turns":7.0},{"damage":0.0,"enemies":"2 Louse","floor":2.0,"turns":4.0},{"damage":7.0,"enemies":"Small Slimes","floor":3.0,"turns":6.0},{"damage":0.0,"enemies":"Looter","floor":5.0,"turns":5.0},{"damage":13.0,"enemies":"Exordium Wildlife","floor":13.0,"turns":3.0},{"damage":2.0,"enemies":"Lots of Slimes","floor":14.0,"turns":5.0},{"damage":27.0,"enemies":"Fading Forest","floor":16.0,"turns":11.0},{"damage":23,"enemies":"3 Byrds","floor":18,"turns":3},{"damage":17,"enemies":"2 Thieves","floor":19,"turns":5},{"damage":13,"enemies":"Shelled Parasite and Fungi","floor":22,"turns":6},{"damage":17,"enemies":"Centurion and Healer","floor":25,"turns":6},{"damage":5,"enemies":"Snake Plant","floor":29,"turns":5},{"damage":44,"enemies":"Cultist and Chosen","floor":31,"turns":7},{"damage":62,"enemies":"Champ","floor":33,"turns":17}],"seed_played":"2216227754205648538","potions_obtained":[{"floor":13.0,"key":"DistilledChaos"},{"floor":14.0,"key":"WardPotion"},{"floor":16.0,"key":"Dexterity Potion"},{"floor":18,"key":"Slimebound:ThreeZeroPotion"},{"floor":25,"key":"Languid Potion"}],"is_trial":false,"path_per_floor":["M","M","M","?","M","R","$","R","T","$","?","R","M","M","R","B",null,"M","M","?","?","M","R","$","M","T","$","R","M","R","M","R","B"],"character_chosen":"CHRONO_CLASS","items_purchased":["Tempo","HandsUpB","LockedAnchor","AlternateTimeline","ColorlessPotion","champ:CounterPotion","PrimeTime+1"],"campfire_rested":5,"item_purchase_floors":[7,10,24,24,24,24,27],"current_hp_per_floor":[70,70,63,63,63,63,63,63,63,63,63,63,50,48,69,52,71,48,33,33,33,20,41,41,28,28,28,49,48,69,25,46,0,0],"gold":22,"neow_bonus":"TEN_PERCENT_HP_BONUS","is_daily":false,"chose_seed":false,"campfire_upgraded":3,"win_rate":0.0,"timestamp":1614460655,"path_taken":["M","?","M","?","M","R","$","R","T","$","?","R","M","?","R","BOSS","M","M","?","?","M","R","?","M","T","$","R","M","R","M","R","BOSS"],"items_purchased_type":["Card","Card","Card","Card","Potion","Potion","Card"],"build_version":"2020-12-22","purchased_purges":0,"victory":false,"max_hp_per_floor":[71,71,71,71,71,71,71,71,71,71,71,71,71,71,71,71,71,71,71,71,71,71,71,71,71,71,71,71,71,71,71,71,71,71],"card_choices":[{"not_picked":["LockedBlood","ReapSow"],"picked":"HandsUpB","floor":1.0},{"not_picked":["CrunchTime","HandsUpC"],"picked":"LockedUrn","floor":2.0},{"not_picked":["LockedThread","Break"],"picked":"HandsUpB","floor":3.0},{"not_picked":["Analog","WakeUpCall"],"picked":"SlimeSpray","floor":5.0},{"not_picked":["BlueShift","LockedScales"],"picked":"HandsUpC","floor":13.0},{"not_picked":["BlueShift","ReapSow"],"picked":"ExoVibe","floor":14.0},{"not_picked":["LockedAstrolabe","Fragmentalize"],"picked":"Chronoelasticity","floor":16.0},{"not_picked":["CrunchTime","HandsUpC+1"],"picked":"LockedScales+1","floor":18},{"not_picked":["ResonantCall","Analog"],"picked":"TickedOff","floor":19},{"not_picked":["Backlash","BiteCommand"],"picked":"HandsUpB","floor":22},{"not_picked":["AlternateTimeline+1","TickedOff+1"],"picked":"LockedThread+1","floor":25},{"not_picked":["ReapSow+1","Echoward"],"picked":"Keepsakes","floor":29},{"not_picked":["Fragmentalize","AlternateTimeline+1"],"picked":"LockedScales","floor":31}],"player_experience":761969,"relics_obtained":[{"floor":9.0,"key":"Replay:WaspNest"},{"floor":26,"key":"Nunchaku"}],"event_choices":[{"damage_healed":0.0,"max_hp_gain":0.0,"max_hp_loss":0.0,"gold_gain":0.0,"event_name":"Accursed Blacksmith","player_choice":"Forge","floor":11.0,"gold_loss":0.0,"damage_taken":0.0,"cards_upgraded":["HandsUpB"]},{"damage_healed":0,"gold_gain":0,"player_choice":"Ignored","damage_taken":0,"max_hp_gain":0,"max_hp_loss":0,"event_name":"Cursed Tome","floor":20,"gold_loss":0},{"damage_healed":0,"gold_gain":0,"player_choice":"Ignored","damage_taken":0,"max_hp_gain":0,"max_hp_loss":0,"event_name":"Ghosts","floor":21,"gold_loss":0}],"is_beta":false,"boss_relics":[{"not_picked":["HangingClock","Cursed Key"],"picked":"Philosopher\u0027s Stone"}],"items_purged_floors":[],"is_endless":false,"potions_floor_spawned":[13,14,16,18,25],"killed_by":"Champ","ascension_level":0}}