{"host":"7wwmf5ihvdzput8s","time":1614452668,"event":{"mods":["BaseMod","Minty Spire (QoL Compilation)","Quick Restart","Replay The Spire","StSLib","UnlockEverythingMod"],"gold_per_floor":[114,114,125,50,62,95,95,121,121,150,150,150,203,203,203,282,332,345,183,183,215,265,265,265,296,296,71,71,102,113,63,63,137,137,153,153,180,180,130,130,72,105,105,136,167,196,224,234,246,258,270],"floor_reached":52,"language":"ZHS","playtime":692,"items_purged":["Replay:Undeath\u0027s Touch","Dagger Throw","Normality"],"score":3313,"play_id":"b7468f91-7a98-4c18-8894-61f9b9b665af","local_time":"20210228030428","daily_mods":["SealedDeck","Vintage","Green Cards","Purple Cards","Heirloom","Time Dilation","Flight","DeadlyEvents","Elite Swarm","Lethality","Night Terrors"],"is_ascension_mode":true,"campfire_choices":[{"data":"Heavy Blade","floor":11.0,"key":"SMITH"},{"data":"Crescendo","floor":15.0,"key":"SMITH"},{"data":"Ragnarok","floor":23.0,"key":"SMITH"},{"data":"Ragnarok","floor":24.0,"key":"SMITH"},{"data":"FollowUp","floor":32.0,"key":"SMITH"},{"data":"Thunderclap","floor":40,"key":"SMITH"}],"circlet_count":0,"master_deck":["AscendersBane","Dagger Throw+1","Crescendo+1","Spot Weakness","Thunderclap+1","Backstab+1","Clash+1","Heavy Blade+1","Offering+1","Ragnarok+1","Ragnarok+1","Adrenaline+1","Pot Of Greed+1","Pot Of Greed+1","Adrenaline+1","FollowUp+1","Heavy Blade+1","Sword Boomerang+1","Limit Break+1","DeusExMachina+1","Delirium","Scrawl+1"],"relics":["Unceasing Top","Thread and Needle","Toxic Egg 2","NeowsBlessing","Mango","Chameleon Ring","Replay:WaspNest","Strawberry","Replay:Kaleidoscope","Replay:Bottled Flurry","Replay:Wax Seal","Tiny House","Gambling Chip","Pen Nib","Art of War","Ring of Greed","MealTicket","Smiling Mask","Bottled Lightning","Grinning Jar","DollysMirror","Letter Opener","Pear","Sozu","Replay:Baseball","Blue Candle","Snack Pack","Toy Ornithopter","Whetstone","Self Forming Clay","Turnip","MawBank"],"acts_visited":["Exordium","TheCity","TheBeyond"],"potions_floor_usage":[51],"damage_taken":[{"damage":0.0,"enemies":"Jaw Worm","floor":1.0,"turns":1.0},{"damage":0.0,"enemies":"2 Louse","floor":3.0,"turns":1.0},{"damage":0.0,"enemies":"Small Slimes","floor":5.0,"turns":1.0},{"damage":0.0,"enemies":"Gremlin Nob","floor":6.0,"turns":2.0},{"damage":6.0,"enemies":"3 Sentries","floor":8.0,"turns":2.0},{"damage":0.0,"enemies":"Gremlin Nob","floor":10.0,"turns":1.0},{"damage":0.0,"enemies":"The Guardian","floor":16.0,"turns":1.0},{"damage":0.0,"enemies":"Spheric Guardian","floor":18.0,"turns":1.0},{"damage":0.0,"enemies":"Gremlin Leader","floor":21.0,"turns":1.0},{"damage":0.0,"enemies":"Book of Stabbing","floor":25.0,"turns":1.0},{"damage":6.0,"enemies":"Replay:Snechameleon","floor":29.0,"turns":1.0},{"damage":0.0,"enemies":"2 Thieves","floor":30.0,"turns":1.0},{"damage":6.0,"enemies":"Champ","floor":33.0,"turns":1.0},{"damage":0,"enemies":"3 Darklings","floor":35,"turns":1},{"damage":0,"enemies":"Nemesis","floor":37,"turns":1},{"damage":6,"enemies":"R_Hoarder","floor":42,"turns":1},{"damage":0,"enemies":"Reptomancer","floor":44,"turns":1},{"damage":0,"enemies":"R_Hoarder","floor":45,"turns":1},{"damage":0,"enemies":"Reptomancer","floor":46,"turns":1},{"damage":7,"enemies":"R_Hoarder","floor":47,"turns":1},{"damage":16,"enemies":"3 Shapes","floor":48,"turns":1},{"damage":2,"enemies":"Donu and Deca","floor":50,"turns":2},{"damage":7,"enemies":"Time Eater","floor":51,"turns":1}],"seed_played":"6980555692937601992","potions_obtained":[{"floor":1.0,"key":"Explosive Potion"},{"floor":5.0,"key":"Block Potion"},{"floor":8.0,"key":"LiquidBronze"},{"floor":17.0,"key":"SteroidPotion"},{"floor":29.0,"key":"BloodPotion"}],"is_trial":true,"path_per_floor":["M","WH","M","$","M","E","$","E","T","E","R","?","T","$","R","B",null,"M","$","?","E","?","R","R","E","T","$","?","E","M","$","R","B",null,"M","?","E","?","$","R","$","E","T","E","E","E","E","M","R","B","B",null],"character_chosen":"IRONCLAD","items_purchased":["Pen Nib","DollysMirror","FollowUp","Sword Boomerang"],"campfire_rested":0,"item_purchase_floors":[19,27,27,41],"current_hp_per_floor":[68,68,82,82,82,82,82,83,83,83,83,83,83,83,83,83,98,98,98,98,98,98,98,98,98,98,101,101,101,111,111,111,105,110,110,110,110,110,111,111,111,105,105,105,107,109,102,86,86,88,88],"gold":282,"neow_bonus":"THREE_ENEMY_KILL","is_daily":false,"chose_seed":false,"campfire_upgraded":6,"win_rate":0.0,"timestamp":1614452668,"path_taken":["M","WH","M","$","M","E","$","E","T","E","R","?","?","?","R","BOSS","M","$","?","?","?","R","R","E","T","$","?","?","?","?","R","BOSS","BOSS","M","?","?","?","$","R","$","E","T","E","E","?","E","?","R","BOSS","BOSS"],"items_purchased_type":["Relic","Relic","Card","Card"],"build_version":"2020-12-22","purchased_purges":3,"victory":true,"max_hp_per_floor":[75,75,89,89,89,89,89,96,96,96,96,96,96,96,96,96,101,101,101,101,101,101,101,101,101,101,101,101,101,111,111,111,111,111,111,111,111,111,111,111,111,111,111,111,111,111,111,111,111,111,111],"card_choices":[{"not_picked":["LessonLearned","Vault+1"],"picked":"Offering+1","floor":6.0},{"not_picked":["After Image","Wraith Form v2","Night Terror+1"],"picked":"SKIP","floor":8.0},{"not_picked":["Night Terror+1","Eclipse+1","Replay:Many Hands+1"],"picked":"SKIP","floor":10.0},{"not_picked":["Immolate","Night Terror+1"],"picked":"Ragnarok","floor":16.0},{"not_picked":["ConjureBlade+1","ReplayTheSpireMod:From All Sides"],"picked":"Ragnarok","floor":21.0},{"not_picked":["A Thousand Cuts","Glass Knife"],"picked":"Adrenaline+1","floor":25.0},{"not_picked":["Envenom","Demonic Infusion+1","Barricade"],"picked":"SKIP","floor":29.0},{"not_picked":["Replay:LoomingThreat","Unload","SpiritShield+1"],"picked":"SKIP","floor":37},{"not_picked":["Judgement+1","Immolate","Fiend Fire"],"picked":"SKIP","floor":42},{"not_picked":["Alpha+1","Storm of Steel+1"],"picked":"Limit Break+1","floor":44},{"not_picked":["Wish+1","ReplayTheSpireMod:From All Sides","Storm of Steel+1"],"picked":"SKIP","floor":45},{"not_picked":["Eclipse+1","Venomology+1"],"picked":"DeusExMachina+1","floor":46},{"not_picked":["DevaForm","Wraith Form v2"],"picked":"Scrawl+1","floor":47}],"player_experience":89747,"relics_obtained":[{"floor":1.0,"key":"Toxic Egg 2"},{"floor":3.0,"key":"Mango"},{"floor":5.0,"key":"Chameleon Ring"},{"floor":6.0,"key":"Replay:WaspNest"},{"floor":8.0,"key":"Strawberry"},{"floor":9.0,"key":"Replay:Kaleidoscope"},{"floor":10.0,"key":"Replay:Bottled Flurry"},{"floor":13.0,"key":"Replay:Wax Seal"},{"floor":18.0,"key":"Gambling Chip"},{"floor":21.0,"key":"Art of War"},{"floor":22.0,"key":"Ring of Greed"},{"floor":22.0,"key":"MealTicket"},{"floor":22.0,"key":"Smiling Mask"},{"floor":25.0,"key":"Bottled Lightning"},{"floor":26.0,"key":"Grinning Jar"},{"floor":29.0,"key":"Letter Opener"},{"floor":30.0,"key":"Pear"},{"floor":35,"key":"Replay:Baseball"},{"floor":37,"key":"Blue Candle"},{"floor":43,"key":"Snack Pack"},{"floor":44,"key":"Toy Ornithopter"},{"floor":45,"key":"Whetstone"},{"floor":46,"key":"Self Forming Clay"},{"floor":47,"key":"Turnip"},{"floor":48,"key":"MawBank"}],"event_choices":[{"damage_healed":0.0,"max_hp_gain":0.0,"max_hp_loss":0.0,"gold_gain":0.0,"event_name":"Liars Game","player_choice":"Ignored","floor":12.0,"gold_loss":0.0,"damage_taken":0.0},{"cards_removed":["Twin Strike"],"damage_healed":0.0,"max_hp_gain":0.0,"max_hp_loss":0.0,"gold_gain":0.0,"event_name":"Purifier","player_choice":"Purged","floor":20.0,"gold_loss":0.0,"damage_taken":0.0},{"damage_healed":0.0,"max_hp_gain":0.0,"max_hp_loss":0.0,"gold_gain":0.0,"event_name":"Upgrade Shrine","player_choice":"Upgraded","floor":28.0,"gold_loss":0.0,"damage_taken":0.0,"cards_upgraded":["Backstab"]},{"cards_removed":["Pain"],"damage_healed":0,"gold_gain":0,"player_choice":"Removed Curses","damage_taken":0,"max_hp_gain":0,"max_hp_loss":0,"event_name":"Fountain of Cleansing","floor":36,"gold_loss":0},{"damage_healed":0,"gold_gain":0,"player_choice":"Copied","damage_taken":0,"max_hp_gain":0,"max_hp_loss":0,"event_name":"Duplicator","floor":38,"gold_loss":0,"cards_obtained":["Heavy Blade"]}],"is_beta":false,"boss_relics":[{"not_picked":["Fusion Hammer","Ring of Chaos"],"picked":"Tiny House"},{"not_picked":["Electric Blood","Snecko Heart"],"picked":"Sozu"}],"items_purged_floors":[4,31,39],"is_endless":false,"potions_floor_spawned":[1,5,8,21,29,37,44,47,48],"ascension_level":20}}