{"host":"rmu5lyz1fk95wg3z","time":1614451972,"event":{"mods":["BaseMod","Bestiary","Curses Come First","Minty Spire (QoL Compilation)","Relic Stats","StSLib"],"gold_per_floor":[359,71,85,85,99,127,127,152,152,152,178,178,178,195,195,269,269,284,294,308,46,46,73,73,108,154,185,197,219,121,133,145,235,247,269,291,318,355,412,424,467,479,563,575,587,599,599],"floor_reached":46,"language":"ENG","playtime":3090,"items_purged":["Defend_R","Defend_R"],"score":1069,"play_id":"4c203eea-2f30-49e5-8994-047e3b41051f","local_time":"20210227135252","is_ascension_mode":true,"campfire_choices":[{"floor":7.0,"key":"REST"},{"floor":12.0,"key":"REST"},{"data":"Pummel","floor":15.0,"key":"SMITH"},{"data":"Impervious","floor":24.0,"key":"SMITH"},{"floor":28.0,"key":"REST"},{"data":"Metallicize","floor":32.0,"key":"SMITH"},{"floor":40.0,"key":"REST"},{"data":"1","floor":44.0,"key":"LIFT"}],"circlet_count":0,"master_deck":["AscendersBane","Strike_R","Strike_R","Strike_R","Defend_R","Defend_R","Bash","Whirlwind+1","Metallicize+1","Pummel+1","Armaments+1","Impervious+1","Body Slam","Barricade+1","Evolve+1","Shrug It Off","Warcry","Demon Form+1","CurseOfTheBell","True Grit+1","Second Wind"],"relics":["Burning Blood","Akabeko","Vajra","Frozen Egg 2","Orichalcum","HornCleat","Busted Crown","PreservedInsect","Toy Ornithopter","Potion Belt","Ancient Tea Set","MawBank","Calling Bell","Oddly Smooth Stone","Singing Bowl","Ice Cream","Girya","Magic Flower","Art of War"],"acts_visited":["Exordium","TheCity","TheBeyond"],"potions_floor_usage":[],"damage_taken":[{"damage":21.0,"enemies":"Jaw Worm","floor":1.0,"turns":5.0},{"damage":7.0,"enemies":"Small Slimes","floor":3.0,"turns":3.0},{"damage":0.0,"enemies":"Cultist","floor":5.0,"turns":2.0},{"damage":19.0,"enemies":"Lagavulin","floor":6.0,"turns":7.0},{"damage":26.0,"enemies":"Gremlin Nob","floor":8.0,"turns":4.0},{"damage":25.0,"enemies":"Lagavulin","floor":11.0,"turns":8.0},{"damage":0.0,"enemies":"Blue Slaver","floor":14.0,"turns":1.0},{"damage":2.0,"enemies":"Slime Boss","floor":16.0,"turns":9.0},{"damage":0.0,"enemies":"Shell Parasite","floor":18.0,"turns":1.0},{"damage":0.0,"enemies":"3 Byrds","floor":19.0,"turns":2.0},{"damage":0.0,"enemies":"Snake Plant","floor":20.0,"turns":4.0},{"damage":2.0,"enemies":"Book of Stabbing","floor":23.0,"turns":5.0},{"damage":35.0,"enemies":"Gremlin Leader","floor":25.0,"turns":5.0},{"damage":27.0,"enemies":"Book of Stabbing","floor":27.0,"turns":5.0},{"damage":0.0,"enemies":"Centurion and Healer","floor":29.0,"turns":3.0},{"damage":58.0,"enemies":"Automaton","floor":33.0,"turns":13.0},{"damage":16.0,"enemies":"3 Darklings","floor":35.0,"turns":4.0},{"damage":0.0,"enemies":"3 Shapes","floor":36.0,"turns":5.0},{"damage":61.0,"enemies":"Transient","floor":37.0,"turns":6.0},{"damage":0.0,"enemies":"Mind Bloom Boss Battle","floor":38.0,"turns":6.0},{"damage":24.0,"enemies":"2 Orb Walkers","floor":39.0,"turns":3.0},{"damage":31.0,"enemies":"Nemesis","floor":41.0,"turns":7.0},{"damage":28,"enemies":"Reptomancer","floor":46,"turns":3}],"seed_played":"4900658197019172782","potions_obtained":[{"floor":1.0,"key":"Block Potion"},{"floor":3.0,"key":"Explosive Potion"},{"floor":11.0,"key":"Fire Potion"},{"floor":14.0,"key":"Ancient Potion"},{"floor":16.0,"key":"SteroidPotion"},{"floor":18.0,"key":"DuplicationPotion"},{"floor":19.0,"key":"HeartOfIron"},{"floor":27.0,"key":"ColorlessPotion"},{"floor":33.0,"key":"SkillPotion"},{"floor":36.0,"key":"GamblersBrew"},{"floor":38.0,"key":"Strength Potion"}],"is_trial":false,"path_per_floor":["M","$","M","?","M","E","R","E","T","?","E","R","?","M","R","B",null,"M","M","M","$","?","E","R","E","T","E","R","M","?","$","R","B",null,"M","M","M","?","?","R","E","?","T","R","?","E"],"character_chosen":"IRONCLAD","items_purchased":["Akabeko","Metallicize","PreservedInsect"],"campfire_rested":4,"item_purchase_floors":[2,2,21],"current_hp_per_floor":[35,35,34,34,40,27,49,29,29,34,15,39,39,45,45,49,72,78,80,80,80,80,80,80,51,51,35,59,70,70,70,70,18,65,57,65,20,28,17,43,23,23,23,23,23,0,0],"gold":599,"neow_bonus":"TWO_FIFTY_GOLD","is_daily":false,"chose_seed":false,"campfire_upgraded":3,"win_rate":0.0,"timestamp":1614451972,"path_taken":["M","$","M","?","M","E","R","E","T","?","E","R","?","M","R","BOSS","M","M","M","?","?","E","R","E","T","E","R","?","?","$","R","BOSS","M","M","?","?","?","R","E","?","T","R","?","E"],"items_purchased_type":["Relic","Card","Relic"],"build_version":"2020-12-22","purchased_purges":2,"victory":false,"max_hp_per_floor":[75,75,75,75,75,75,75,75,75,80,80,80,80,80,80,80,80,80,80,80,80,80,80,80,80,80,80,80,80,80,80,80,80,80,82,84,84,86,88,88,90,90,90,90,90,90,90],"relic_stats":{"Busted Crown":30,"Singing Bowl":10,"counters":[23,111],"Magic Flower":[3],"PreservedInsect":246,"Art of War":[1],"Orichalcum":[138],"MawBank":228,"obtain_stats":[{"Potion Belt":25,"Ice Cream":34,"Girya":38,"Singing Bowl":34,"Vajra":6,"Oddly Smooth Stone":34,"Magic Flower":39,"PreservedInsect":21,"Frozen Egg 2":8,"Orichalcum":9,"Ancient Tea Set":26,"MawBank":27,"Burning Blood":0,"Akabeko":2,"Calling Bell":34,"HornCleat":11,"Busted Crown":17,"Art of War":41,"Toy Ornithopter":23},{"Potion Belt":13,"Ice Cream":16,"Girya":20,"Singing Bowl":16,"Vajra":4,"Oddly Smooth Stone":16,"Magic Flower":21,"PreservedInsect":11,"Frozen Egg 2":5,"Orichalcum":5,"Ancient Tea Set":13,"MawBank":14,"Burning Blood":0,"Akabeko":1,"Calling Bell":16,"HornCleat":6,"Busted Crown":8,"Art of War":22,"Toy Ornithopter":12},{"Potion Belt":56,"Ice Cream":77,"Girya":98,"Singing Bowl":77,"Vajra":17,"Oddly Smooth Stone":77,"Magic Flower":101,"PreservedInsect":46,"Frozen Egg 2":21,"Orichalcum":21,"Ancient Tea Set":56,"MawBank":61,"Burning Blood":0,"Akabeko":5,"Calling Bell":77,"HornCleat":29,"Busted Crown":39,"Art of War":108,"Toy Ornithopter":51}],"Burning Blood":121,"Toy Ornithopter":25},"card_choices":[{"not_picked":["Anger","Flex"],"picked":"Whirlwind","floor":1.0},{"not_picked":["Perfected Strike","Clothesline"],"picked":"Pummel","floor":3.0},{"not_picked":["Clash","Bloodletting"],"picked":"Armaments","floor":5.0},{"not_picked":["Cleave","Anger"],"picked":"Impervious","floor":6.0},{"not_picked":["Pommel Strike","Reckless Charge","Headbutt"],"picked":"SKIP","floor":8.0},{"not_picked":["Rupture+1","Brutality+1","Pummel"],"picked":"SKIP","floor":11.0},{"not_picked":["Anger","Twin Strike"],"picked":"Body Slam","floor":14.0},{"not_picked":["Exhume","Feed"],"picked":"Barricade+1","floor":16.0},{"not_picked":["Armaments"],"picked":"SKIP","floor":18.0},{"not_picked":[],"picked":"Evolve+1","floor":19.0},{"not_picked":[],"picked":"Shrug It Off","floor":20.0},{"not_picked":["Flex"],"picked":"SKIP","floor":23.0},{"not_picked":[],"picked":"Warcry","floor":25.0},{"not_picked":["Whirlwind"],"picked":"SKIP","floor":27.0},{"not_picked":["Thunderclap"],"picked":"SKIP","floor":29.0},{"not_picked":[],"picked":"Demon Form+1","floor":33.0},{"not_picked":["Infernal Blade+1"],"picked":"Singing Bowl","floor":35.0},{"not_picked":["Uppercut"],"picked":"Singing Bowl","floor":36.0},{"not_picked":[],"picked":"True Grit+1","floor":37.0},{"not_picked":["Perfected Strike"],"picked":"Singing Bowl","floor":38.0},{"not_picked":["Warcry"],"picked":"Singing Bowl","floor":39.0},{"not_picked":["Pommel Strike"],"picked":"Singing Bowl","floor":41.0}],"player_experience":1382588,"relics_obtained":[{"floor":6.0,"key":"Vajra"},{"floor":8.0,"key":"Frozen Egg 2"},{"floor":9.0,"key":"Orichalcum"},{"floor":11.0,"key":"HornCleat"},{"floor":23.0,"key":"Toy Ornithopter"},{"floor":25.0,"key":"Potion Belt"},{"floor":26.0,"key":"Ancient Tea Set"},{"floor":27.0,"key":"MawBank"},{"floor":34.0,"key":"Oddly Smooth Stone"},{"floor":34.0,"key":"Singing Bowl"},{"floor":34.0,"key":"Ice Cream"},{"floor":38.0,"key":"Girya"},{"floor":39.0,"key":"Magic Flower"},{"floor":41.0,"key":"Art of War"}],"event_choices":[{"damage_healed":0.0,"max_hp_gain":0.0,"max_hp_loss":0.0,"gold_gain":0.0,"event_name":"Liars Game","player_choice":"Ignored","floor":4.0,"gold_loss":0.0,"damage_taken":0.0},{"damage_healed":0.0,"max_hp_gain":5.0,"max_hp_loss":0.0,"gold_gain":0.0,"event_name":"Big Fish","player_choice":"Donut","floor":10.0,"gold_loss":0.0,"damage_taken":0.0},{"damage_healed":0.0,"max_hp_gain":0.0,"max_hp_loss":0.0,"gold_gain":0.0,"event_name":"Accursed Blacksmith","player_choice":"Forge","floor":13.0,"gold_loss":0.0,"damage_taken":0.0,"cards_upgraded":["Armaments"]},{"cards_removed":["Strike_R"],"damage_healed":0.0,"max_hp_gain":0.0,"max_hp_loss":0.0,"gold_gain":0.0,"event_name":"Designer","player_choice":"Upgrade and Remove","floor":30.0,"gold_loss":110.0,"damage_taken":0.0,"cards_upgraded":["Whirlwind"]},{"damage_healed":0.0,"max_hp_gain":0.0,"max_hp_loss":0.0,"gold_gain":0.0,"event_name":"MindBloom","player_choice":"Fight","floor":38.0,"gold_loss":0.0,"damage_taken":0.0},{"damage_healed":0.0,"max_hp_gain":0.0,"max_hp_loss":0.0,"gold_gain":0.0,"event_name":"Mysterious Sphere","player_choice":"Fight","floor":39.0,"gold_loss":0.0,"damage_taken":0.0},{"damage_healed":0.0,"max_hp_gain":0.0,"max_hp_loss":0.0,"gold_gain":0.0,"event_name":"Tomb of Lord Red Mask","player_choice":"Ignored","floor":42.0,"gold_loss":0.0,"damage_taken":0.0},{"damage_healed":0.0,"max_hp_gain":0.0,"max_hp_loss":0.0,"gold_gain":0.0,"cards_transformed":["Strike_R"],"event_name":"Transmorgrifier","player_choice":"Transformed","floor":45.0,"gold_loss":0.0,"damage_taken":0.0,"cards_obtained":["Second Wind"]}],"is_beta":false,"boss_relics":[{"not_picked":["Tiny House","Runic Cube"],"picked":"Busted Crown"},{"not_picked":["Velvet Choker","Sozu"],"picked":"Calling Bell"}],"items_purged_floors":[2,21],"is_endless":false,"potions_floor_spawned":[1,3,11,14,16,18,19,27,33,36,38],"killed_by":"Reptomancer","ascension_level":20}}