{"host":"yp2ga117svxnbcen","time":1614422750,"event":{"mods":["Act Like it!","Aspiration","BaseMod","BetterRewards","ChefMod","Colored Map","Conspire","Custom Start","Downfall","Elementarium","Gensokyo","GifTheSpireLib","Gold Saver","GungeonMod","Halation","Hallownest","Hermit","HornydragonMod","Hubris","Menagerie","Minty Spire (QoL Compilation)","Quick Restart","Remove Card Discount Mod","Replay The Spire","Shop Mod","Spicy Shops","StSLib","Stuff the Spire","The Blue Laboratory","The IronCluck","egg","slay the spire mod where everything is the same but ironclad has a cowboy hat","??????REMEMod"],"gold_per_floor":[1485,1136,1136,1146,677,677,691,717,717,717,731,746,758,758,758,878,878,901,901,901,920,945,979,979,624,624,648,648,667,510,510,510,641,641,662,781,618,618,639,639,406,426,453,145,181,181,181,214,214,214],"floor_reached":51,"language":"ENG","playtime":1359,"items_purged":["Offering","Strike_B","Strike_B","Strike_B","Strike_B","hubris:Greed","Writhe","Zap","Injury","Mirror Shield","hubris:SpecializedCircuitry","Shame","Injury","Clumsy"],"score":1341,"play_id":"58d47fb8-7ab9-42da-9bd9-26fae57e951f","local_time":"20210227024550","is_ascension_mode":true,"campfire_choices":[{"data":"StuffTheSpire:Synthwave","floor":6.0,"key":"SMITH"},{"data":"StuffTheSpire:Synthwave","floor":10.0,"key":"SMITH"},{"data":"StuffTheSpire:ForEach","floor":15.0,"key":"SMITH"},{"data":"Apotheosis","floor":32.0,"key":"SMITH"},{"data":"Loop","floor":40,"key":"SMITH"},{"floor":47,"key":"REST"},{"data":"REME_TwoStrings","floor":49,"key":"SMITH"}],"circlet_count":0,"master_deck":["Defend_B","Defend_B","Defend_B","Defend_B+1","Dualcast","StuffTheSpire:Synthwave+1","Biased Cognition","Ball Lightning","Leap+1","StuffTheSpire:Synthwave+1","StuffTheSpire:Plugnplay","Ball Lightning","StuffTheSpire:Plugnplay+1","Barrage+1","FIFO Queue","Loop+1","StuffTheSpire:ForEach+1","Machine Learning+1","StuffTheSpire:LoadUp","Ball Lightning+1","Apotheosis+1","FIFO Queue+1","Conserve Battery+1","StuffTheSpire:ForEach","Biased Cognition","Buffer","Steam+1","Reinforced Body+1","Aggregate+1","Steam+1","REME_TwoStrings+1","StuffTheSpire:Plugnplay+1"],"relics":["Cracked Core","REME_ComplimentaryCards","ReplayTheSpireMod:CursedCoin","hubris:CuriousFeather","hubris:Icosahedron","ClockworkSouvenir","Ancient Tea Set","War Paint","conspire:IceCreamScoop","StuffTheSpire:RubySignet","Golden Idol","bronze:MakeshiftBattery","aspiration:StickyExplosives_weak","aspiration:FaultyCoupler","hubris:BallOfYels","ReplayTheSpireMod:ShopPack","Replay:Rubber Ducky","aspiration:ChemicalBlood","Prayer Wheel","DollysMirror","Replay:Grab Bag","halation:IncompleteEncyclopedia","Replay:Bronze Core","Mummified Hand","Boot","halation:Thesaurus","Astrolabe","Membership Card","PreservedInsect","Strawberry","hubris:MysteriousPyramids","StuffTheSpire:ColdMirror","Bag of Marbles","hubris:Towel","Bottled Lightning"],"acts_visited":["Exordium","Exordium","Gensokyo:Gensokyoer"],"potions_floor_usage":[33,33,35,42,48,50],"damage_taken":[{"damage":0.0,"enemies":"Small Slimes","floor":1.0,"turns":3.0},{"damage":0.0,"enemies":"2 Louse","floor":4.0,"turns":2.0},{"damage":0.0,"enemies":"Jaw Worm","floor":7.0,"turns":2.0},{"damage":0.0,"enemies":"Lagavulin","floor":8.0,"turns":4.0},{"damage":13.0,"enemies":"Gremlin Gang","floor":11.0,"turns":3.0},{"damage":10.0,"enemies":"Exordium Thugs","floor":12.0,"turns":3.0},{"damage":1.0,"enemies":"conspire:2 RoseBushes","floor":13.0,"turns":4.0},{"damage":0.0,"enemies":"Slime Boss","floor":16.0,"turns":4.0},{"damage":21.0,"enemies":"Gensokyo:CosmicMonolith","floor":18.0,"turns":4.0},{"damage":10.0,"enemies":"Gensokyo:AngelMirror","floor":21.0,"turns":2.0},{"damage":18.0,"enemies":"Gensokyo:Slime_Group","floor":22.0,"turns":2.0},{"damage":2.0,"enemies":"Gensokyo:Reisen","floor":23.0,"turns":4.0},{"damage":16.0,"enemies":"Gensokyo:Mirror_and_Dog","floor":27.0,"turns":4.0},{"damage":0.0,"enemies":"Gensokyo:Chomper_and_Gloop","floor":29.0,"turns":3.0},{"damage":17,"enemies":"Gensokyo:Kaguya","floor":33,"turns":5},{"damage":10,"enemies":"Gensokyo:3_Boulders","floor":35,"turns":3},{"damage":0,"enemies":"Gensokyo:3_Bats","floor":39,"turns":3},{"damage":0,"enemies":"Gensokyo:Sharpion","floor":42,"turns":4},{"damage":7,"enemies":"Gensokyo:Marisa","floor":45,"turns":2},{"damage":0,"enemies":"Gensokyo:Doremy","floor":48,"turns":3},{"damage":26,"enemies":"Gensokyo:Scarlet_Devils","floor":50,"turns":5}],"seed_played":"-6772424026549581398","potions_obtained":[{"floor":4.0,"key":"Block Potion"},{"floor":11.0,"key":"BlessingOfTheForge"},{"floor":12.0,"key":"Strength Potion"},{"floor":21.0,"key":"blueLaboratory:BiasPotion"},{"floor":22.0,"key":"LiquidBronze"},{"floor":39,"key":"Languid Potion"},{"floor":45,"key":"AttackPotion"}],"is_trial":false,"path_per_floor":["M","$","?","M","$","R","M","E","T","R","M","M","M","?","R","B",null,"M","?","?","M","M","E","T","$","T","M","?","M","COS","$","R","B",null,"M","?","COS","?","M","R","$","M","T","$","E","?","R","E","R","B",null],"character_chosen":"DEFECT","items_purchased":["StuffTheSpire:Synthwave","Biased Cognition","Ball Lightning","Leap","ReplayTheSpireMod:CursedCoin","StuffTheSpire:Synthwave","Force Field","hubris:CuriousFeather","StuffTheSpire:Plugnplay","Sunder","FIFO Queue","Mirror Shield","Ball Lightning","ClockworkSouvenir","Ancient Tea Set","hubris:SpecializedCircuitry","StuffTheSpire:Plugnplay","War Paint","hubris:BallOfYels","ReplayTheSpireMod:ShopPack","Replay:Rubber Ducky","Membership Card","PreservedInsect","hubris:MysteriousPyramids","StuffTheSpire:ColdMirror","REME_TwoStrings"],"campfire_rested":1,"item_purchase_floors":[0,0,0,0,0,0,0,0,0,0,2,2,2,5,5,5,5,5,25,25,25,41,41,44,44,44],"current_hp_per_floor":[68,68,68,68,68,68,68,68,68,68,55,45,44,44,44,75,75,54,54,62,52,34,32,32,32,32,16,24,24,24,24,24,19,61,51,51,51,59,59,59,59,61,68,68,61,61,82,82,82,56],"gold":214,"neow_bonus":"","is_daily":false,"chose_seed":false,"campfire_upgraded":6,"win_rate":0.0,"timestamp":1614422750,"path_taken":["M","$","?","M","$","R","M","E","T","R","M","M","M","?","R","BOSS","M","?","?","?","M","E","?","$","T","M","?","?","COS","?","R","BOSS","M","?","COS","?","?","R","?","M","T","$","E","?","R","E","R","BOSS"],"items_purchased_type":["Card","Card","Card","Card","Relic","Card","Card","Relic","Card","Card","Card","Card","Card","Relic","Relic","Card","Card","Relic","Relic","Relic","Relic","Relic","Relic","Relic","Relic","Card"],"build_version":"2020-12-22","purchased_purges":14,"victory":true,"max_hp_per_floor":[75,75,75,75,75,75,75,75,75,75,75,75,75,75,75,75,75,75,75,75,75,75,75,75,75,75,75,75,75,75,75,75,75,75,75,75,75,75,75,75,75,75,82,82,82,82,82,82,82,82],"card_choices":[{"not_picked":["Steam","Streamline","Panic Button"],"picked":"SKIP","floor":1.0},{"not_picked":["Redo","Sweeping Beam","Rebound"],"picked":"SKIP","floor":4.0},{"not_picked":["ReplayTheSpireMod:Dual Polarity","Gash"],"picked":"Barrage","floor":7.0},{"not_picked":["Auto Shields","Self Repair"],"picked":"Loop","floor":8.0},{"not_picked":["Turbo","Gash","Compile Driver"],"picked":"SKIP","floor":11.0},{"not_picked":["Blizzard","StuffTheSpire:Plugnplay"],"picked":"StuffTheSpire:ForEach","floor":12.0},{"not_picked":["StuffTheSpire:GlassShard","Rebound","Sweeping Beam"],"picked":"SKIP","floor":13.0},{"not_picked":["Hyperbeam","All For One"],"picked":"Machine Learning","floor":16.0},{"not_picked":["Redo","Time Bomb","StuffTheSpire:NuclearReactor+1"],"picked":"SKIP","floor":18.0},{"not_picked":["Stack","Beam Cell+1"],"picked":"StuffTheSpire:LoadUp","floor":21.0},{"not_picked":["Coolheaded","Rip and Tear"],"picked":"Ball Lightning+1","floor":22.0},{"not_picked":["Gash","StuffTheSpire:GlassShard"],"picked":"ReplayTheSpireMod:Fabricate Wheel","floor":23.0},{"not_picked":["ReplayTheSpireMod:Trickstab","REME_MawOfCthun"],"picked":"Apotheosis","floor":25.0},{"not_picked":["Stack","Compile Driver"],"picked":"FIFO Queue+1","floor":27.0},{"not_picked":["Darkness+1","Cold Snap","StuffTheSpire:GlassShard+1"],"picked":"SKIP","floor":27.0},{"not_picked":["Steam Power","REME_DataAnalysis"],"picked":"Conserve Battery+1","floor":29.0},{"not_picked":["Recycle","StuffTheSpire:LoadUp"],"picked":"StuffTheSpire:ForEach","floor":29.0},{"not_picked":["StuffTheSpire:ForEach","hubris:DoWhile"],"picked":"Buffer","floor":33},{"not_picked":["Compile Driver","ReplayTheSpireMod:Dual Polarity","BasicCrystalCard+1"],"picked":"SKIP","floor":35},{"not_picked":["StuffTheSpire:Plugnplay","Lockon","Beam Cell"],"picked":"SKIP","floor":35},{"not_picked":["Redo","Turbo+1"],"picked":"Steam+1","floor":36},{"not_picked":["Capacitor","Double Energy+1"],"picked":"Reinforced Body+1","floor":36},{"not_picked":["Hologram+1","StuffTheSpire:GlassShard","Turbo+1"],"picked":"SKIP","floor":39},{"not_picked":["Beam Cell+1","Go for the Eyes","Redo"],"picked":"SKIP","floor":39},{"not_picked":["Streamline+1","Barrage","Stack+1"],"picked":"SKIP","floor":42},{"not_picked":["Gash","StuffTheSpire:NuclearReactor+1","StuffTheSpire:Rend+1"],"picked":"SKIP","floor":42},{"not_picked":["Stack","conspire:Rain+1","Gash"],"picked":"SKIP","floor":45},{"not_picked":["Gash","Meteor Strike"],"picked":"StuffTheSpire:Plugnplay+1","floor":48}],"player_experience":1192327,"relics_obtained":[{"floor":8.0,"key":"conspire:IceCreamScoop"},{"floor":9.0,"key":"StuffTheSpire:RubySignet"},{"floor":23.0,"key":"aspiration:StickyExplosives_weak"},{"floor":24.0,"key":"aspiration:FaultyCoupler"},{"floor":26.0,"key":"aspiration:ChemicalBlood"},{"floor":36,"key":"Boot"},{"floor":43,"key":"Strawberry"},{"floor":45,"key":"Bag of Marbles"},{"floor":48,"key":"Bottled Lightning"}],"event_choices":[{"damage_healed":0.0,"max_hp_gain":0.0,"max_hp_loss":0.0,"gold_gain":0.0,"event_name":"Golden Idol","player_choice":"Take Wound","floor":14.0,"gold_loss":0.0,"damage_taken":0.0,"relics_obtained":["Golden Idol"],"cards_obtained":["Injury"]}],"is_beta":false,"boss_relics":[{"not_picked":["Replay:Ancient Bell","aspiration:Stellarator"],"picked":"bronze:MakeshiftBattery"},{"not_picked":["hubris:VirtuousBlindfold","DemoMod:RiddleOfLead"],"picked":"Replay:Grab Bag"},{"not_picked":["Painkiller Herb","Fusion Hammer"],"picked":"halation:IncompleteEncyclopedia"},{"not_picked":["Philosopher\u0027s Stone","hubris:GrandSneckoEye"],"picked":"Replay:Bronze Core"},{"not_picked":["SacredBark","Ring of Chaos"],"picked":"hubris:Backtick"}],"items_purged_floors":[0,0,0,0,0,0,5,5,25,25,25,25,25,44],"is_endless":false,"potions_floor_spawned":[1,4,11,12,21,22,23,39,45],"ascension_level":6}}