{"host":"q4axc00jr2bozlh9","time":1614447085,"event":{"mods":["AchievementEnabler","Alarm Clock","BaseMod","Bestiary","Block Reminder","Colored Map","Colored Powertips","Curses Come First","Minty Spire (QoL Compilation)","Permanent Neow","Quick Restart","Rare Cards Sparkle","Relic Stats","StSLib","SuperFastMode","UnlockEverythingMod","Weighted Paths"],"gold_per_floor":[116,128,146,21,32,67,67,99,99,125,125,145,160,174,174,269,269,284,298,308,82,99,125,125,152,177,202,236,236,236,236,236,332,332,349,26,37,54,64,96,96,123,148,18,33,85,117,126,126,126,126,126,26,55,55,55],"floor_reached":55,"language":"ENG","playtime":7666,"items_purged":["Strike_R","Strike_R","Parasite"],"score":937,"play_id":"0ef3790e-bd5d-4663-b4ee-9dc17cc31d2a","local_time":"20210227183125","is_ascension_mode":false,"campfire_choices":[{"data":"Armaments","floor":7,"key":"SMITH"},{"floor":11,"key":"REST"},{"data":"Limit Break","floor":15,"key":"SMITH"},{"floor":24,"key":"REST"},{"floor":30,"key":"REST"},{"data":"Metallicize","floor":32,"key":"SMITH"},{"floor":41,"key":"RECALL"},{"floor":49,"key":"REST"},{"data":"1","floor":52,"key":"LIFT"}],"circlet_count":0,"master_deck":["Strike_R","Strike_R","Strike_R","Defend_R","Defend_R","Defend_R","Defend_R","Bash","Heavy Blade","Shrug It Off","Armaments+1","True Grit","Spot Weakness","Limit Break+1","Intimidate","Flex","Reaper","Seeing Red","Shrug It Off","Metallicize+1","Disarm","Inflame","Ghostly Armor+1","Limit Break","Disarm","Exhume","Mayhem","Metallicize","Bandage Up"],"relics":["Burning Blood","Pear","PreservedInsect","Matryoshka","StoneCalendar","Velvet Choker","Toolbox","The Courier","Happy Flower","Potion Belt","Akabeko","Strawberry","Red Mask","Black Star","Lantern","Blood Vial","Anchor","Self Forming Clay","Mummified Hand","HornCleat","Pen Nib","Girya","Gambling Chip","CeramicFish","Bronze Scales","White Beast Statue"],"acts_visited":["Exordium","TheCity","TheBeyond","TheEnding"],"potions_floor_usage":[6,8,16,20,20,23,23,33,33,40,40,42,46,50],"damage_taken":[{"damage":5,"enemies":"Cultist","floor":1,"turns":4},{"damage":6,"enemies":"Jaw Worm","floor":2,"turns":4},{"damage":0,"enemies":"2 Louse","floor":3,"turns":2},{"damage":22,"enemies":"Gremlin Gang","floor":5,"turns":9},{"damage":33,"enemies":"3 Sentries","floor":6,"turns":14},{"damage":20,"enemies":"Gremlin Nob","floor":8,"turns":5},{"damage":20,"enemies":"Lagavulin","floor":10,"turns":7},{"damage":3,"enemies":"Red Slaver","floor":12,"turns":7},{"damage":2,"enemies":"3 Louse","floor":13,"turns":4},{"damage":12,"enemies":"Large Slime","floor":14,"turns":7},{"damage":24,"enemies":"The Guardian","floor":16,"turns":8},{"damage":35,"enemies":"3 Byrds","floor":18,"turns":7},{"damage":35,"enemies":"Spheric Guardian","floor":19,"turns":6},{"damage":58,"enemies":"Cultist and Chosen","floor":20,"turns":7},{"damage":18,"enemies":"Shelled Parasite and Fungi","floor":22,"turns":5},{"damage":13,"enemies":"Gremlin Leader","floor":23,"turns":4},{"damage":8,"enemies":"Book of Stabbing","floor":25,"turns":5},{"damage":0,"enemies":"Gremlin Leader","floor":27,"turns":3},{"damage":29,"enemies":"Masked Bandits","floor":28,"turns":7},{"damage":52,"enemies":"Collector","floor":33,"turns":10},{"damage":21,"enemies":"3 Shapes","floor":35,"turns":7},{"damage":22,"enemies":"3 Darklings","floor":37,"turns":6},{"damage":0,"enemies":"Maw","floor":38,"turns":7},{"damage":0,"enemies":"Writhing Mass","floor":39,"turns":8},{"damage":24,"enemies":"Reptomancer","floor":40,"turns":6},{"damage":40,"enemies":"Nemesis","floor":42,"turns":7},{"damage":7,"enemies":"Jaw Worm Horde","floor":45,"turns":7},{"damage":92,"enemies":"2 Orb Walkers","floor":46,"turns":8},{"damage":25,"enemies":"Giant Head","floor":47,"turns":9},{"damage":30,"enemies":"Time Eater","floor":50,"turns":14},{"damage":56,"enemies":"Shield and Spear","floor":54,"turns":8},{"damage":84,"enemies":"The Heart","floor":55,"turns":6}],"seed_played":"-4478228093705150569","potions_obtained":[{"floor":2,"key":"LiquidBronze"},{"floor":6,"key":"Ancient Potion"},{"floor":10,"key":"EssenceOfSteel"},{"floor":14,"key":"Fire Potion"},{"floor":18,"key":"Swift Potion"},{"floor":19,"key":"Energy Potion"},{"floor":22,"key":"LiquidBronze"},{"floor":28,"key":"Energy Potion"},{"floor":31,"key":"SmokeBomb"},{"floor":31,"key":"Explosive Potion"},{"floor":31,"key":"Strength Potion"},{"floor":33,"key":"Ancient Potion"},{"floor":37,"key":"Fire Potion"},{"floor":38,"key":"Strength Potion"},{"floor":46,"key":"PowerPotion"}],"is_trial":false,"path_per_floor":["M","M","M","$","M","E","R","E","T","E","R","M","M","M","R","B",null,"M","M","M","$","M","E","R","E","T","E","?","?","R","?","R","B",null,"M","$","M","M","M","E","R","E","T","$","M","?","E","?","R","B",null,"R","$","E","B"],"character_chosen":"IRONCLAD","items_purchased":["Armaments","Toolbox","Metallicize","Lantern","Blood Vial","Mayhem"],"campfire_rested":4,"item_purchase_floors":[4,21,21,36,36,44],"current_hp_per_floor":[73,73,79,79,63,46,46,32,32,18,49,52,56,50,50,32,106,91,62,28,28,30,50,81,83,83,111,88,65,100,100,100,72,118,117,117,118,118,118,100,100,80,80,80,118,52,59,59,94,100,118,118,115,69,0,0],"gold":55,"neow_bonus":"TWENTY_PERCENT_HP_BONUS","is_daily":false,"chose_seed":false,"campfire_upgraded":3,"win_rate":0.0,"timestamp":1614447085,"path_taken":["M","M","M","$","M","E","R","E","T","E","R","M","M","M","R","BOSS","M","M","M","$","M","E","R","E","T","E","?","?","R","?","R","BOSS","M","$","?","M","M","E","R","E","T","?","M","?","E","?","R","BOSS","R","$","E","BOSS"],"items_purchased_type":["Card","Relic","Card","Relic","Relic","Card"],"build_version":"2020-12-22","purchased_purges":3,"victory":false,"max_hp_per_floor":[96,96,96,96,96,106,106,106,106,106,106,106,106,106,106,106,106,106,106,106,106,106,106,106,106,106,113,113,118,118,118,118,118,118,118,118,118,118,118,118,118,118,118,118,118,118,118,118,118,118,118,118,115,115,115,115],"relic_stats":{"Happy Flower":[37],"counters":[32,218],"Self Forming Clay":[87],"CeramicFish":9,"StoneCalendar":[460],"PreservedInsect":460,"Pen Nib":[4],"Burning Blood":162,"Blood Vial":11,"Mummified Hand":[30],"Gambling Chip":[8],"Bronze Scales":[75],"Black Star":4,"obtain_stats":[{"Lantern":36,"CeramicFish":47,"StoneCalendar":10,"Burning Blood":0,"Blood Vial":36,"Matryoshka":9,"HornCleat":42,"Mummified Hand":42,"Strawberry":27,"Gambling Chip":47,"Toolbox":21,"Red Mask":28,"Potion Belt":26,"Girya":46,"Pear":6,"Happy Flower":25,"Self Forming Clay":40,"Velvet Choker":17,"PreservedInsect":8,"The Courier":23,"Pen Nib":43,"Akabeko":26,"White Beast Statue":54,"Anchor":40,"Bronze Scales":54,"Black Star":34},{"Lantern":21,"CeramicFish":29,"StoneCalendar":7,"Burning Blood":0,"Blood Vial":21,"Matryoshka":6,"HornCleat":26,"Mummified Hand":26,"Strawberry":18,"Gambling Chip":29,"Toolbox":14,"Red Mask":19,"Potion Belt":17,"Girya":28,"Pear":5,"Happy Flower":17,"Self Forming Clay":25,"Velvet Choker":11,"PreservedInsect":6,"The Courier":16,"Pen Nib":26,"Akabeko":17,"White Beast Statue":31,"Anchor":25,"Bronze Scales":31,"Black Star":20},{"Lantern":132,"CeramicFish":190,"StoneCalendar":45,"Burning Blood":0,"Blood Vial":132,"Matryoshka":38,"HornCleat":166,"Mummified Hand":166,"Strawberry":108,"Gambling Chip":190,"Toolbox":91,"Red Mask":115,"Potion Belt":105,"Girya":181,"Pear":33,"Happy Flower":105,"Self Forming Clay":159,"Velvet Choker":71,"PreservedInsect":38,"The Courier":100,"Pen Nib":166,"Akabeko":105,"White Beast Statue":212,"Anchor":159,"Bronze Scales":212,"Black Star":125}]},"card_choices":[{"not_picked":["Anger","Perfected Strike","Twin Strike"],"picked":"SKIP","floor":1},{"not_picked":["Warcry","Clash"],"picked":"Heavy Blade","floor":2},{"not_picked":["Perfected Strike","Flex"],"picked":"Shrug It Off","floor":3},{"not_picked":["Clothesline","Heavy Blade","Sword Boomerang"],"picked":"SKIP","floor":5},{"not_picked":["Intimidate","Hemokinesis"],"picked":"True Grit","floor":6},{"not_picked":["Battle Trance","Warcry"],"picked":"Spot Weakness","floor":8},{"not_picked":["Headbutt","Combust"],"picked":"Limit Break","floor":10},{"not_picked":["Sword Boomerang","Dropkick","Pommel Strike"],"picked":"SKIP","floor":12},{"not_picked":["Headbutt","Sword Boomerang"],"picked":"Intimidate","floor":13},{"not_picked":["Sword Boomerang","Warcry"],"picked":"Flex","floor":14},{"not_picked":["Exhume","Bludgeon"],"picked":"Reaper","floor":16},{"not_picked":["Rupture","Flex","Evolve"],"picked":"SKIP","floor":18},{"not_picked":["Carnage","Warcry+1"],"picked":"Seeing Red","floor":19},{"not_picked":["Wild Strike","Pommel Strike"],"picked":"Shrug It Off","floor":20},{"not_picked":["Thunderclap","Reckless Charge+1"],"picked":"Disarm","floor":22},{"not_picked":["Reckless Charge","Fire Breathing"],"picked":"Inflame","floor":23},{"not_picked":["Feel No Pain+1","Immolate","Rupture"],"picked":"SKIP","floor":25},{"not_picked":["Offering","Demon Form"],"picked":"Ghostly Armor+1","floor":27},{"not_picked":["Fiend Fire","Impervious"],"picked":"Limit Break","floor":33},{"not_picked":["Infernal Blade+1","Iron Wave+1","Sword Boomerang"],"picked":"SKIP","floor":35},{"not_picked":["True Grit","Perfected Strike","Anger"],"picked":"SKIP","floor":37},{"not_picked":["Havoc+1","Sword Boomerang"],"picked":"Disarm","floor":38},{"not_picked":["Thunderclap","Sentinel+1","Clash+1"],"picked":"SKIP","floor":39},{"not_picked":["Clothesline","Cleave+1","Sword Boomerang"],"picked":"SKIP","floor":40},{"not_picked":["Body Slam+1","Infernal Blade"],"picked":"Exhume","floor":42},{"not_picked":["Perfected Strike","Wild Strike+1"],"picked":"Metallicize","floor":45},{"not_picked":["Fire Breathing","Bloodletting","Reckless Charge+1"],"picked":"SKIP","floor":47},{"not_picked":["Blind","Magnetism"],"picked":"Bandage Up","floor":48},{"not_picked":["Clash+1","Bloodletting+1","Infernal Blade"],"picked":"SKIP","floor":54}],"player_experience":310990,"relics_obtained":[{"floor":6,"key":"Pear"},{"floor":8,"key":"PreservedInsect"},{"floor":9,"key":"Matryoshka"},{"floor":10,"key":"StoneCalendar"},{"floor":23,"key":"The Courier"},{"floor":25,"key":"Happy Flower"},{"floor":26,"key":"Potion Belt"},{"floor":26,"key":"Akabeko"},{"floor":27,"key":"Strawberry"},{"floor":28,"key":"Red Mask"},{"floor":40,"key":"Anchor"},{"floor":40,"key":"Self Forming Clay"},{"floor":42,"key":"Mummified Hand"},{"floor":42,"key":"HornCleat"},{"floor":43,"key":"Pen Nib"},{"floor":46,"key":"Girya"},{"floor":47,"key":"Gambling Chip"},{"floor":47,"key":"CeramicFish"},{"floor":54,"key":"Bronze Scales"},{"floor":54,"key":"White Beast Statue"}],"event_choices":[{"damage_healed":0,"gold_gain":0,"player_choice":"Fought Bandits","damage_taken":0,"max_hp_gain":0,"max_hp_loss":0,"event_name":"Masked Bandits","floor":28,"gold_loss":0},{"damage_healed":0,"gold_gain":0,"player_choice":"Shed Blood","damage_taken":28,"max_hp_gain":5,"max_hp_loss":0,"event_name":"Forgotten Altar","floor":29,"gold_loss":0},{"damage_healed":0,"gold_gain":0,"player_choice":"Got Potions","damage_taken":0,"max_hp_gain":0,"max_hp_loss":0,"event_name":"Lab","floor":31,"gold_loss":0},{"damage_healed":0,"gold_gain":0,"player_choice":"Fight","damage_taken":0,"max_hp_gain":0,"max_hp_loss":0,"event_name":"Mysterious Sphere","floor":46,"gold_loss":0},{"damage_healed":0,"gold_gain":0,"player_choice":"Memory 1","damage_taken":0,"max_hp_gain":0,"max_hp_loss":0,"event_name":"SensoryStone","floor":48,"gold_loss":0}],"is_beta":false,"boss_relics":[{"not_picked":["Runic Dome","Mark of Pain"],"picked":"Velvet Choker"},{"not_picked":["Sozu","Cursed Key"],"picked":"Black Star"}],"items_purged_floors":[4,36,53],"is_endless":false,"potions_floor_spawned":[2,6,10,14,18,19,22,28,33,37,38,39,46],"killed_by":"The Heart","ascension_level":0}}