{"host":"3sqvgza1l4ip9ny1","time":1614458842,"event":{"mods":["BaseMod","Minty Spire (QoL Compilation)"],"gold_per_floor":[117,131,144,156,156,189,213,213,238,238,250,250,270,296,296,394,394,410,410,52,72,72,72,104,0,46,56,84,97,97,128,128,226,226,239,288,188,200,200,200,200],"floor_reached":40,"language":"ENG","playtime":1961,"items_purged":["Strike_B","Strike_B"],"score":635,"play_id":"e15ecdfb-3127-41f8-8291-958d3e29508d","local_time":"20210227204722","is_ascension_mode":true,"campfire_choices":[{"floor":8,"key":"REST"},{"data":"Scrape","floor":10,"key":"SMITH"},{"data":"Zap","floor":12,"key":"SMITH"},{"data":"Hologram","floor":15,"key":"SMITH"},{"data":"Hologram","floor":23,"key":"SMITH"},{"data":"Hologram","floor":30,"key":"SMITH"},{"data":"Coolheaded","floor":32,"key":"SMITH"}],"circlet_count":0,"master_deck":["Strike_B","Strike_B","Defend_B","Defend_B","Defend_B","Defend_B","Zap+1","Dualcast","All For One","Coolheaded+1","Undo","Scrape+1","Rebound","Regret","Beam Cell","Gash","Beam Cell","Hologram+1","Hologram+1","Seek+1","Go for the Eyes+1","Hologram+1","Gash","Go for the Eyes+1","Gash","Rebound+1","Madness","Madness"],"relics":["Cracked Core","DataDisk","Dream Catcher","Vajra","Nunchaku","Eternal Feather","Nuclear Battery","Bottled Lightning","Matryoshka","Strawberry","White Beast Statue","Omamori","Gremlin Horn","Mercury Hourglass","Sozu","CaptainsWheel"],"acts_visited":["Exordium","TheCity","TheBeyond"],"potions_floor_usage":[6,14,18,36,40,40],"damage_taken":[{"damage":0,"enemies":"Cultist","floor":1,"turns":4},{"damage":2,"enemies":"Jaw Worm","floor":2,"turns":3},{"damage":8,"enemies":"2 Louse","floor":3,"turns":2},{"damage":9,"enemies":"Exordium Thugs","floor":4,"turns":5},{"damage":15,"enemies":"Gremlin Nob","floor":6,"turns":4},{"damage":2,"enemies":"Blue Slaver","floor":11,"turns":2},{"damage":0,"enemies":"3 Louse","floor":13,"turns":1},{"damage":13,"enemies":"3 Sentries","floor":14,"turns":5},{"damage":3,"enemies":"Slime Boss","floor":16,"turns":5},{"damage":7,"enemies":"Shell Parasite","floor":18,"turns":4},{"damage":1,"enemies":"3 Byrds","floor":21,"turns":3},{"damage":19,"enemies":"Book of Stabbing","floor":24,"turns":3},{"damage":0,"enemies":"3 Cultists","floor":27,"turns":3},{"damage":0,"enemies":"Gremlin Leader","floor":28,"turns":3},{"damage":3,"enemies":"Chosen and Byrds","floor":29,"turns":3},{"damage":10,"enemies":"Slavers","floor":31,"turns":2},{"damage":4,"enemies":"Automaton","floor":33,"turns":3},{"damage":0,"enemies":"Orb Walker","floor":35,"turns":2},{"damage":37,"enemies":"2 Orb Walkers","floor":36,"turns":3},{"damage":0,"enemies":"3 Shapes","floor":38,"turns":2},{"damage":34,"enemies":"Nemesis","floor":40,"turns":4}],"seed_played":"-2884074839608683113","potions_obtained":[{"floor":3,"key":"Regen Potion"},{"floor":4,"key":"Dexterity Potion"},{"floor":6,"key":"Weak Potion"},{"floor":24,"key":"LiquidBronze"},{"floor":27,"key":"PowerPotion"},{"floor":28,"key":"Block Potion"},{"floor":29,"key":"PowerPotion"},{"floor":31,"key":"Dexterity Potion"}],"is_trial":false,"path_per_floor":["M","M","M","M","?","E","T","R","T","R","M","R","M","E","R","B",null,"M","?","$","M","T","R","E","?","T","M","E","M","R","E","R","B",null,"M","?","$","M","?","E"],"character_chosen":"DEFECT","items_purchased":["Bottled Lightning","Hologram"],"campfire_rested":1,"item_purchase_floors":[20,20],"current_hp_per_floor":[68,66,58,49,49,34,34,54,54,54,52,52,52,53,65,62,68,61,61,61,60,60,68,56,56,56,56,56,53,68,58,73,69,75,75,38,38,38,29,0,0],"gold":200,"neow_bonus":"THREE_RARE_CARDS","is_daily":false,"chose_seed":false,"campfire_upgraded":6,"win_rate":0.0,"timestamp":1614458842,"path_taken":["M","M","?","M","?","E","?","R","T","R","?","R","M","E","R","BOSS","M","?","?","?","?","R","E","?","T","M","E","M","R","E","R","BOSS","M","?","$","M","?","E"],"items_purchased_type":["Relic","Card"],"build_version":"2020-12-22","purchased_purges":2,"victory":false,"max_hp_per_floor":[68,68,68,68,68,68,68,68,68,68,68,68,68,68,68,68,68,68,68,68,68,68,68,75,75,75,75,75,75,75,75,75,75,75,75,75,75,75,75,75,75],"card_choices":[{"not_picked":["Biased Cognition","Fission"],"picked":"All For One","floor":0},{"not_picked":["Cold Snap","Heatsinks"],"picked":"Coolheaded","floor":1},{"not_picked":["Turbo","Cold Snap"],"picked":"Undo","floor":2},{"not_picked":["Streamline","Chaos"],"picked":"Scrape","floor":3},{"not_picked":["Sweeping Beam","Streamline"],"picked":"Rebound","floor":4},{"not_picked":["Melter","Stack"],"picked":"Beam Cell","floor":6},{"not_picked":["Machine Learning","Compile Driver"],"picked":"Gash","floor":8},{"not_picked":["Sweeping Beam","Sunder"],"picked":"Beam Cell","floor":11},{"not_picked":["Chill","Doom and Gloom"],"picked":"Hologram","floor":13},{"not_picked":["Go for the Eyes","Redo"],"picked":"Hologram","floor":14},{"not_picked":["Meteor Strike","Thunder Strike"],"picked":"Seek","floor":16},{"not_picked":["Melter","Coolheaded"],"picked":"Go for the Eyes+1","floor":18},{"not_picked":["Hologram","Beam Cell"],"picked":"Gash","floor":21},{"not_picked":["Reinforced Body+1","Ball Lightning"],"picked":"Go for the Eyes+1","floor":24},{"not_picked":["Go for the Eyes","Genetic Algorithm+1","Turbo"],"picked":"SKIP","floor":27},{"not_picked":["Melter","Barrage","Beam Cell"],"picked":"SKIP","floor":28},{"not_picked":["Conserve Battery+1","Doom and Gloom+1"],"picked":"Gash","floor":29},{"not_picked":["Melter","Capacitor"],"picked":"Rebound+1","floor":31},{"not_picked":["Recycle","Blizzard+1","Defragment"],"picked":"SKIP","floor":35},{"not_picked":["Loop","Recycle+1","Leap+1"],"picked":"SKIP","floor":38}],"player_experience":265152,"relics_obtained":[{"floor":6,"key":"Dream Catcher"},{"floor":7,"key":"Vajra"},{"floor":9,"key":"Nunchaku"},{"floor":14,"key":"Eternal Feather"},{"floor":22,"key":"Matryoshka"},{"floor":24,"key":"Strawberry"},{"floor":26,"key":"White Beast Statue"},{"floor":26,"key":"Omamori"},{"floor":28,"key":"Gremlin Horn"},{"floor":31,"key":"Mercury Hourglass"},{"floor":36,"key":"CaptainsWheel"}],"event_choices":[{"damage_healed":0,"gold_gain":0,"player_choice":"Box","damage_taken":0,"relics_obtained":["DataDisk"],"max_hp_gain":0,"max_hp_loss":0,"event_name":"Big Fish","floor":5,"gold_loss":0,"cards_obtained":["Regret"]},{"damage_healed":0,"gold_gain":0,"player_choice":"Forge","damage_taken":0,"max_hp_gain":0,"max_hp_loss":0,"event_name":"Accursed Blacksmith","floor":19,"gold_loss":0,"cards_upgraded":["Seek"]},{"damage_healed":0,"gold_gain":0,"player_choice":"Paid Fearfully","damage_taken":0,"max_hp_gain":0,"max_hp_loss":0,"event_name":"Masked Bandits","floor":25,"gold_loss":104},{"damage_healed":0,"gold_gain":0,"player_choice":"Fight","damage_taken":0,"max_hp_gain":0,"max_hp_loss":0,"event_name":"Mysterious Sphere","floor":36,"gold_loss":0},{"damage_healed":0,"gold_gain":0,"player_choice":"Embrace Madness","damage_taken":9,"max_hp_gain":0,"max_hp_loss":0,"event_name":"Winding Halls","floor":39,"gold_loss":0,"cards_obtained":["Madness","Madness"]}],"is_beta":false,"boss_relics":[{"not_picked":["SlaversCollar","Empty Cage"],"picked":"Nuclear Battery"},{"not_picked":["Tiny House","Runic Dome"],"picked":"Sozu"}],"items_purged_floors":[20,37],"is_endless":false,"potions_floor_spawned":[3,4,6,24,27,28,29,31,33,35,36,38],"killed_by":"Nemesis","ascension_level":4}}