{"host":"0hpcwmnjk6ebq46s","time":1614396015,"event":{"mods":["Act Like it!","AlwaysNeverKeys","Aspiration","Astrologer","Bard","BaseMod","Better Note","Better Third Choice","Colored Map","Colored Powertips","Duelist Mod","Energized Spire","GifTheSpireLib","Glutton Mod","Googly Eyes","Halation","Hallownest","Hubris","Infinite Spire","Jedi Mod","Mad Scientist","Marisa????????","Mimic Mod","Minty Spire (QoL Compilation)","Permanent Neow","Relic Stats","Reliquary","Remilia??????","Replay The Spire","Ruina","Spicy Shops","StSLib","Stuff the Spire","SuperFastMode","The Administrix","The Animator","The Blue Laboratory","The Bug Knight","The Construct","The Cursed","The Disciple","The Hierophant","The Necromancer","The Runesmith","The Wild Card","TheFirefly","Transform Curses","UnlockEverythingMod"],"gold_per_floor":[112,130,130,146,158,192,192,202,229,229,229,270,297,322,322,438,438,469,502,216,243,287,287,331,331,356,356,412,46,46,46,46,54,54],"floor_reached":33,"language":"ENG","playtime":2807,"items_purged":["Compile Driver"],"score":405,"play_id":"68be6d7a-8a11-4adf-a040-1c17c6de2b2a","local_time":"20210226212015","daily_mods":["SealedDeck","Red Cards","Green Cards","Blue Cards","Purple Cards"],"is_ascension_mode":true,"campfire_choices":[{"data":"Gash","floor":7,"key":"SMITH"},{"data":"ScarletImprint","floor":15,"key":"SMITH"},{"data":"LuminesStrike","floor":23,"key":"SMITH"},{"data":"BlazeAway","floor":25,"key":"SMITH"},{"data":"WitchOfGreed","floor":27,"key":"SMITH"},{"data":"hubris:EnhanceAbility","floor":32,"key":"SMITH"}],"circlet_count":0,"master_deck":["MysteriousBeam","ScarletImprint+1","Iron Wave","thefirefly:RollBack+1","Conserve Battery","thefirefly:FlareScreen","GalacticHalo","Cloak And Dagger","Gash+1","Gash","Footwork","Rebound","Deflect","thefirefly:CoveringFire","thefirefly:Prominence","VampirishNight","MilkyWay","PulseMagic","LuminesStrike+1","EnergyFlow","ChargingUp","BlazeAway+1","WitchOfGreed+1","6A+1","PowerUp","hubris:EnhanceAbility+1","Panache"],"relics":["MiniHakkero","reliquary:WeakTea","Replay:Bandana","hubris:Icosahedron","hubris:Towel","Oddly Smooth Stone","SlaversCollar","BargainBundle","halation:SwordOfLegend","Anchor","infinitespire:Bottled Soul","ReplayTheSpireMod:ShopPack"],"acts_visited":["Exordium","TheCity"],"potions_floor_usage":[22,22,22,28,28,33,33,33],"damage_taken":[{"damage":0,"enemies":"Jaw Worm","floor":1,"turns":2},{"damage":0,"enemies":"Cultist","floor":2,"turns":2},{"damage":0,"enemies":"Small Slimes","floor":4,"turns":4},{"damage":3,"enemies":"2 Fungi Beasts","floor":5,"turns":2},{"damage":13,"enemies":"HollowMod:MossKnight","floor":6,"turns":5},{"damage":0,"enemies":"Exordium Wildlife","floor":8,"turns":3},{"damage":2,"enemies":"Replay:BlueRogue","floor":12,"turns":5},{"damage":0,"enemies":"Gremlin Gang","floor":13,"turns":3},{"damage":0,"enemies":"Exordium Thugs","floor":14,"turns":2},{"damage":28,"enemies":"Fading Forest","floor":16,"turns":11},{"damage":0,"enemies":"Chosen","floor":18,"turns":4},{"damage":1,"enemies":"Shell Parasite","floor":19,"turns":4},{"damage":32,"enemies":"Shelled Parasite and Fungi","floor":21,"turns":5},{"damage":2,"enemies":"Snecko","floor":22,"turns":5},{"damage":6,"enemies":"theDuelist:KaibaA2","floor":24,"turns":3},{"damage":17,"enemies":"Cultist and Chosen","floor":28,"turns":8},{"damage":24,"enemies":"Collector","floor":33,"turns":6}],"seed_played":"-2873391495836114676","potions_obtained":[{"floor":1,"key":"Languid Potion"},{"floor":5,"key":"blueLaboratory:NullPotion"},{"floor":6,"key":"jedi:StrikingPotion"},{"floor":14,"key":"Adrenaline Potion"},{"floor":16,"key":"infinitespire:BlackPotion"},{"floor":22,"key":"blueLaboratory:BottleOfVodka"},{"floor":22,"key":"Ancient Potion"},{"floor":24,"key":"SteroidPotion"},{"floor":28,"key":"blueLaboratory:LouseDecoction"},{"floor":28,"key":"EssenceOfSteel"}],"is_trial":true,"path_per_floor":["M","M","?","M","M","E","R","M","T","?","?","E","M","M","R","B",null,"M","M","$","M","M","R","E","R","T","R","M","$","?","?","R","B"],"character_chosen":"MARISA","items_purchased":["LuminesStrike","BargainBundle","EnergyFlow","ChargingUp","BlazeAway","infinitespire:Bottled Soul","ReplayTheSpireMod:ShopPack"],"campfire_rested":0,"item_purchase_floors":[20,20,20,20,20,29,29],"current_hp_per_floor":[68,68,68,68,65,52,52,52,52,52,52,50,50,52,52,26,63,65,66,66,36,36,36,32,31,31,31,18,18,18,18,21,0,0],"gold":54,"neow_bonus":"","is_daily":false,"chose_seed":false,"campfire_upgraded":6,"win_rate":0.0,"timestamp":1614396015,"path_taken":["M","M","?","M","M","E","R","?","T","?","?","E","?","M","R","BOSS","M","?","$","M","M","R","E","R","T","R","M","$","?","?","R","BOSS"],"items_purchased_type":["Card","Relic","Card","Card","Card","Relic","Relic"],"build_version":"2020-12-22","purchased_purges":1,"victory":false,"max_hp_per_floor":[75,75,75,75,75,75,75,75,75,75,75,75,75,75,75,75,75,75,75,75,75,75,75,75,75,75,75,75,75,75,75,75,75,75],"relic_stats":{"counters":[17,74],"obtain_stats":[{"SlaversCollar":17,"Replay:Bandana":9,"BargainBundle":20,"halation:SwordOfLegend":24,"Anchor":26,"hubris:Icosahedron":10,"infinitespire:Bottled Soul":29,"Oddly Smooth Stone":12,"MiniHakkero":0,"reliquary:WeakTea":6,"hubris:Towel":11,"ReplayTheSpireMod:ShopPack":29},{"SlaversCollar":10,"Replay:Bandana":6,"BargainBundle":12,"halation:SwordOfLegend":15,"Anchor":15,"hubris:Icosahedron":6,"infinitespire:Bottled Soul":16,"Oddly Smooth Stone":7,"MiniHakkero":0,"reliquary:WeakTea":5,"hubris:Towel":6,"ReplayTheSpireMod:ShopPack":16},{"SlaversCollar":39,"Replay:Bandana":18,"BargainBundle":47,"halation:SwordOfLegend":60,"Anchor":60,"hubris:Icosahedron":18,"infinitespire:Bottled Soul":68,"Oddly Smooth Stone":23,"MiniHakkero":0,"reliquary:WeakTea":15,"hubris:Towel":18,"ReplayTheSpireMod:ShopPack":68}]},"card_choices":[{"not_picked":["jedi:collectorstrike","construct:ReactiveShield"],"picked":"Footwork","floor":1},{"not_picked":["construct:FierceBash","Calculated Gamble","Sucker Punch"],"picked":"SKIP","floor":2},{"not_picked":["Acrobatics","hierophant:DisplayOfPower"],"picked":"Rebound","floor":4},{"not_picked":["ReapSow","StuffTheSpire:Fury"],"picked":"Compile Driver","floor":5},{"not_picked":["ForbiddenFruit","UnstableBomb"],"picked":"Deflect","floor":6},{"not_picked":["Outmaneuver","Cleave"],"picked":"thefirefly:CoveringFire","floor":8},{"not_picked":["AdministrixMod:Transcension","thefirefly:ErraticMotions"],"picked":"thefirefly:Prominence","floor":12},{"not_picked":["jedi:bloodyhammer","Run Through"],"picked":"VampirishNight","floor":13},{"not_picked":["Coolheaded","construct:Missile","StuffTheSpire:Python"],"picked":"SKIP","floor":14},{"not_picked":["ManaConvection","LuminesStrike"],"picked":"MilkyWay","floor":18},{"not_picked":["FairyDestructionRay","PowerUp"],"picked":"PulseMagic","floor":19},{"not_picked":["OortCloud","EnergyFlow"],"picked":"WitchOfGreed","floor":21},{"not_picked":["GravityBeat","AsteroidBelt"],"picked":"6A+1","floor":22},{"not_picked":["GravityBeat","EscapeVelocity","GalacticHalo"],"picked":"SKIP","floor":24},{"not_picked":["Orbital+1","Occultation+1"],"picked":"PowerUp","floor":28},{"not_picked":["jedi:cleanse","Crow Ritual"],"picked":"hubris:EnhanceAbility","floor":29},{"not_picked":["Midas Touch","PanicButton"],"picked":"Panache","floor":29}],"player_experience":122640,"relics_obtained":[{"floor":6,"key":"reliquary:WeakTea"},{"floor":9,"key":"Replay:Bandana"},{"floor":12,"key":"Oddly Smooth Stone"},{"floor":24,"key":"halation:SwordOfLegend"},{"floor":26,"key":"Anchor"}],"event_choices":[{"damage_healed":0,"gold_gain":0,"player_choice":"Upgraded","damage_taken":0,"max_hp_gain":0,"max_hp_loss":0,"event_name":"Upgrade Shrine","floor":3,"gold_loss":0,"cards_upgraded":["thefirefly:RollBack"]}],"is_beta":false,"boss_relics":[{"not_picked":["halation:LoveArrow","hubris:ScarierMask"],"picked":"SlaversCollar"}],"items_purged_floors":[20],"is_endless":false,"potions_floor_spawned":[1,5,6,12,14,16,22,24,28],"killed_by":"Collector","ascension_level":9}}