{"host":"l15sdf2mmi0nobpi","time":1614407527,"event":{"mods":["ATMod(°¢èªMod)","BaseMod","Highlight Path","Minty Spire (QoL Compilation)","Quick Restart","StSLib","¡¾¹¦ÄÜMod¡¿Neow½±Àø"],"gold_per_floor":[114,134,134,134,155,195,215,215,292,325,360,360,401,420,420,510,510,529,529,548,569,619,383,383,396,396,429,453,453,453],"floor_reached":29,"language":"ZHS","playtime":1205,"items_purged":["Strike_B"],"score":514,"play_id":"d630f386-45dc-44ca-a340-58d65b045de8","local_time":"20210227143207","is_ascension_mode":true,"campfire_choices":[{"data":"AT_FamilyPortrait","floor":8.0,"key":"SMITH"},{"data":"Recycle","floor":12.0,"key":"SMITH"},{"data":"Buffer","floor":15.0,"key":"SMITH"},{"data":"Turbo","floor":24.0,"key":"SMITH"}],"circlet_count":0,"master_deck":["AscendersBane","Strike_B","Strike_B","Defend_B","Defend_B","Defend_B","Defend_B","Zap","Dualcast","AT_FamilyPortrait+1","Ball Lightning","Recycle+1","Buffer+1","Glacier","AT_WaterDrop","Seek","Coolheaded","Skim","Turbo+1"],"relics":["Cracked Core","AT_ATBox","Lantern","Golden Idol","CaptainsWheel","Odd Mushroom","AT_SunfireAegis","Runic Pyramid","TheAbacus","Sundial","Eternal Feather"],"acts_visited":["Exordium","TheCity"],"potions_floor_usage":[],"damage_taken":[{"damage":0.0,"enemies":"Small Slimes","floor":1.0,"turns":2.0},{"damage":0.0,"enemies":"Jaw Worm","floor":2.0,"turns":3.0},{"damage":0.0,"enemies":"2 Louse","floor":5.0,"turns":1.0},{"damage":11.0,"enemies":"Gremlin Nob","floor":6.0,"turns":3.0},{"damage":4.0,"enemies":"Lots of Slimes","floor":7.0,"turns":4.0},{"damage":6.0,"enemies":"The Mushroom Lair","floor":10.0,"turns":3.0},{"damage":14.0,"enemies":"3 Sentries","floor":11.0,"turns":10.0},{"damage":6.0,"enemies":"Looter","floor":13.0,"turns":3.0},{"damage":0.0,"enemies":"Exordium Thugs","floor":14.0,"turns":4.0},{"damage":1.0,"enemies":"Hexaghost","floor":16.0,"turns":8.0},{"damage":0.0,"enemies":"Spheric Guardian","floor":18.0,"turns":3.0},{"damage":0.0,"enemies":"3 Byrds","floor":20.0,"turns":5.0},{"damage":0.0,"enemies":"Shelled Parasite and Fungi","floor":21.0,"turns":6.0},{"damage":4.0,"enemies":"Chosen and Byrds","floor":25.0,"turns":7.0},{"damage":27.0,"enemies":"Book of Stabbing","floor":27.0,"turns":6.0},{"damage":0.0,"enemies":"3 Cultists","floor":28.0,"turns":4.0},{"damage":5,"enemies":"Gremlin Leader","floor":29,"turns":2}],"seed_played":"-8276633908034390463","potions_obtained":[{"floor":2.0,"key":"Explosive Potion"},{"floor":6.0,"key":"GamblersBrew"},{"floor":13.0,"key":"SpeedPotion"},{"floor":14.0,"key":"BlessingOfTheForge"},{"floor":16.0,"key":"AttackPotion"},{"floor":25.0,"key":"Energy Potion"}],"is_trial":false,"path_per_floor":["M","M","?","?","M","E","M","R","T","?","E","R","M","M","R","B",null,"M","?","M","M","?","$","R","M","T","E","M","E"],"character_chosen":"DEFECT","items_purchased":["TheAbacus"],"campfire_rested":0,"item_purchase_floors":[23],"current_hp_per_floor":[64,64,64,57,57,46,42,42,42,36,22,22,16,24,24,23,54,54,54,54,54,54,54,54,50,50,23,23,18,18],"gold":453,"neow_bonus":"RANDOM_COMMON_RELIC","is_daily":false,"chose_seed":false,"campfire_upgraded":4,"win_rate":0.0,"timestamp":1614407527,"path_taken":["M","M","?","?","M","E","M","R","T","?","E","R","M","M","R","BOSS","M","?","M","M","?","$","R","M","T","E","M","E"],"items_purchased_type":["Relic"],"build_version":"2020-12-22","purchased_purges":1,"victory":false,"max_hp_per_floor":[71,71,64,64,64,64,64,64,64,64,64,64,64,64,64,64,64,64,64,64,64,64,64,64,64,64,64,64,64,64],"card_choices":[{"not_picked":["Reinforced Body","Scrape","Melter"],"picked":"SKIP","floor":1.0},{"not_picked":["Rebound","Barrage","Go for the Eyes"],"picked":"SKIP","floor":2.0},{"not_picked":["Gash","Coolheaded"],"picked":"Ball Lightning","floor":5.0},{"not_picked":["Ball Lightning","Reprogram"],"picked":"Recycle","floor":6.0},{"not_picked":["Compile Driver","Genetic Algorithm"],"picked":"Buffer","floor":7.0},{"not_picked":["Sweeping Beam","AT_ThunderBolt"],"picked":"Glacier","floor":10.0},{"not_picked":["Steam Power","Rebound"],"picked":"AT_WaterDrop","floor":11.0},{"not_picked":["Fusion","Chill","Melter"],"picked":"SKIP","floor":13.0},{"not_picked":["Compile Driver","Redo","Conserve Battery"],"picked":"SKIP","floor":14.0},{"not_picked":["All For One","Rainbow"],"picked":"Seek","floor":16.0},{"not_picked":["Conserve Battery","AT_HeatAcrobatics"],"picked":"Coolheaded","floor":18.0},{"not_picked":["Coolheaded","AT_EMC2+1"],"picked":"Skim","floor":20.0},{"not_picked":["AT_ThreeBodyProblem","Lockon"],"picked":"Turbo","floor":21.0},{"not_picked":["Rebound","Go for the Eyes+1","Thunder Strike"],"picked":"SKIP","floor":25.0},{"not_picked":["AT_WarpDrive","Darkness","Gash"],"picked":"SKIP","floor":27.0},{"not_picked":["Rebound","Streamline+1","Chill"],"picked":"SKIP","floor":28.0}],"player_experience":403831,"relics_obtained":[{"floor":6.0,"key":"CaptainsWheel"},{"floor":10.0,"key":"Odd Mushroom"},{"floor":11.0,"key":"AT_SunfireAegis"},{"floor":26.0,"key":"Sundial"},{"floor":27.0,"key":"Eternal Feather"}],"event_choices":[{"damage_healed":0.0,"max_hp_gain":0.0,"max_hp_loss":7.0,"gold_gain":0.0,"event_name":"Golden Idol","player_choice":"Lose Max HP","floor":3.0,"gold_loss":0.0,"damage_taken":0.0,"relics_obtained":["Golden Idol"]},{"cards_removed":["Strike_B"],"damage_healed":0.0,"max_hp_gain":0.0,"max_hp_loss":0.0,"gold_gain":0.0,"event_name":"Golden Wing","player_choice":"Card Removal","floor":4.0,"gold_loss":0.0,"damage_taken":7.0},{"damage_healed":0.0,"max_hp_gain":0.0,"max_hp_loss":0.0,"gold_gain":0.0,"event_name":"Mushrooms","player_choice":"Fought Mushrooms","floor":10.0,"gold_loss":0.0,"damage_taken":0.0},{"damage_healed":0.0,"max_hp_gain":0.0,"max_hp_loss":0.0,"gold_gain":0.0,"event_name":"Vampires","player_choice":"Ignored","floor":19.0,"gold_loss":0.0,"damage_taken":0.0},{"damage_healed":0.0,"max_hp_gain":0.0,"max_hp_loss":0.0,"gold_gain":50.0,"event_name":"Nest","player_choice":"Stole From Cult","floor":22.0,"gold_loss":0.0,"damage_taken":0.0}],"is_beta":false,"boss_relics":[{"not_picked":["SacredBark","Fusion Hammer"],"picked":"Runic Pyramid"}],"items_purged_floors":[23],"is_endless":false,"potions_floor_spawned":[2,6,13,14,16,20,25],"killed_by":"Gremlin Leader","ascension_level":20}}