{"host":"lktusdb9orijgc6z","time":1614433353,"event":{"mods":["BaseMod","Bestiary","Colored Map","Colored Powertips","Minty Spire (QoL Compilation)","Permanent Neow","Quick Restart","Relic Stats","StSLib","everything is the same but u backflip on backflip","slay the spire mod where everything is the same but ironclad has a cowboy hat"],"gold_per_floor":[118,138,152,152,3,3,34,34,61,72,98,110,172,163,163,237,237,248,262,312,376,376,376],"floor_reached":22,"language":"ENG","playtime":797,"items_purged":[],"score":396,"play_id":"7f878a00-7f88-4dc8-b1b7-7839457a61b8","local_time":"20210227144233","is_ascension_mode":true,"campfire_choices":[{"data":"Sunder","floor":6.0,"key":"SMITH"},{"data":"Rip and Tear","floor":8.0,"key":"SMITH"},{"data":"Sunder","floor":15.0,"key":"SMITH"}],"circlet_count":0,"master_deck":["AscendersBane","Strike_B","Strike_B","Strike_B","Defend_B","Defend_B","Defend_B","Defend_B","Zap","Dualcast","Gash","Sunder+1","White Noise","Storm","Rip and Tear+1","Coolheaded","Gash","Undo","Sunder+1","Amplify","Electrodynamics","Capacitor","Tempest","Doom and Gloom"],"relics":["Cracked Core","Mango","SsserpentHead","Bronze Scales","Happy Flower","Bag of Preparation","SlaversCollar"],"acts_visited":["Exordium","TheCity"],"potions_floor_usage":[],"damage_taken":[{"damage":5.0,"enemies":"Small Slimes","floor":1.0,"turns":3.0},{"damage":1.0,"enemies":"Cultist","floor":2.0,"turns":3.0},{"damage":2.0,"enemies":"Jaw Worm","floor":3.0,"turns":3.0},{"damage":10.0,"enemies":"3 Sentries","floor":7.0,"turns":4.0},{"damage":7.0,"enemies":"Blue Slaver","floor":10.0,"turns":3.0},{"damage":32.0,"enemies":"Gremlin Nob","floor":11.0,"turns":4.0},{"damage":5.0,"enemies":"Gremlin Gang","floor":12.0,"turns":3.0},{"damage":6.0,"enemies":"Large Slime","floor":13.0,"turns":5.0},{"damage":7.0,"enemies":"Hexaghost","floor":16.0,"turns":6.0},{"damage":7.0,"enemies":"3 Byrds","floor":18.0,"turns":2.0},{"damage":12.0,"enemies":"2 Thieves","floor":19.0,"turns":3.0},{"damage":33.0,"enemies":"Sentry and Sphere","floor":21.0,"turns":5.0},{"damage":16,"enemies":"Centurion and Healer","floor":22,"turns":2}],"seed_played":"-3394386484124813737","potions_obtained":[{"floor":2.0,"key":"SpeedPotion"},{"floor":3.0,"key":"Explosive Potion"},{"floor":11.0,"key":"DuplicationPotion"},{"floor":16.0,"key":"FearPotion"}],"is_trial":false,"path_per_floor":["M","M","M","?","$","R","E","R","T","M","E","M","M","?","R","B",null,"M","M","?","M","M"],"character_chosen":"DEFECT","items_purchased":["Storm","Rip and Tear"],"campfire_rested":0,"item_purchase_floors":[5,5],"current_hp_per_floor":[73,72,70,70,70,70,60,60,60,53,21,16,10,10,10,3,59,52,40,40,7,0,0],"gold":376,"neow_bonus":"ONE_RARE_RELIC","is_daily":false,"chose_seed":false,"campfire_upgraded":3,"win_rate":0.0,"timestamp":1614433353,"path_taken":["M","M","M","?","$","R","E","R","T","M","E","M","?","?","R","BOSS","M","M","?","?","M"],"items_purchased_type":["Card","Card"],"build_version":"2020-12-22","purchased_purges":0,"victory":false,"max_hp_per_floor":[78,78,78,78,78,78,78,78,78,78,78,78,78,78,78,78,78,78,78,78,78,78,78],"relic_stats":{"SsserpentHead":200,"Happy Flower":[11],"counters":[13,45],"Bronze Scales":[101],"Bag of Preparation":[14],"obtain_stats":[{"SsserpentHead":4,"SlaversCollar":17,"Happy Flower":9,"Bronze Scales":7,"Mango":0,"Bag of Preparation":11,"Cracked Core":0},{"SsserpentHead":3,"SlaversCollar":9,"Happy Flower":4,"Bronze Scales":4,"Mango":0,"Bag of Preparation":6,"Cracked Core":0},{"SsserpentHead":9,"SlaversCollar":33,"Happy Flower":13,"Bronze Scales":13,"Mango":0,"Bag of Preparation":19,"Cracked Core":0}]},"card_choices":[{"not_picked":["Steam Power","Static Discharge"],"picked":"Gash","floor":1.0},{"not_picked":["Barrage","Coolheaded"],"picked":"Sunder","floor":2.0},{"not_picked":["Force Field","Compile Driver"],"picked":"White Noise","floor":3.0},{"not_picked":["Rebound","Barrage"],"picked":"Coolheaded","floor":7.0},{"not_picked":["Heatsinks","Barrage"],"picked":"Gash","floor":10.0},{"not_picked":["Conserve Battery","Reinforced Body"],"picked":"Undo","floor":11.0},{"not_picked":["Force Field","Fusion"],"picked":"Sunder","floor":12.0},{"not_picked":["Gash","Sweeping Beam"],"picked":"Amplify","floor":13.0},{"not_picked":["Echo Form","Amplify"],"picked":"Electrodynamics","floor":16.0},{"not_picked":["Beam Cell","Rebound"],"picked":"Capacitor","floor":18.0},{"not_picked":["Coolheaded","Go for the Eyes"],"picked":"Tempest","floor":19.0},{"not_picked":["BootSequence","Cold Snap"],"picked":"Doom and Gloom","floor":21.0}],"player_experience":845675,"relics_obtained":[{"floor":7.0,"key":"Bronze Scales"},{"floor":9.0,"key":"Happy Flower"},{"floor":11.0,"key":"Bag of Preparation"}],"event_choices":[{"damage_healed":0.0,"max_hp_gain":0.0,"max_hp_loss":0.0,"gold_gain":0.0,"event_name":"FaceTrader","player_choice":"Trade","floor":4.0,"gold_loss":0.0,"damage_taken":0.0,"relics_obtained":["SsserpentHead"]},{"damage_healed":0.0,"max_hp_gain":0.0,"max_hp_loss":0.0,"gold_gain":0.0,"event_name":"World of Goop","player_choice":"Left Gold","floor":14.0,"gold_loss":59.0,"damage_taken":0.0},{"cards_removed":["Strike_B"],"damage_healed":0.0,"max_hp_gain":0.0,"max_hp_loss":0.0,"gold_gain":0.0,"event_name":"Purifier","player_choice":"Purged","floor":20.0,"gold_loss":0.0,"damage_taken":0.0}],"is_beta":false,"boss_relics":[{"not_picked":["Fusion Hammer","Inserter"],"picked":"SlaversCollar"}],"items_purged_floors":[],"is_endless":false,"potions_floor_spawned":[2,3,11,16],"killed_by":"Centurion and Healer","ascension_level":20}}