{"host":"1a32ffxog1zcqoh0","time":1614405815,"event":{"mods":["BaseMod","Block Reminder","Colored Map","Colored Powertips","Googly Eyes","Minty Spire (QoL Compilation)","Rare Cards Sparkle","Relic Stats","StSLib","Unceasing Turn Reminder","everything is the same but u backflip on backflip","slay the spire mod where everything is the same but ironclad has a cowboy hat"],"gold_per_floor":[118,17,17,17,32,62,62,91,91,91,91,91,91,122,122,218,268,283,131,151,151,151,179,179,5,5,5,5,40,18,37,37,37,37],"floor_reached":33,"language":"ENG","playtime":1896,"items_purged":["Strike_G","Writhe"],"score":441,"play_id":"a5c1848a-3fac-4d8c-a04e-58b562671ad2","local_time":"20210227010335","is_ascension_mode":true,"campfire_choices":[{"data":"Slice","floor":7,"key":"SMITH"},{"data":"Dagger Spray","floor":10,"key":"SMITH"},{"data":"Deflect","floor":12,"key":"SMITH"},{"data":"Neutralize","floor":13,"key":"SMITH"},{"floor":15,"key":"REST"},{"floor":24,"key":"REST"},{"floor":28,"key":"REST"},{"floor":32,"key":"REST"}],"circlet_count":0,"master_deck":["Strike_G","Strike_G","Strike_G+1","Strike_G","Defend_G","Defend_G","Defend_G+1","Defend_G","Defend_G","Survivor+1","Neutralize+1","Quick Slash+1","Deflect+1","Slice+1","Deflect","Accuracy","Dagger Spray+1","Quick Slash","Slice","Heel Hook","Blade Dance","Deflect","Blade Dance","Acrobatics+1","Slice+1","Blade Dance+1","Heel Hook+1","Backflip+1","Prepared+1"],"relics":["Ring of the Snake","NeowsBlessing","WingedGreaves","The Specimen","HornCleat","Bronze Scales","War Paint","Tiny House","Molten Egg 2","Toxic Egg 2","Nunchaku"],"acts_visited":["Exordium","TheCity"],"potions_floor_usage":[8,16,16,18,29],"damage_taken":[{"damage":0,"enemies":"Small Slimes","floor":1,"turns":1},{"damage":0,"enemies":"Jaw Worm","floor":5,"turns":1},{"damage":0,"enemies":"Lagavulin","floor":6,"turns":1},{"damage":8,"enemies":"3 Sentries","floor":8,"turns":8},{"damage":22,"enemies":"Gremlin Nob","floor":14,"turns":4},{"damage":24,"enemies":"The Guardian","floor":16,"turns":12},{"damage":11,"enemies":"2 Thieves","floor":18,"turns":4},{"damage":0,"enemies":"3 Byrds","floor":20,"turns":5},{"damage":36,"enemies":"Slavers","floor":23,"turns":5},{"damage":3,"enemies":"Gremlin Leader","floor":29,"turns":5},{"damage":0,"enemies":"Sentry and Sphere","floor":31,"turns":3},{"damage":90,"enemies":"Champ","floor":33,"turns":10}],"seed_played":"-1961024076481320858","potions_obtained":[{"floor":5,"key":"ColorlessPotion"},{"floor":6,"key":"Poison Potion"},{"floor":14,"key":"ColorlessPotion"},{"floor":16,"key":"AttackPotion"},{"floor":17,"key":"SmokeBomb"},{"floor":23,"key":"Energy Potion"},{"floor":29,"key":"SmokeBomb"}],"is_trial":false,"path_per_floor":["M","$","?","?","M","E","R","E","T","R","?","R","R","E","R","B",null,"M","$","M","?","?","E","R","$","T","?","R","E","$","M","R","B"],"character_chosen":"THE_SILENT","items_purchased":["Deflect","Slice","Blade Dance","Deflect","Slice+1","Blade Dance+1","Backflip+1"],"campfire_rested":4,"item_purchase_floors":[2,2,19,19,25,25,30],"current_hp_per_floor":[63,63,68,68,68,68,68,60,60,60,60,60,60,38,60,36,70,59,59,59,59,44,8,33,33,33,25,50,47,47,47,72,0,0],"gold":37,"neow_bonus":"THREE_ENEMY_KILL","is_daily":false,"chose_seed":false,"campfire_upgraded":4,"win_rate":0.0,"timestamp":1614405815,"path_taken":["M","$","?","?","?","E","R","E","T","R","?","R","R","E","R","BOSS","M","$","M","?","?","E","R","$","T","?","R","E","$","?","R","BOSS"],"items_purchased_type":["Card","Card","Card","Card","Card","Card","Card"],"build_version":"2020-12-22","purchased_purges":2,"victory":false,"max_hp_per_floor":[70,70,75,75,75,75,75,75,75,75,75,75,75,75,75,75,80,80,80,80,80,85,85,85,85,85,85,85,85,85,85,85,85,85],"relic_stats":{"Nunchaku":[6],"counters":[12,59],"Bronze Scales":[119],"War Paint":["Survivor","Defend_G"],"obtain_stats":[{"Nunchaku":29,"HornCleat":9,"Tiny House":17,"NeowsBlessing":0,"The Specimen":8,"Bronze Scales":11,"Molten Egg 2":21,"WingedGreaves":6,"War Paint":14,"Toxic Egg 2":23,"Ring of the Snake":0},{"Nunchaku":10,"HornCleat":4,"Tiny House":6,"NeowsBlessing":0,"The Specimen":4,"Bronze Scales":4,"Molten Egg 2":8,"WingedGreaves":3,"War Paint":5,"Toxic Egg 2":9,"Ring of the Snake":0},{"Nunchaku":46,"HornCleat":11,"Tiny House":27,"NeowsBlessing":0,"The Specimen":11,"Bronze Scales":11,"Molten Egg 2":36,"WingedGreaves":3,"War Paint":15,"Toxic Egg 2":41,"Ring of the Snake":0}],"Ring of the Snake":[24]},"card_choices":[{"not_picked":["Sucker Punch","Masterful Stab"],"picked":"Quick Slash","floor":1},{"not_picked":["Leg Sweep","Bane"],"picked":"Deflect","floor":5},{"not_picked":["Predator","Blur"],"picked":"Accuracy","floor":6},{"not_picked":["Outmaneuver","Dodge and Roll"],"picked":"Dagger Spray","floor":8},{"not_picked":["Envenom","Expertise"],"picked":"Quick Slash","floor":14},{"not_picked":["Deadly Poison","Noxious Fumes"],"picked":"Slice","floor":17},{"not_picked":["PiercingWail","Predator+1"],"picked":"Heel Hook","floor":18},{"not_picked":["Bane","Footwork"],"picked":"Blade Dance","floor":20},{"not_picked":["Tactician+1","Setup+1"],"picked":"Acrobatics+1","floor":23},{"not_picked":["Skewer+1","Dodge and Roll+1"],"picked":"Heel Hook+1","floor":29},{"not_picked":["Dodge and Roll+1","Bouncing Flask+1"],"picked":"Prepared+1","floor":31}],"player_experience":278988,"relics_obtained":[{"floor":6,"key":"WingedGreaves"},{"floor":8,"key":"The Specimen"},{"floor":9,"key":"HornCleat"},{"floor":14,"key":"War Paint"},{"floor":23,"key":"Toxic Egg 2"},{"floor":29,"key":"Nunchaku"}],"event_choices":[{"damage_healed":0,"gold_gain":0,"player_choice":"Donut","damage_taken":0,"max_hp_gain":5,"max_hp_loss":0,"event_name":"Big Fish","floor":3,"gold_loss":0},{"damage_healed":0,"gold_gain":0,"player_choice":"Upgraded","damage_taken":0,"max_hp_gain":0,"max_hp_loss":0,"event_name":"Upgrade Shrine","floor":4,"gold_loss":0,"cards_upgraded":["Quick Slash"]},{"damage_healed":0,"gold_gain":0,"player_choice":"Searched \u00271\u0027 times","damage_taken":0,"relics_obtained":["Bronze Scales"],"max_hp_gain":0,"max_hp_loss":0,"event_name":"Dead Adventurer","floor":11,"gold_loss":0},{"damage_healed":0,"gold_gain":0,"player_choice":"Opened","damage_taken":0,"relics_obtained":["Molten Egg 2"],"max_hp_gain":0,"max_hp_loss":0,"event_name":"The Mausoleum","floor":21,"gold_loss":0,"cards_obtained":["Writhe"]},{"damage_healed":0,"gold_gain":0,"player_choice":"Shed Blood","damage_taken":20,"max_hp_gain":5,"max_hp_loss":0,"event_name":"Forgotten Altar","floor":22,"gold_loss":0},{"damage_healed":0,"gold_gain":0,"player_choice":"Damaged","damage_taken":8,"max_hp_gain":0,"max_hp_loss":0,"event_name":"Wheel of Change","floor":27,"gold_loss":0}],"is_beta":false,"boss_relics":[{"not_picked":["Runic Dome","Coffee Dripper"],"picked":"Tiny House"}],"items_purged_floors":[19,25],"is_endless":false,"potions_floor_spawned":[5,6,14,16,23,29],"killed_by":"Champ","ascension_level":6}}