{"host":"w3q5ijqu8eoknil3","time":1614449049,"event":{"mods":["AchievementEnabler","BaseMod","Block Reminder","Colored Map","Colored Powertips","Curses Come First","Dark Map","Minty Spire (QoL Compilation)","Quick Restart","Relic Stats","StSLib","ojb\u0027s Better Paths Mod","ojb\u0027s Info Mod","slay the spire mod where everything is the same but ironclad has a cowboy hat"],"gold_per_floor":[117,15,15,15,15,49,49,67,67,107,107,107,141,156,156,156,156],"floor_reached":16,"language":"ENG","playtime":414,"items_purged":[],"score":275,"play_id":"9f6cc095-c3de-40d5-b1e0-dbc68dc73589","local_time":"20210227180409","is_ascension_mode":true,"campfire_choices":[{"data":"Choke","floor":7,"key":"SMITH"},{"data":"Flying Knee","floor":11,"key":"SMITH"},{"data":"Predator","floor":15,"key":"SMITH"}],"circlet_count":0,"master_deck":["AscendersBane","Strike_G","Strike_G","Strike_G","Strike_G","Defend_G","Defend_G","Defend_G","Defend_G","Defend_G","Survivor","Neutralize","Cloak And Dagger","Choke+1","PiercingWail","Burst","Flying Knee+1","Well Laid Plans","Calculated Gamble","Predator+1","Crippling Poison"],"relics":["Ring of the Snake","NeowsBlessing","Strawberry","Golden Idol","Darkstone Periapt","Question Card","Toy Ornithopter","Blood Vial"],"acts_visited":["Exordium"],"potions_floor_usage":[13,13],"damage_taken":[{"damage":0,"enemies":"Cultist","floor":1,"turns":1},{"damage":0,"enemies":"Lagavulin","floor":6,"turns":1},{"damage":0,"enemies":"2 Louse","floor":8,"turns":1},{"damage":28,"enemies":"3 Sentries","floor":10,"turns":11},{"damage":34,"enemies":"Gremlin Nob","floor":13,"turns":4},{"damage":2,"enemies":"Jaw Worm","floor":14,"turns":3},{"damage":42,"enemies":"The Guardian","floor":16,"turns":10}],"seed_played":"4150146202342545727","potions_obtained":[{"floor":6,"key":"SteroidPotion"},{"floor":10,"key":"Dexterity Potion"}],"is_trial":false,"path_per_floor":["M","$","?","?","?","E","R","M","T","E","R","?","E","M","R","B"],"character_chosen":"THE_SILENT","items_purchased":["Choke","PiercingWail"],"campfire_rested":0,"item_purchase_floors":[2,2],"current_hp_per_floor":[59,59,61,61,61,61,61,61,61,33,33,66,37,37,37,0,0],"gold":156,"neow_bonus":"THREE_ENEMY_KILL","is_daily":false,"chose_seed":false,"campfire_upgraded":3,"win_rate":0.0,"timestamp":1614449049,"path_taken":["M","$","?","?","?","E","R","?","T","E","R","?","E","M","R","BOSS"],"items_purchased_type":["Card","Card"],"build_version":"2020-12-22","purchased_purges":0,"victory":false,"max_hp_per_floor":[66,66,73,73,66,66,66,66,66,66,66,66,66,66,66,66,66],"relic_stats":{"Darkstone Periapt":0,"Blood Vial":4,"counters":[7,31],"Golden Idol":29,"Question Card":3,"obtain_stats":[{"Darkstone Periapt":6,"Blood Vial":13,"NeowsBlessing":0,"Golden Idol":5,"Strawberry":3,"Question Card":9,"Toy Ornithopter":10,"Ring of the Snake":0},{"Darkstone Periapt":2,"Blood Vial":5,"NeowsBlessing":0,"Golden Idol":1,"Strawberry":1,"Question Card":3,"Toy Ornithopter":4,"Ring of the Snake":0},{"Darkstone Periapt":2,"Blood Vial":18,"NeowsBlessing":0,"Golden Idol":1,"Strawberry":1,"Question Card":3,"Toy Ornithopter":14,"Ring of the Snake":0}],"Toy Ornithopter":5,"Ring of the Snake":[14]},"card_choices":[{"not_picked":["Outmaneuver","Dodge and Roll"],"picked":"Cloak And Dagger","floor":1},{"not_picked":["Deflect","Dodge and Roll"],"picked":"Flying Knee","floor":6},{"not_picked":["Dodge and Roll","PiercingWail"],"picked":"Well Laid Plans","floor":8},{"not_picked":["Deadly Poison","Dagger Spray","Prepared"],"picked":"Calculated Gamble","floor":10},{"not_picked":["Caltrops","Riddle With Holes","Flechettes"],"picked":"Predator","floor":13},{"not_picked":["Catalyst","Burst","Dagger Throw"],"picked":"Crippling Poison","floor":14}],"player_experience":1066074,"relics_obtained":[{"floor":6,"key":"Darkstone Periapt"},{"floor":9,"key":"Question Card"},{"floor":10,"key":"Toy Ornithopter"},{"floor":13,"key":"Blood Vial"}],"event_choices":[{"damage_healed":0,"gold_gain":0,"player_choice":"Success","damage_taken":5,"relics_obtained":["Strawberry"],"max_hp_gain":0,"max_hp_loss":0,"event_name":"Scrap Ooze","floor":3,"gold_loss":0},{"damage_healed":0,"gold_gain":0,"cards_transformed":["Strike_G"],"player_choice":"Change","damage_taken":0,"max_hp_gain":0,"max_hp_loss":0,"event_name":"Living Wall","floor":4,"gold_loss":0,"cards_obtained":["Burst"]},{"damage_healed":0,"gold_gain":0,"player_choice":"Lose Max HP","damage_taken":0,"relics_obtained":["Golden Idol"],"max_hp_gain":0,"max_hp_loss":7,"event_name":"Golden Idol","floor":5,"gold_loss":0},{"damage_healed":33,"gold_gain":0,"player_choice":"Full Heal","damage_taken":0,"max_hp_gain":0,"max_hp_loss":0,"event_name":"Wheel of Change","floor":12,"gold_loss":0}],"is_beta":false,"boss_relics":[],"items_purged_floors":[],"is_endless":false,"potions_floor_spawned":[6,10],"killed_by":"The Guardian","ascension_level":19}}