{"host":"o5lch9xvacbb0fa4","time":1614449098,"event":{"mods":["AchievementEnabler","Act Like it!","Aspiration","BaseMod","Better Altar","Better Match","Better Note","Better Sensory Stone","Better Skull","Better Third Choice","Better Vampires","BetterRewards","CCEM","Colored Map","Conspire","Downfall","GifTheSpireLib","Googly Eyes","GungeonMod","Halation","Hermit","Highlight Path","Hubris","Infinite Spire","Jedi Mod","Jorbs\u0027s Wanderer Trilogy","Marisa????????","Marked Mod","Mimic Mod","Minty Spire (QoL Compilation)","Permanent Neow","Relic Filter","Relic Sorter","Relic Stats","Replay The Spire","Shade Mod","Shop Mod","Small Relic Pack","StSLib","Stuff the Spire","The Blackbeard","The Cursed","The Runesmith","Unceasing Turn Reminder","everything is the same but u backflip on backflip","slay the spire mod where everything is the same but ironclad has a cowboy hat"],"gold_per_floor":[119,139,139,100,100,100,126,153,177,177,191,207,207,207,260,295,295,395,395,412,412,412,412,428,428,447,447,487,40,40,66,78,98,98,196,196,211,211,211,227,227,260,277,277,277,291,310,321,335,235,235,235,235,235,40,74,74],"floor_reached":58,"playtime":3447,"items_purged":[],"score":1382,"play_id":"2e0131a4-dc4d-46ac-8856-49c489d129d4","local_time":"20210228020458","is_ascension_mode":false,"campfire_choices":[{"data":"Shade:CarefulCut","floor":6,"key":"SMITH"},{"floor":10,"key":"REST"},{"floor":17,"key":"REST"},{"data":"Shade:GreaterAnimation","floor":25,"key":"SMITH"},{"data":"Shade:Doomsay","floor":27,"key":"SMITH"},{"data":"Shade:Bonestorm","floor":30,"key":"SMITH"},{"data":"Shade:GraveStillness","floor":34,"key":"SMITH"},{"data":"Shade:GreyBargain","floor":44,"key":"SMITH"},{"floor":51,"key":"RECALL"},{"data":"Shade:CommandSoldier","floor":54,"key":"SMITH"}],"circlet_count":0,"master_deck":["Shade:Strike_Shade","Shade:Strike_Shade","Shade:Strike_Shade","Shade:Strike_Shade","Shade:Defend_Shade","Shade:AnimateDead","Shade:CarefulCut+1","jedi:forcepull","Shade:RitualOffering+1","Shade:GreyBargain+1","Shade:GreyBargain","Shade:SensePrey","Shade:Doomsay+1","Shade:DangerousRitual","Shade:Carnophage","Shade:CoffinDance+1","Shade:FuneraryArmor+1","stsjorbsmod:Withering","Shade:Bonestorm+1","Shade:FleshToFlesh","Shade:SpectralStrikes+1","Shade:SpectralStrikes+1","Shade:FreshBones","Shade:Carnophage","Shade:GraveStillness+1","Shade:Consume","Shade:FleshToFlesh+1","Shade:GoDigging+1","Shade:LyeBath+1","Shade:CallWraith","Shade:DangerousRitual","Shade:ClawBack+1","stsjorbsmod:Amnesia","Shade:CommandSoldier+1","Shade:Awaken","Shade:ExtraLimbs+1","Shade:Trample+1","Shade:SpectralStrikes+1","Shade:WallOfFlesh+1","Shade:FleshLikeOak+1"],"relics":["Shade:YorickSkull","StuffTheSpire:Rhapsscallions","Odd Mushroom","aspiration:HummingbirdHeart","hubris:OldNail","infinitespire:Satchel","Cursed Key","Busted Crown","Black Star","WarpedTongs","MerchantsRug","Pet Ghost","DemoMod:WhiteGuonStone","InkBottle","relicPack:OneForAll","CCEMRelics:GrindingGear","DemoMod:Bottle","Replay:Bottled Eggs","infinitespire:CheckeredPen","Replay:Wax Seal"],"acts_visited":["Exordium","TheCity","TheBeyond","TheEnding"],"potions_floor_usage":[35,43,52,57,57,57,57],"damage_taken":[{"damage":1,"enemies":"Small Slimes","floor":1,"turns":3},{"damage":0,"enemies":"Jaw Worm","floor":2,"turns":2},{"damage":46,"enemies":"The Mushroom Lair","floor":7,"turns":6},{"damage":15,"enemies":"Gremlin Nob","floor":8,"turns":4},{"damage":0,"enemies":"2 Louse","floor":11,"turns":2},{"damage":0,"enemies":"conspire:2 RoseBushes","floor":12,"turns":4},{"damage":21,"enemies":"conspire:MimicChest","floor":16,"turns":8},{"damage":0,"enemies":"Fading Forest","floor":18,"turns":11},{"damage":1,"enemies":"Spheric Guardian","floor":20,"turns":4},{"damage":1,"enemies":"Chosen","floor":24,"turns":3},{"damage":0,"enemies":"Sentry and Sphere","floor":26,"turns":3},{"damage":0,"enemies":"Snecko","floor":28,"turns":5},{"damage":0,"enemies":"Replay:Snechameleon","floor":31,"turns":5},{"damage":0,"enemies":"Snecko","floor":32,"turns":3},{"damage":6,"enemies":"Snake Plant","floor":33,"turns":4},{"damage":0,"enemies":"Champ","floor":35,"turns":7},{"damage":0,"enemies":"Orb Walker","floor":37,"turns":3},{"damage":0,"enemies":"3 Shapes","floor":40,"turns":2},{"damage":10,"enemies":"Reptomancer","floor":42,"turns":5},{"damage":2,"enemies":"Spire Growth","floor":43,"turns":4},{"damage":0,"enemies":"3 Darklings","floor":46,"turns":2},{"damage":0,"enemies":"Transient","floor":47,"turns":5},{"damage":0,"enemies":"Sphere and 2 Shapes","floor":48,"turns":3},{"damage":6,"enemies":"Maw","floor":49,"turns":5},{"damage":20,"enemies":"Time Eater","floor":52,"turns":8},{"damage":0,"enemies":"Shield and Spear","floor":56,"turns":3},{"damage":12,"enemies":"The Heart","floor":57,"turns":6}],"seed_played":"4315841755287954307","potions_obtained":[{"floor":2,"key":"Reflective Coating"},{"floor":7,"key":"LiquidMemories"},{"floor":16,"key":"Ancient Potion"},{"floor":31,"key":"BlessingOfTheForge"},{"floor":35,"key":"Venom Potion"},{"floor":46,"key":"ColorlessPotion"},{"floor":48,"key":"Dexterity Potion"}],"is_trial":false,"path_per_floor":["M","M","?","$","?","R","?","E","T","R","M","M","PTL","PTL","?","?","R","B",null,"M","?","?","?","M","R","M","R","MIM","$","R","E","M","M","R","B",null,"M","?","?","M","?","E","M","R","T","M","M","M","M","NS","R","B",null,"R","$","E","B",null],"character_chosen":"SHADE","items_purchased":["Shade:GreyBargain","MerchantsRug","Pet Ghost","Shade:FleshToFlesh","Shade:SpectralStrikes","Shade:FreshBones","Replay:Bottled Eggs","Shade:SpectralStrikes","Shade:WallOfFlesh+1"],"campfire_rested":2,"item_purchase_floors":[4,29,29,29,29,29,55,55,55],"current_hp_per_floor":[64,64,64,64,64,64,18,3,3,22,22,22,22,22,22,1,20,20,65,64,64,64,64,63,63,63,63,65,65,65,65,65,59,59,59,67,67,67,67,67,67,57,55,55,55,55,55,55,49,49,49,29,67,67,67,67,55],"gold":74,"neow_bonus":"RANDOM_COLORLESS","is_daily":false,"chose_seed":false,"campfire_upgraded":7,"win_rate":0.0,"timestamp":1614449098,"path_taken":["M","M","?","?","?","R","?","E","T","R","?","M","PTL","PTL","?","?","R","BOSS","M","?","?","?","M","R","M","R","MIM","$","R","E","M","M","R","BOSS","M","?","?","M","?","E","M","R","T","M","M","M","M","NS","R","BOSS","R","$","E","BOSS"],"items_purchased_type":["Card","Relic","Relic","Card","Card","Card","Relic","Card","Card"],"build_version":"2020-12-13","purchased_purges":0,"victory":true,"max_hp_per_floor":[65,65,65,65,65,65,65,65,65,65,65,65,65,65,65,65,65,65,65,65,65,65,65,65,65,65,65,67,67,67,67,67,67,67,67,67,67,67,67,67,67,67,67,67,67,67,67,67,67,67,67,67,67,67,67,67,67],"relic_stats":{"Busted Crown":52,"counters":[27,120],"Black Star":3,"Cursed Key":2,"obtain_stats":[{"Shade:YorickSkull":0,"StuffTheSpire:Rhapsscallions":28,"Runesmith:Locket":5,"DemoMod:GlassGuonStoneRelic":8,"DemoMod:WhiteGuonStone":31,"Cursed Key":19,"Pet Ghost":29,"relicPack:OneForAll":38,"Replay:Bottled Eggs":55,"Replay:Wax Seal":56,"InkBottle":31,"MerchantsRug":29,"Replay:Grab Bag":19,"Astrolabe":36,"aspiration:HummingbirdHeart":8,"infinitespire:CheckeredPen":56,"Odd Mushroom":7,"WarpedTongs":22,"Busted Crown":19,"infinitespire:Satchel":16,"CCEMRelics:GrindingGear":42,"Black Star":19,"Nloth\u0027s Gift":21,"DemoMod:Bottle":42,"hubris:OldNail":9},{"Shade:YorickSkull":0,"StuffTheSpire:Rhapsscallions":12,"Runesmith:Locket":2,"DemoMod:GlassGuonStoneRelic":4,"DemoMod:WhiteGuonStone":13,"Cursed Key":8,"Pet Ghost":12,"relicPack:OneForAll":17,"Replay:Bottled Eggs":25,"Replay:Wax Seal":26,"InkBottle":13,"MerchantsRug":12,"Replay:Grab Bag":8,"Astrolabe":16,"aspiration:HummingbirdHeart":4,"infinitespire:CheckeredPen":26,"Odd Mushroom":3,"WarpedTongs":9,"Busted Crown":8,"infinitespire:Satchel":7,"CCEMRelics:GrindingGear":19,"Black Star":8,"Nloth\u0027s Gift":9,"DemoMod:Bottle":19,"hubris:OldNail":4},{"Shade:YorickSkull":0,"StuffTheSpire:Rhapsscallions":55,"Runesmith:Locket":5,"DemoMod:GlassGuonStoneRelic":15,"DemoMod:WhiteGuonStone":60,"Cursed Key":40,"Pet Ghost":55,"relicPack:OneForAll":77,"Replay:Bottled Eggs":111,"Replay:Wax Seal":114,"InkBottle":60,"MerchantsRug":55,"Replay:Grab Bag":40,"Astrolabe":74,"aspiration:HummingbirdHeart":15,"infinitespire:CheckeredPen":114,"Odd Mushroom":11,"WarpedTongs":44,"Busted Crown":40,"infinitespire:Satchel":29,"CCEMRelics:GrindingGear":84,"Black Star":40,"Nloth\u0027s Gift":44,"DemoMod:Bottle":84,"hubris:OldNail":15}],"InkBottle":[35],"WarpedTongs":[75]},"card_choices":[{"not_picked":["Survey Options","Enlightenment"],"picked":"jedi:forcepull","floor":0},{"not_picked":["Shade:Haruspicy","Shade:BoneShards"],"picked":"Shade:AncientSpear","floor":1},{"not_picked":["Shade:SkeletonHug","Shade:WallOfFlesh","Shade:Trample"],"picked":"SKIP","floor":2},{"not_picked":["Shade:LyeBath","Shade:BoneShards"],"picked":"Shade:SensePrey","floor":7},{"not_picked":["Shade:PressTheAttack","Shade:FleshOffering"],"picked":"Shade:Doomsay","floor":8},{"not_picked":["Shade:GreyBargain","Shade:ClawBack","Shade:Premonition"],"picked":"SKIP","floor":11},{"not_picked":["Shade:GreyBargain","Shade:PoundOfFlesh"],"picked":"Shade:DangerousRitual","floor":12},{"not_picked":["Shade:SpontaneousRitual","Shade:RitualOffering"],"picked":"Shade:Carnophage","floor":16},{"not_picked":["Shade:MadHubris","Shade:DarkOfNight"],"picked":"Shade:GreaterAnimation","floor":18},{"not_picked":[],"picked":"Shade:CoffinDance+1","floor":20},{"not_picked":[],"picked":"Shade:GreyBargain+1","floor":24},{"not_picked":[],"picked":"Shade:FuneraryArmor+1","floor":26},{"not_picked":[],"picked":"Shade:Bonestorm","floor":28},{"not_picked":["Shade:RitualOffering"],"picked":"SKIP","floor":31},{"not_picked":[],"picked":"Shade:Carnophage","floor":32},{"not_picked":[],"picked":"Shade:GraveStillness","floor":33},{"not_picked":[],"picked":"Shade:Consume","floor":35},{"not_picked":[],"picked":"Shade:CallWraith","floor":37},{"not_picked":["Shade:Bite_Shade+1"],"picked":"SKIP","floor":40},{"not_picked":[],"picked":"Shade:DangerousRitual","floor":42},{"not_picked":[],"picked":"Shade:ClawBack+1","floor":43},{"not_picked":[],"picked":"Shade:CommandSoldier","floor":46},{"not_picked":[],"picked":"Shade:Awaken","floor":47},{"not_picked":[],"picked":"Shade:ExtraLimbs+1","floor":48},{"not_picked":[],"picked":"Shade:Trample+1","floor":49},{"not_picked":[],"picked":"Shade:FleshLikeOak+1","floor":56}],"player_experience":70954,"relics_obtained":[{"floor":5,"key":"Runesmith:Locket"},{"floor":7,"key":"Odd Mushroom"},{"floor":8,"key":"aspiration:HummingbirdHeart"},{"floor":9,"key":"hubris:OldNail"},{"floor":16,"key":"infinitespire:Satchel"},{"floor":28,"key":"StuffTheSpire:Rhapsscallions"},{"floor":31,"key":"DemoMod:WhiteGuonStone"},{"floor":31,"key":"InkBottle"},{"floor":42,"key":"CCEMRelics:GrindingGear"},{"floor":42,"key":"DemoMod:Bottle"},{"floor":56,"key":"infinitespire:CheckeredPen"},{"floor":56,"key":"Replay:Wax Seal"}],"event_choices":[{"damage_healed":0,"gold_gain":0,"player_choice":"Fought Mushrooms","damage_taken":0,"max_hp_gain":0,"max_hp_loss":0,"event_name":"Mushrooms","floor":7,"gold_loss":0},{"damage_healed":0,"gold_gain":53,"player_choice":"Gained Gold","damage_taken":0,"max_hp_gain":0,"max_hp_loss":0,"event_name":"Golden Wing","floor":15,"gold_loss":0},{"damage_healed":0,"gold_gain":0,"player_choice":"Traded Relic","damage_taken":0,"relics_obtained":["Nloth\u0027s Gift"],"max_hp_gain":0,"max_hp_loss":0,"event_name":"N\u0027loth","floor":21,"relics_lost":["Replay:Grab Bag"],"gold_loss":0},{"damage_healed":0,"gold_gain":0,"player_choice":"Rummage","damage_taken":0,"relics_obtained":["WarpedTongs"],"max_hp_gain":0,"max_hp_loss":0,"event_name":"Accursed Blacksmith","floor":22,"gold_loss":0,"cards_obtained":["Pain"]},{"cards_removed":["Shade:Doomsay"],"damage_healed":0,"gold_gain":0,"player_choice":"Give","damage_taken":0,"max_hp_gain":0,"max_hp_loss":0,"event_name":"betterNote:BetterNote","floor":23,"gold_loss":0,"cards_obtained":["None"]},{"damage_healed":0,"gold_gain":0,"player_choice":"Leave","damage_taken":0,"max_hp_gain":0,"max_hp_loss":0,"event_name":"conspire:Investor","floor":39,"gold_loss":0},{"damage_healed":0,"gold_gain":0,"player_choice":"Got Potions","damage_taken":0,"max_hp_gain":0,"max_hp_loss":0,"event_name":"Lab","floor":41,"gold_loss":0}],"is_beta":false,"boss_relics":[{"not_picked":["Abe\u0027s Treasure","Sozu"],"picked":"Replay:Grab Bag"},{"not_picked":["StuffTheSpire:RunicConfusion","Replay:Bronze Core"],"picked":"Cursed Key"},{"not_picked":["infinitespire:Cupcake","Runesmith:UraniumAnvil"],"picked":"Busted Crown"},{"not_picked":["aspiration:SilentSkillbook","aspiration:DefectSkillbook"],"picked":"Black Star"},{"not_picked":["halation:LoveArrow","aspiration:MarisaSkillbook"],"picked":"Astrolabe"}],"items_purged_floors":[],"is_endless":false,"potions_floor_spawned":[2,7,16,20,24,31,35,46,48,49],"ascension_level":0}}