{"host":"h053bmw6xomhy8md","time":1614408415,"event":{"mods":["AchievementEnabler","BaseMod","Colored Map","Colored Powertips","Highlight Path","Minty Spire (QoL Compilation)"],"gold_per_floor":[18,32,42,59,75,75,86,86,141,141,167,180,210,223,223,323,323,340,351,351,365,365,365],"floor_reached":22,"language":"ENG","playtime":1366,"items_purged":[],"score":212,"play_id":"9a869a1c-2821-4564-a175-b7e641a2d784","local_time":"20210227014655","is_ascension_mode":true,"campfire_choices":[{"data":"Creative AI","floor":6.0,"key":"SMITH"},{"data":"Fusion","floor":8.0,"key":"SMITH"},{"floor":15.0,"key":"REST"}],"circlet_count":0,"master_deck":["Strike_B","Strike_B","Strike_B","Strike_B","Defend_B","Defend_B","Defend_B","Defend_B","Zap","Dualcast","Creative AI+1","Sweeping Beam","Fusion+1","Reboot","Gash","Heatsinks","Sweeping Beam","Gash","Go for the Eyes","Creative AI","Genetic Algorithm","Echo Form","Go for the Eyes","Necronomicurse"],"relics":["Cracked Core","Regal Pillow","Vajra","Mummified Hand","Black Star","Necronomicon"],"acts_visited":["Exordium","TheCity"],"potions_floor_usage":[16],"damage_taken":[{"damage":2.0,"enemies":"2 Louse","floor":1.0,"turns":3.0},{"damage":6.0,"enemies":"Cultist","floor":2.0,"turns":6.0},{"damage":5.0,"enemies":"Small Slimes","floor":3.0,"turns":3.0},{"damage":9.0,"enemies":"Gremlin Gang","floor":4.0,"turns":3.0},{"damage":5.0,"enemies":"Looter","floor":5.0,"turns":4.0},{"damage":0.0,"enemies":"2 Fungi Beasts","floor":7.0,"turns":2.0},{"damage":16.0,"enemies":"Lagavulin","floor":11.0,"turns":6.0},{"damage":14.0,"enemies":"Blue Slaver","floor":12.0,"turns":3.0},{"damage":22.0,"enemies":"3 Sentries","floor":13.0,"turns":4.0},{"damage":11.0,"enemies":"Gremlin Gang","floor":14.0,"turns":3.0},{"damage":35,"enemies":"Slime Boss","floor":16,"turns":7},{"damage":6,"enemies":"Chosen","floor":18,"turns":4},{"damage":20,"enemies":"Spheric Guardian","floor":19,"turns":4},{"damage":19,"enemies":"Centurion and Healer","floor":21,"turns":6},{"damage":30,"enemies":"Cultist and Chosen","floor":22,"turns":4}],"seed_played":"7794520189104609329","potions_obtained":[{"floor":2.0,"key":"PotionOfCapacity"},{"floor":4.0,"key":"CultistPotion"},{"floor":5.0,"key":"Explosive Potion"},{"floor":7.0,"key":"Explosive Potion"},{"floor":14.0,"key":"LiquidBronze"},{"floor":16,"key":"Strength Potion"},{"floor":18,"key":"Ancient Potion"}],"is_trial":false,"path_per_floor":["M","M","M","M","M","R","M","R","T","?","E","M","E","M","R","B",null,"M","M","?","M","M"],"character_chosen":"DEFECT","items_purchased":[],"campfire_rested":1,"item_purchase_floors":[],"current_hp_per_floor":[73,67,62,53,48,48,48,48,48,73,57,43,21,10,47,12,75,69,49,33,14,0,0],"gold":365,"neow_bonus":"THREE_RARE_CARDS","is_daily":false,"chose_seed":false,"campfire_upgraded":2,"win_rate":0.0,"timestamp":1614408415,"path_taken":["M","M","M","M","M","R","M","R","T","?","E","M","E","M","R","BOSS","M","M","?","M","M"],"items_purchased_type":[],"build_version":"2020-12-22","purchased_purges":0,"victory":false,"max_hp_per_floor":[75,75,75,75,75,75,75,75,75,75,75,75,75,75,75,75,75,75,75,75,75,75,75],"card_choices":[{"not_picked":["Amplify","Electrodynamics"],"picked":"Creative AI","floor":0.0},{"not_picked":["Redo","Turbo"],"picked":"Sweeping Beam","floor":1.0},{"not_picked":["Hologram","Streamline"],"picked":"Fusion","floor":2.0},{"not_picked":["Rebound","Redo"],"picked":"Reboot","floor":3.0},{"not_picked":["Turbo","Beam Cell"],"picked":"Gash","floor":4.0},{"not_picked":["Loop","Storm"],"picked":"Heatsinks","floor":5.0},{"not_picked":["Lockon","Consume"],"picked":"Sweeping Beam","floor":7.0},{"not_picked":["Rebound","Sweeping Beam"],"picked":"Gash","floor":11.0},{"not_picked":["Darkness","Cold Snap"],"picked":"Go for the Eyes","floor":12.0},{"not_picked":["Loop","Steam Power"],"picked":"Creative AI","floor":13.0},{"not_picked":["Chill","Redo"],"picked":"Genetic Algorithm","floor":14.0},{"not_picked":["Reboot","Thunder Strike"],"picked":"Echo Form","floor":16},{"not_picked":["Steam","Stack"],"picked":"Go for the Eyes","floor":18},{"not_picked":["Coolheaded","Compile Driver","Go for the Eyes"],"picked":"SKIP","floor":19},{"not_picked":["Turbo","Force Field","Conserve Battery"],"picked":"SKIP","floor":21}],"player_experience":29380,"relics_obtained":[{"floor":9.0,"key":"Regal Pillow"},{"floor":11.0,"key":"Vajra"},{"floor":13.0,"key":"Mummified Hand"},{"floor":20,"key":"Necronomicon"}],"event_choices":[{"damage_healed":25.0,"max_hp_gain":0.0,"max_hp_loss":0.0,"gold_gain":0.0,"event_name":"Big Fish","player_choice":"Banana","floor":10.0,"gold_loss":0.0,"damage_taken":0.0},{"damage_healed":0,"gold_gain":0,"player_choice":"Obtained Book","damage_taken":16,"max_hp_gain":0,"max_hp_loss":0,"event_name":"Cursed Tome","floor":20,"gold_loss":0}],"is_beta":false,"boss_relics":[{"not_picked":["Inserter","Runic Pyramid"],"picked":"Black Star"}],"items_purged_floors":[],"is_endless":false,"potions_floor_spawned":[2,4,5,7,14,16,18,21],"killed_by":"Cultist and Chosen","ascension_level":1}}