{"host":"pszcj3piwl6eu8b1","time":1614389908,"event":{"mods":["2.2 Compatiblity","Act Like it!","Aspiration","BaseMod","Better Altar","Better Match","Better Note","Better Sensory Stone","Better Skull","Better Third Choice","Better Vampires","CCEM2","Downfall","Elementarium","Energized Spire","Gensokyo","GifTheSpireLib","Hallownest","Hubris","Marisa????????","Menagerie","Minty Spire (QoL Compilation)","Permanent Neow","Quarter Circle Forward PUNCH!","Quick Restart","Replay The Spire","Ruina","Shop Mod","StSLib","Stuff the Spire","The Animator","The Blue Laboratory"],"gold_per_floor":[25,36,36,36,46,79,79,99,99,99,24,24,24,44,44,116,66,80,80,109,109,109],"floor_reached":21,"language":"ENG","playtime":2947,"items_purged":[],"score":348,"play_id":"b1a95fd0-323f-4ea3-af42-f1fbdeb93660","local_time":"20210226173828","is_ascension_mode":true,"campfire_choices":[{"floor":7.0,"key":"RECALL"},{"floor":10.0,"key":"REST"},{"data":"animator:Benimaru","floor":12.0,"key":"SMITH"},{"floor":15.0,"key":"DIG"}],"circlet_count":0,"master_deck":["AscendersBane","animator:Strike_TenSura","animator:Defend_TenSura","animator:Strike","animator:Defend","animator:Defend","animator:Benimaru+1","animator:Shuna","animator:Rimuru","animator:Entoma+4","animator:Hakurou","animator:Benimaru","animator:Mitsurugi","Hallownest:skillGreenpathMap","animator:Shion","animator:Ainz","animator:DwarfShaman","animator:Chris","animator:Chomusuke"],"relics":["animator:LivingPicture","animator:TheMissingPiece","animator:PurgingStone","Shuriken","Replay:PocketPolymizer","hubris:TinFlute","energizedSpire:HugeHouse","animator:CursedGlyph"],"acts_visited":["Hallownest:Greenpath","TheCity"],"potions_floor_usage":[],"damage_taken":[{"damage":5.0,"enemies":"Hallownest:monsterHuskGuard","floor":1.0,"turns":4.0},{"damage":3.0,"enemies":"Hallownest:2_Baldur","floor":2.0,"turns":4.0},{"damage":9.0,"enemies":"2_ Uuma","floor":5.0,"turns":5.0},{"damage":6.0,"enemies":"Hallownest:eliteMossKnight","floor":6.0,"turns":7.0},{"damage":20.0,"enemies":"Hallownest:2_Tiktiks_1_Baldur_1_Crawlid","floor":8.0,"turns":4.0},{"damage":11.0,"enemies":"Hallownest:1_Ooma_and_2_Uuma","floor":14.0,"turns":6.0},{"damage":23.0,"enemies":"Hallownest:BossFalseKnight","floor":16.0,"turns":5.0},{"damage":9.0,"enemies":"Chosen","floor":18.0,"turns":4.0},{"damage":33.0,"enemies":"Shell Parasite","floor":20.0,"turns":4.0},{"damage":12,"enemies":"Centurion and Healer","floor":21,"turns":1}],"seed_played":"7654007426929427776","potions_obtained":[{"floor":1.0,"key":"AttackPotion"},{"floor":8.0,"key":"sneckomod:MuddlingPotion"},{"floor":14.0,"key":"SpeedPotion"},{"floor":20,"key":"blueLaboratory:BottleOfVodka"}],"is_trial":false,"path_per_floor":["M","M","?","?","M","E","R","M","T","R","?","R","$","M","R","B",null,"M","?","M","M"],"character_chosen":"THE_ANIMATOR","items_purchased":[],"campfire_rested":1,"item_purchase_floors":[],"current_hp_per_floor":[49,48,48,48,42,36,36,18,18,38,38,38,38,44,44,21,53,44,44,11,0,0],"gold":109,"neow_bonus":"THREE_RARE_CARDS","is_daily":false,"chose_seed":false,"campfire_upgraded":1,"win_rate":0.0,"timestamp":1614389908,"path_taken":["M","M","?","?","M","E","R","M","T","R","?","R","?","M","R","BOSS","M","?","M","M"],"items_purchased_type":[],"build_version":"2020-12-22","purchased_purges":0,"victory":false,"max_hp_per_floor":[60,62,62,62,65,65,65,67,67,67,67,67,67,69,69,69,64,64,64,60,60,60],"card_choices":[{"not_picked":["animator:HigakiRinne","animator:Kyubey"],"picked":"animator:Rimuru","floor":0.0},{"not_picked":["animator:KyokoSakura","animator:OrikoMikuni"],"picked":"animator:Entoma","floor":1.0},{"not_picked":["animator:DwarfShaman","animator:DolaSchwi","animator:YachiyoNanami"],"picked":"SKIP","floor":2.0},{"not_picked":["animator:CowGirl","animator:Entoma"],"picked":"animator:Hakurou","floor":5.0},{"not_picked":["animator:Aisha","animator:SayakaMiki"],"picked":"animator:Benimaru","floor":8.0},{"not_picked":["animator:ZankiKiguchi","animator:Gillette","animator:Kuribayashi"],"picked":"SKIP","floor":14.0},{"not_picked":["animator:Wiz","animator:Guren"],"picked":"animator:Ainz","floor":16.0},{"not_picked":["animator:Tatsumaki","animator:Benimaru+1"],"picked":"animator:Chris","floor":18.0},{"not_picked":["animator:Vanir","animator:Chris"],"picked":"animator:Chomusuke","floor":20}],"player_experience":1453217,"relics_obtained":[{"floor":6.0,"key":"Shuriken"},{"floor":9.0,"key":"Replay:PocketPolymizer"},{"floor":15.0,"key":"hubris:TinFlute"},{"floor":20,"key":"animator:CursedGlyph"}],"event_choices":[{"cards_removed":["animator:Strike"],"damage_healed":0.0,"max_hp_gain":0.0,"max_hp_loss":0.0,"gold_gain":0.0,"event_name":"betterThird:BetterWriting","player_choice":"Elegance","floor":19.0,"gold_loss":0.0,"damage_taken":0.0}],"is_beta":false,"boss_relics":[{"not_picked":["aspiration:RunicSpoon","Tiny House"],"picked":"energizedSpire:HugeHouse"}],"items_purged_floors":[],"is_endless":false,"potions_floor_spawned":[1,8,14,20],"killed_by":"Centurion and Healer","ascension_level":20}}