{"host":"3498uni0c31c9bdm","time":1614436987,"event":{"mods":["BaseMod","Better Match","Better Note","Better Sensory Stone","Better Skull","Better Third Choice","Colored Map","Minty Spire (QoL Compilation)","Quick Restart","RNG Fix","Random Character Button","Replay The Spire","Shop Mod","Smile Girya","StSLib","Unceasing Turn Reminder"],"gold_per_floor":[110,110,127,137,102,102,134,152,152,152,167,18,18,102,102,176,176,196,213,31,31,31,31,60,60,85,112,130,230,250,262,262,339,339,356,24,44,44,44,44,74,74,74],"floor_reached":42,"language":"ENG","playtime":1947,"items_purged":[],"score":802,"play_id":"0e8dc1e2-85ed-4839-98fe-e36aaf0034a0","local_time":"20210228014307","is_ascension_mode":true,"campfire_choices":[{"data":"Zap","floor":6,"key":"SMITH"},{"floor":10,"key":"REST"},{"floor":13,"key":"REST"},{"floor":15,"key":"RECALL"},{"floor":23,"key":"REST"},{"floor":25,"key":"REST"},{"floor":32,"key":"REST"},{"floor":40,"key":"REST"}],"circlet_count":0,"master_deck":["AscendersBane","Strike_B","Strike_B","Strike_B","Strike_B","Defend_B","Defend_B","Defend_B","Defend_B+1","Zap+1","Dualcast","Amplify+1","Leap","Sweeping Beam","Cold Snap","Echo Form+1","Go for the Eyes+1","Hologram","Defragment","Ball Lightning+1","Creative AI+1","Streamline+1","Stack","Conserve Battery+1","Decay","ReplayGash","Go for the Eyes+1","Coolheaded","Steam","Barrage","Beam Cell","Fission+1","Compile Driver","Heatsinks+1","ReplayTheSpireMod:Repulse+1","Writhe","Turbo+1","Redo"],"relics":["Cracked Core","betterThird:SlimedRelic","Du-Vu Doll","Golden Egg","Lantern","DataDisk","ChewingGum","Gremlin Food","Red Mask","Potion Belt","Counterbalance","Ornamental Fan","Fusion Hammer","ClockworkSouvenir","Dream Catcher","Replay:Wax Seal"],"acts_visited":["Exordium","TheCity","TheBeyond"],"potions_floor_usage":[18,29,29,33,33,41,41],"damage_taken":[{"damage":4,"enemies":"Jaw Worm","floor":1,"turns":6},{"damage":1,"enemies":"Small Slimes","floor":3,"turns":3},{"damage":0,"enemies":"2 Louse","floor":4,"turns":2},{"damage":24,"enemies":"Replay:BlueRogue","floor":7,"turns":11},{"damage":11,"enemies":"Looter","floor":8,"turns":2},{"damage":9,"enemies":"Red Slaver","floor":11,"turns":3},{"damage":11,"enemies":"The Guardian","floor":16,"turns":10},{"damage":14,"enemies":"2 Thieves","floor":18,"turns":3},{"damage":0,"enemies":"Chosen","floor":19,"turns":4},{"damage":21,"enemies":"Masked Bandits","floor":24,"turns":6},{"damage":16,"enemies":"Replay:Snechameleon","floor":27,"turns":7},{"damage":2,"enemies":"Snake Plant","floor":28,"turns":4},{"damage":0,"enemies":"Colosseum Slavers","floor":29,"turns":4},{"damage":11,"enemies":"Colosseum Nobs","floor":29,"turns":5},{"damage":9,"enemies":"Shelled Parasite and Fungi","floor":30,"turns":5},{"damage":2,"enemies":"Centurion and Healer","floor":31,"turns":4},{"damage":23,"enemies":"Collector","floor":33,"turns":10},{"damage":57,"enemies":"3 Darklings","floor":35,"turns":6},{"damage":0,"enemies":"3 Shapes","floor":37,"turns":3},{"damage":30,"enemies":"Reptomancer","floor":41,"turns":7},{"damage":14,"enemies":"Jaw Worm Horde","floor":42,"turns":2}],"seed_played":"-1780919405132195348","potions_obtained":[{"floor":7,"key":"Explosive Potion"},{"floor":11,"key":"Energy Potion"},{"floor":18,"key":"Regen Potion"},{"floor":28,"key":"EssenceOfSteel"},{"floor":29,"key":"ColorlessPotion"},{"floor":33,"key":"SkillPotion"},{"floor":37,"key":"Ancient Potion"}],"is_trial":false,"path_per_floor":["M","?","M","M","?","R","E","M","T","R","M","$","R","?","R","B",null,"M","M","$","?","?","R","?","R","T","E","M","?","M","M","R","B",null,"M","$","M","?","$","R","E","M"],"character_chosen":"DEFECT","items_purchased":["Lantern","Gremlin Food","Conserve Battery","ClockworkSouvenir","Dream Catcher","Heatsinks"],"campfire_rested":6,"item_purchase_floors":[12,20,20,36,36,36],"current_hp_per_floor":[60,60,59,59,48,48,24,13,13,34,25,25,46,46,46,35,62,48,48,48,48,48,69,48,69,69,53,51,54,45,43,64,41,64,7,7,7,21,21,42,12,0,0],"gold":74,"neow_bonus":"ONE_RANDOM_RARE_CARD","is_daily":false,"chose_seed":false,"campfire_upgraded":1,"win_rate":0.0,"timestamp":1614436987,"path_taken":["M","?","M","M","?","R","E","M","T","R","M","$","R","?","R","BOSS","M","M","$","?","?","R","?","R","T","E","M","?","M","M","R","BOSS","M","$","?","?","$","R","E","M"],"items_purchased_type":["Relic","Relic","Card","Relic","Relic","Card"],"build_version":"2020-12-22","purchased_purges":0,"victory":false,"max_hp_per_floor":[71,71,71,71,71,71,71,71,71,71,71,71,71,71,71,71,71,71,71,71,71,71,71,71,71,71,71,71,71,71,71,71,71,71,71,71,71,71,71,71,71,71,71],"card_choices":[{"not_picked":["Auto Shields","ReplayTheSpireMod:Reroute Power"],"picked":"Leap","floor":1},{"not_picked":["Steam","Recycle"],"picked":"Sweeping Beam","floor":3},{"not_picked":["Compile Driver","BasicCrystalCard"],"picked":"Cold Snap","floor":4},{"not_picked":["Conserve Battery","Crystallizer"],"picked":"Echo Form","floor":7},{"not_picked":["Steam","Undo"],"picked":"Go for the Eyes","floor":8},{"not_picked":["Gash","Chill"],"picked":"Hologram","floor":11},{"not_picked":["Chaos","BasicCrystalCard"],"picked":"Defragment","floor":14},{"not_picked":["Coolheaded","Cold Snap"],"picked":"Ball Lightning","floor":14},{"not_picked":["Core Surge","Amplify"],"picked":"Creative AI","floor":16},{"not_picked":["BasicCrystalCard","Gash"],"picked":"Streamline","floor":18},{"not_picked":["Steam","Glacier"],"picked":"Stack","floor":19},{"not_picked":["Steam Power","Sweeping Beam"],"picked":"ReplayGash","floor":24},{"not_picked":["Creative AI","Echo Form"],"picked":"Go for the Eyes+1","floor":27},{"not_picked":["Go for the Eyes","Rebound"],"picked":"Coolheaded","floor":28},{"not_picked":["Chill","Sweeping Beam"],"picked":"Steam","floor":29},{"not_picked":["Streamline","Hologram"],"picked":"Barrage","floor":30},{"not_picked":["Go for the Eyes","Hologram"],"picked":"Beam Cell","floor":31},{"not_picked":["Rainbow","ReplayTheSpireMod:Omega Cannon"],"picked":"Fission","floor":33},{"not_picked":["Chill+1","Consume"],"picked":"Compile Driver","floor":35},{"not_picked":["ReplayTheSpireMod:Reroute Power+1","Chill+1"],"picked":"ReplayTheSpireMod:Repulse+1","floor":37},{"not_picked":["Sweeping Beam","Gash"],"picked":"Turbo+1","floor":40},{"not_picked":["Darkness","Go for the Eyes"],"picked":"Redo","floor":41}],"player_experience":957189,"relics_obtained":[{"floor":7,"key":"Du-Vu Doll"},{"floor":9,"key":"Golden Egg"},{"floor":14,"key":"DataDisk"},{"floor":24,"key":"Red Mask"},{"floor":27,"key":"Potion Belt"},{"floor":29,"key":"Counterbalance"},{"floor":29,"key":"Ornamental Fan"},{"floor":41,"key":"Replay:Wax Seal"}],"event_choices":[{"damage_healed":0,"gold_gain":0,"player_choice":"Slimed","damage_taken":11,"max_hp_gain":0,"max_hp_loss":0,"event_name":"betterThird:BetterGoop","floor":5,"gold_loss":35},{"damage_healed":0,"gold_gain":0,"player_choice":"Upgraded","damage_taken":0,"max_hp_gain":0,"max_hp_loss":0,"event_name":"Upgrade Shrine","floor":21,"gold_loss":0,"cards_upgraded":["Echo Form"]},{"damage_healed":0,"gold_gain":0,"player_choice":"Smashed Altar","damage_taken":0,"max_hp_gain":0,"max_hp_loss":0,"event_name":"Forgotten Altar","floor":22,"gold_loss":0,"cards_obtained":["Decay"]},{"damage_healed":0,"gold_gain":0,"player_choice":"Fought Bandits","damage_taken":0,"max_hp_gain":0,"max_hp_loss":0,"event_name":"Masked Bandits","floor":24,"gold_loss":0},{"damage_healed":0,"gold_gain":0,"player_choice":"Fight","damage_taken":0,"max_hp_gain":0,"max_hp_loss":0,"event_name":"Colosseum","floor":29,"gold_loss":0},{"damage_healed":0,"gold_gain":0,"player_choice":"Fought Nobs","damage_taken":0,"max_hp_gain":0,"max_hp_loss":0,"event_name":"Colosseum","floor":29,"gold_loss":0},{"damage_healed":14,"gold_gain":0,"player_choice":"Writhe","damage_taken":0,"max_hp_gain":0,"max_hp_loss":0,"event_name":"Winding Halls","floor":38,"gold_loss":0,"cards_obtained":["Writhe"]}],"is_beta":false,"boss_relics":[{"not_picked":["Kintsugi","Ectoplasm"],"picked":"ChewingGum"},{"not_picked":["Cursed Key","Painkiller Herb"],"picked":"Fusion Hammer"}],"items_purged_floors":[],"is_endless":false,"potions_floor_spawned":[7,11,16,18,24,28,29,29,33,37],"killed_by":"Jaw Worm Horde","ascension_level":15}}