{"host":"kvq1t47bkvtg8ho9","time":1614396822,"event":{"mods":["Act Like it!","Aspiration","Bard","BaseMod","Beaked The Cultist","Better Sensory Stone","Better Third Choice","BetterRewards","Bossed Relics","CapriCore","Clockwork Mod","Colored Map","Conspire","Downfall","Energized Spire","Evolution","Friendly Minions","Hermit","HexUI Lib","Highlight Path","Hubris","Infinite Spire","JesterMod","Minty Spire (QoL Compilation)","READ ME - Guardian Mod","Relic Stats","Reliquary","Ruina","Shade Mod","Somnambulant","Spire Arcade","StSLib","The Bladedancer","The Bug Knight","The Cursed","The Death Knight","The Disciple","The Forsaken","The Hierophant","The Immortal","The Jungle","The Marked","The Necromancer","The Runesmith","TheVacant"],"gold_per_floor":[99,109,109,209,222,9,9,19,38,72,90,90,106,106,106,106],"floor_reached":14,"language":"ENG","playtime":926,"items_purged":["bronze:Strike"],"score":92,"play_id":"7c2e9c77-4bff-4da7-93c5-6111ad4c400f","local_time":"20210226223342","is_ascension_mode":false,"campfire_choices":[{"data":"bronze:BugBarrage","floor":1,"key":"SMITH"},{"floor":12,"key":"REST"}],"circlet_count":0,"master_deck":["bronze:BugBarrage+1","bronze:Strike","bronze:Strike","bronze:Defend","bronze:Defend","bronze:Defend","bronze:Defend","bronze:Replicate","bronze:Goto","bronze:Repulsor","bronze:Boost","bronze:Fortify","bronze:Flail","bronze:Optimize","bronze:ClassDefault","bronze:Frontload","bronze:Fortify","bronze:BugBarrage","bronze:GetLatest"],"relics":["bronze:BronzeCore","EVO:Axolotl","Smiling Mask","infinitespire:EmpoweringShard","hubris:SlimyHat"],"acts_visited":["Exordium"],"potions_floor_usage":[10,14],"damage_taken":[{"damage":3,"enemies":"Jaw Worm","floor":2,"turns":3},{"damage":1,"enemies":"Cultist","floor":5,"turns":4},{"damage":2,"enemies":"downfall:FleeingMerchant","floor":6,"turns":4},{"damage":1,"enemies":"2 Louse","floor":8,"turns":3},{"damage":34,"enemies":"Exordium Wildlife","floor":9,"turns":5},{"damage":3,"enemies":"3 Sentries","floor":10,"turns":4},{"damage":10,"enemies":"Large Slime","floor":11,"turns":5},{"damage":19,"enemies":"Lots of Slimes","floor":13,"turns":3},{"damage":22,"enemies":"Lagavulin","floor":14,"turns":6}],"seed_played":"-4263897597564200651","potions_obtained":[{"floor":2,"key":"ColorlessPotion"},{"floor":8,"key":"Guardian:BlockOnCardUsePotion"},{"floor":11,"key":"bronze:CleanCodePotion"}],"is_trial":false,"path_per_floor":["R","M","?","?","M","$","T","M","M","E","M","R","M","E"],"character_chosen":"THE_AUTOMATON","items_purchased":["bronze:Flail","bronze:Optimize"],"campfire_rested":1,"item_purchase_floors":[6,6],"current_hp_per_floor":[70,67,67,67,66,64,64,63,29,26,16,37,18,0,0,0],"gold":106,"neow_bonus":"RANDOM_COMMON_RELIC","is_daily":false,"chose_seed":false,"campfire_upgraded":1,"win_rate":0.0,"timestamp":1614396822,"path_taken":["R","M","?","?","M","$","T","M","?","E","M","R","M","E"],"items_purchased_type":["Card","Card"],"build_version":"2020-12-22","purchased_purges":1,"victory":false,"max_hp_per_floor":[70,70,70,70,70,70,70,70,70,70,70,70,70,70,70,70],"relic_stats":{"counters":[9,37],"Smiling Mask":25,"obtain_stats":[{"bronze:BronzeCore":0,"infinitespire:EmpoweringShard":7,"hubris:SlimyHat":10,"EVO:Axolotl":0,"Smiling Mask":0},{"bronze:BronzeCore":0,"infinitespire:EmpoweringShard":3,"hubris:SlimyHat":6,"EVO:Axolotl":0,"Smiling Mask":0},{"bronze:BronzeCore":0,"infinitespire:EmpoweringShard":11,"hubris:SlimyHat":23,"EVO:Axolotl":0,"Smiling Mask":0}]},"card_choices":[{"not_picked":["bronze:Deprecate","bronze:DelayedGuard"],"picked":"bronze:Repulsor","floor":2},{"not_picked":["bronze:ChildClass","bronze:CutThrough"],"picked":"bronze:Boost","floor":5},{"not_picked":["bronze:ClassDefault","bronze:Branch"],"picked":"bronze:Fortify","floor":6},{"not_picked":["bronze:ForceShield","bronze:BuggyMess"],"picked":"bronze:ClassDefault","floor":8},{"not_picked":["bronze:Iterate","bronze:DelayedSlice"],"picked":"bronze:Frontload","floor":9},{"not_picked":["bronze:ChildClass","bronze:Shell"],"picked":"bronze:Fortify","floor":10},{"not_picked":["bronze:Safeguard","bronze:Constructor"],"picked":"bronze:BugBarrage","floor":11},{"not_picked":["bronze:FineTuning","bronze:ChildClass"],"picked":"bronze:GetLatest","floor":13}],"player_experience":895172,"relics_obtained":[{"floor":7,"key":"infinitespire:EmpoweringShard"},{"floor":10,"key":"hubris:SlimyHat"}],"event_choices":[],"is_beta":false,"boss_relics":[],"items_purged_floors":[6],"is_endless":false,"potions_floor_spawned":[2,8,11],"killed_by":"Lagavulin","ascension_level":0}}