{"host":"v63m4f6t57xrjbnq","time":1614446329,"event":{"mods":["100% Spire Juice","ATMod(阿瑾Mod)","Act Like it!","Arknights","BaseMod","Colored Powertips","Dota2Spire","Downfall","Energized Spire","Gensokyo","Hallownest","KinomotoSakuraMod(木之本樱)","KomeijiMod","LagranYue(拉格朗・月)","Lobotomy","LobotomyExtend","Marisa（F雨　魔理沙）","Marked Mod","Minty Spire (QoL Compilation)","Quick Restart","Reimu（博丽灵梦）","Relic Filter Mod","Remilia（蕾米莉亚）","Replay The Spire","RumiaBox-露米娅的神秘盒子","StSLib","The Administrix","The Marked","The Senshi","The Servant 0.9.4","Waifu the Spire","WarShipGirlsR/战舰少女R mod","Yakumo Yukari mod","Youmu（魂魄妖梦）","Yuyuko","【遗物卡牌】REMEMod"],"gold_per_floor":[366,7,21,21,46,46,46],"floor_reached":6,"language":"ZHS","playtime":296,"items_purged":[],"score":68,"play_id":"95657b29-3f8d-4965-b894-2d3ecf2f52b7","local_time":"20210228011849","is_ascension_mode":true,"campfire_choices":[],"circlet_count":0,"master_deck":["AscendersBane","ats:Strike C","ats:Strike G","ats:Strike S","ats:Strike V","ats:Armor Crushing Shot","ats:Defend","ats:Defend","ats:Defend","ats:Defend","ats:Emotion Absorption","ats:Explosion Area Strengthen","Gensokyo:BlemishedSteel","Gensokyo:RustyChest","Gensokyo:MenInBlack","ats:Closed Bolt Burst Fire+1","ats:Mental Burst"],"relics":["ats:Sanity","AT_ATBox","REME_ComplimentaryCards","LagranYue:RandomDrawCardRelic","Akabeko","ats:Originium","HoshigumaDish"],"acts_visited":["Gensokyo:Gensokyo"],"potions_floor_usage":[],"damage_taken":[{"damage":12,"enemies":"Gensokyo:Python","floor":1,"turns":3},{"damage":21,"enemies":"Gensokyo:Gryphon","floor":3,"turns":5},{"damage":24,"enemies":"Gensokyo:Cirno","floor":5,"turns":8},{"damage":8,"enemies":"Gensokyo:Cirno","floor":6,"turns":4}],"seed_played":"-6083354353024139235","potions_obtained":[{"floor":5,"key":"FearPotion"}],"is_trial":false,"path_per_floor":["M","COS","M","?","?","E"],"character_chosen":"DOCTOR_CLASS","items_purchased":[],"campfire_rested":0,"item_purchase_floors":[],"current_hp_per_floor":[53,53,32,32,8,0,0],"gold":46,"neow_bonus":"TWO_FIFTY_GOLD","is_daily":false,"chose_seed":false,"campfire_upgraded":0,"win_rate":0.0,"timestamp":1614446329,"path_taken":["M","COS","M","?","?","E"],"items_purchased_type":[],"build_version":"2020-12-22","purchased_purges":0,"victory":false,"max_hp_per_floor":[65,65,65,65,65,65,65],"card_choices":[{"not_picked":["ats:Curse Doll","ats:Charging Defense"],"picked":"ats:Explosion Area Strengthen","floor":1},{"not_picked":["ats:Chain Hook+1","ats:Very Hot Blade+1"],"picked":"ats:Closed Bolt Burst Fire+1","floor":3},{"not_picked":["ats:Absolute Focus","ats:Defend Order","ats:Assault Order"],"picked":"SKIP","floor":3},{"not_picked":["ats:Absolute Focus","ats:Leaping Hammer"],"picked":"ats:Mental Burst","floor":5}],"player_experience":284916,"relics_obtained":[{"floor":5,"key":"ats:Originium"},{"floor":5,"key":"HoshigumaDish"}],"event_choices":[],"is_beta":false,"boss_relics":[],"items_purged_floors":[],"is_endless":false,"potions_floor_spawned":[5],"killed_by":"Gensokyo:Cirno","ascension_level":14}}