{"host":"rwiy0nr47d6nmxat","time":1614435303,"event":{"mods":["2.2 Compatiblity","AchievementEnabler","Act Like it!","Aspiration","BaseMod","Better Note","Better Sensory Stone","Block Reminder","Challenge The Spire","Colored Map","Colored Powertips","Conspire","Curses Come First","Elementarium","Highlight Path","Hubris","Infinite Spire","Mad Scientist","Minty Spire (QoL Compilation)","Permanent Neow","Quick Restart","Rare Cards Sparkle","Reliquary","Replay The Spire","Ruina","Spire Arcade","StSLib","SuperFastMode","The Cursed","TheFirefly","slay the spire mod where everything is the same but ironclad has a cowboy hat"],"gold_per_floor":[115,28,28,28,6,33,33,33,33,52,13,13,23,37,37,138,138,157,157,169,188,34,34,45,45,68,68,85,110,110,120,120,217,217,237,9,9,9,37,37,37,54,108,118,138,138,158,176,176,176,176],"floor_reached":50,"language":"ENG","playtime":1882,"items_purged":[],"score":487,"play_id":"6147b61c-bdfc-4d2f-92e0-28c15d5bc9a8","local_time":"20210227091503","is_ascension_mode":false,"campfire_choices":[{"data":"White Noise","floor":7,"key":"SMITH"},{"data":"Zap","floor":12,"key":"SMITH"},{"data":"White Noise","floor":15,"key":"SMITH"},{"floor":23,"key":"REST"},{"floor":25,"key":"REST"},{"floor":27,"key":"REST"},{"floor":32,"key":"REST"},{"floor":41,"key":"REST"},{"floor":49,"key":"REST"}],"circlet_count":0,"master_deck":["Strike_B","Strike_B","Strike_B","Strike_B","Defend_B","Defend_B","Defend_B","Defend_B","Zap+1","Dualcast","Gash","Darkness","Go for the Eyes","Go for the Eyes","White Noise+1","Barrage","Static Discharge","Storm","White Noise+1","Conserve Battery","Conserve Battery","Skim","Loop+1","Gash","Sunder","Doom and Gloom","Ball Lightning+1","Storm","Stack","Leap+1","Ball Lightning","Electrodynamics","Double Energy","Redo+1","Loop","Gash","Heatsinks","Electrodynamics","Heatsinks+1","Hologram+1","hubris:NaturalOne","Steam+1","Parasite","Rebound","White Noise","Stack"],"relics":["Cracked Core","reliquary:WeakTea","Pet Ghost","Gambling Chip","Inserter","Prayer Wheel","Bag of Marbles","Boot","infinitespire:Lucky Rock","Elementarium:ElementariumTrophy","aspiration:SecretTechniqueScroll","ReplayTheSpireMod:TigerMarble","hubris:Icosahedron","hubris:BallOfYels","infinitespire:Bottled Soul","Centennial Puzzle"],"acts_visited":["Exordium","Exordium","TheBeyond"],"potions_floor_usage":[16,16,16,20,20,21,24,24,24,33,33,35,48,48,50],"damage_taken":[{"damage":8,"enemies":"2 Louse","floor":1,"turns":3},{"damage":6,"enemies":"Lagavulin","floor":6,"turns":7},{"damage":3,"enemies":"Small Slimes","floor":10,"turns":3},{"damage":0,"enemies":"Cultist","floor":13,"turns":3},{"damage":5,"enemies":"Looter","floor":14,"turns":2},{"damage":25,"enemies":"Fading Forest","floor":16,"turns":11},{"damage":6,"enemies":"Elementarium:2_ELEMENTALS","floor":18,"turns":3},{"damage":18,"enemies":"Elementarium:MUD_AND_TAR_GOLEMS","floor":20,"turns":5},{"damage":21,"enemies":"Elementarium:3_ELEMENTALS","floor":21,"turns":3},{"damage":24,"enemies":"Elementarium:Hydrostalker","floor":24,"turns":4},{"damage":10,"enemies":"Elementarium:STONE_GOLEMS","floor":28,"turns":4},{"damage":15,"enemies":"Elementarium:WarGolem","floor":29,"turns":3},{"damage":20,"enemies":"Elementarium:VOID_CORRUPTION_AND_ORB_OF_FIRE","floor":31,"turns":4},{"damage":39,"enemies":"Elementarium:GolemEmperor","floor":33,"turns":9},{"damage":37,"enemies":"3 Darklings","floor":35,"turns":5},{"damage":12,"enemies":"conspire:MimicChest","floor":39,"turns":4},{"damage":17,"enemies":"3 Shapes","floor":42,"turns":4},{"damage":0,"enemies":"Jaw Worm Horde","floor":44,"turns":2},{"damage":0,"enemies":"Sphere and 2 Shapes","floor":45,"turns":3},{"damage":11,"enemies":"Writhing Mass","floor":47,"turns":4},{"damage":0,"enemies":"3 Darklings","floor":48,"turns":2},{"damage":51,"enemies":"Donu and Deca","floor":50,"turns":4}],"seed_played":"3719424362717554900","potions_obtained":[{"floor":6,"key":"DuplicationPotion"},{"floor":13,"key":"BlessingOfTheForge"},{"floor":14,"key":"DuplicationPotion"},{"floor":16,"key":"DistilledChaos"},{"floor":18,"key":"Energy Potion"},{"floor":20,"key":"PowerPotion"},{"floor":21,"key":"EntropicBrew"},{"floor":31,"key":"Swift Potion"},{"floor":33,"key":"infinitespire:BlackPotion"},{"floor":39,"key":"Explosive Potion"},{"floor":47,"key":"EssenceOfDarkness"}],"is_trial":false,"path_per_floor":["M","$","?","?","$","E","R","?","T","M","$","R","M","M","R","B",null,"M","?","M","M","$","R","M","R","T","R","M","E","?","M","R","B",null,"M","$","?","$","?","AVR","R","M","T","M","M","?","M","M","R","B"],"character_chosen":"DEFECT","items_purchased":["Darkness","Go for the Eyes","Go for the Eyes","Static Discharge","Bag of Marbles","ReplayTheSpireMod:TigerMarble","Loop"],"campfire_rested":6,"item_purchase_floors":[2,2,5,11,22,36,36],"current_hp_per_floor":[67,67,67,70,70,64,64,64,64,61,61,61,61,56,56,31,78,72,78,60,39,39,62,38,61,61,78,68,53,53,33,56,17,77,40,40,40,40,28,28,51,34,34,34,34,34,23,23,46,0,0],"gold":176,"neow_bonus":"RANDOM_COMMON_RELIC","is_daily":false,"chose_seed":false,"campfire_upgraded":3,"win_rate":0.0,"timestamp":1614435303,"path_taken":["M","$","?","?","$","E","R","?","T","M","?","R","M","M","R","BOSS","M","?","M","M","$","R","?","R","T","R","M","E","?","?","R","BOSS","M","$","?","$","?","AVR","R","M","T","M","M","?","M","M","R","BOSS"],"items_purchased_type":["Card","Card","Card","Card","Relic","Relic","Card"],"build_version":"2020-12-22","purchased_purges":0,"victory":false,"max_hp_per_floor":[75,75,75,78,78,78,78,78,78,78,78,78,78,78,78,78,78,78,78,78,78,78,78,78,78,78,78,78,78,77,77,77,77,77,77,77,77,77,77,77,77,77,77,77,77,77,77,77,77,77,77],"card_choices":[{"not_picked":["Compile Driver","BasicCrystalCard"],"picked":"Gash","floor":1},{"not_picked":["Coolheaded","aspiration:Polymerization"],"picked":"White Noise","floor":6},{"not_picked":["Rebound","conspire:SharedLibrary"],"picked":"Barrage","floor":10},{"not_picked":["Panic Button","Hello World"],"picked":"Storm","floor":13},{"not_picked":["Streamline","Skim"],"picked":"White Noise","floor":14},{"not_picked":["Reboot","ReplayTheSpireMod:Omega Cannon"],"picked":"ReplayTheSpireMod:Fabricate Wheel","floor":16},{"not_picked":["Panic Button","Coolheaded+1"],"picked":"Conserve Battery","floor":18},{"not_picked":["Turbo","BasicCrystalCard"],"picked":"Conserve Battery","floor":18},{"not_picked":["Chill","BasicCrystalCard"],"picked":"Skim","floor":20},{"not_picked":["Leap","Genetic Algorithm"],"picked":"Loop+1","floor":20},{"not_picked":["Conserve Battery","Turbo"],"picked":"Gash","floor":21},{"not_picked":["Cold Snap","Panic Button"],"picked":"Sunder","floor":21},{"not_picked":["Panic Button","Time Bomb"],"picked":"Doom and Gloom","floor":24},{"not_picked":["Crystallizer","BasicCrystalCard+1"],"picked":"Ball Lightning+1","floor":24},{"not_picked":["Steam","Gash"],"picked":"Storm","floor":28},{"not_picked":["Force Field+1","Steam","Meteor Strike"],"picked":"SKIP","floor":28},{"not_picked":["Panic Button+1","BasicCrystalCard+1"],"picked":"Stack","floor":29},{"not_picked":["Crystallizer","Beam Cell"],"picked":"Leap+1","floor":31},{"not_picked":["Aggregate+1","Gash"],"picked":"Ball Lightning","floor":31},{"not_picked":["Buffer","Hyperbeam"],"picked":"Electrodynamics","floor":33},{"not_picked":["Chill+1","Leap"],"picked":"Double Energy","floor":35},{"not_picked":["Beam Cell","Leap"],"picked":"Redo+1","floor":35},{"not_picked":["BasicCrystalCard+1","Beam Cell+1"],"picked":"Gash","floor":39},{"not_picked":["Cold Snap","aspiration:Polymerization"],"picked":"Heatsinks","floor":42},{"not_picked":["Hologram","Compile Driver+1"],"picked":"Electrodynamics","floor":42},{"not_picked":["Conserve Battery+1","Hologram+1"],"picked":"Heatsinks+1","floor":44},{"not_picked":["Panic Button+1","Sweeping Beam"],"picked":"Hologram+1","floor":44},{"not_picked":["Chill+1","Cold Snap"],"picked":"Streamline+1","floor":45},{"not_picked":["Barrage","Reprogram+1"],"picked":"Steam+1","floor":45},{"not_picked":["Steam","ReplayGash"],"picked":"Rebound","floor":47},{"not_picked":["Consume+1","Cold Snap"],"picked":"White Noise","floor":47},{"not_picked":["Reboot","Cold Snap+1"],"picked":"Stack","floor":48},{"not_picked":["Steam+1","Coolheaded+1","Panic Button"],"picked":"SKIP","floor":48}],"player_experience":84005,"relics_obtained":[{"floor":6,"key":"Pet Ghost"},{"floor":9,"key":"Gambling Chip"},{"floor":26,"key":"Boot"},{"floor":29,"key":"infinitespire:Lucky Rock"},{"floor":39,"key":"hubris:BallOfYels"},{"floor":43,"key":"Centennial Puzzle"}],"event_choices":[{"damage_healed":0,"gold_gain":0,"player_choice":"Disagree","damage_taken":0,"max_hp_gain":0,"max_hp_loss":0,"event_name":"conspire:LoneGhost","floor":3,"gold_loss":0},{"damage_healed":0,"gold_gain":0,"player_choice":"Detour","damage_taken":0,"max_hp_gain":0,"max_hp_loss":1,"event_name":"Elementarium:OtherworldlyPassage","floor":30,"gold_loss":0},{"cards_removed":["Streamline"],"damage_healed":0,"gold_gain":0,"player_choice":"Purged","damage_taken":0,"max_hp_gain":0,"max_hp_loss":0,"event_name":"Purifier","floor":46,"gold_loss":0}],"is_beta":false,"boss_relics":[{"not_picked":["Abe\u0027s Treasure","hubris:GrandSneckoEye"],"picked":"Inserter"},{"not_picked":["Runic Dome","ChewingGum"],"picked":"aspiration:SecretTechniqueScroll"}],"items_purged_floors":[],"is_endless":false,"potions_floor_spawned":[6,13,14,16,18,20,21,31,33,39,47],"killed_by":"Donu and Deca","ascension_level":0}}