{"host":"e1li3exkvrfyv5jm","time":1614408809,"event":{"mods":["2.2 Compatiblity","A Magickal Journey","AchievementEnabler","Aspiration","BaseMod","Beaked The Cultist","Better Note","BetterRewards","CapriCore","Challenge The Spire","ChefMod","Colored Map","Colored Powertips","Downfall","Duelist Mod","GifTheSpireLib","Gremlin Mod","Hermit","Jorbs\u0027s Wanderer Trilogy","Koishi","Marisa????????","Melee Mod","Minty Spire (QoL Compilation)","Nova Terra(??·??)","Pikachu Mod","QueenMod","READ ME - Guardian Mod","READ ME - Snecko Mod","Rare Cards Sparkle","Relic Stats","Reliquary","Replay The Spire","Robot Space Explorer","Shop Mod","Somnambulant","Spikes Relics","StSLib","The Blackbeard","The Bladedancer","The Bug Knight","The Construct","The Cursed","The Death Knight","The Disciple","The Druid","The Elementalist","The Forsaken","The Gatherer","The Hayseed","The Hierophant","The Immortal","The Judge","The Jungle","The Marked","The Necromancer","The Runesmith","The Saiyan","The Servant 0.9.4","The Showman","The Spell Scribe","The Vixen","TheFirefly","TheHeartMod","TheVacant","Warlord Emblem"],"gold_per_floor":[113,132,149,216,33,63,63,92,92,120,120,133,166,166,166,271,271,284,267,1,15,115,145,145,164,164,164,193,204,215,231,231,326,326,341,353,371,388,408,438,451,451,477,477,506,506,42,55,55,55,55,55,7,40,40],"floor_reached":56,"language":"ENG","playtime":5180,"items_purged":["RobotSpaceExplorer:Defend"],"score":1331,"play_id":"66325395-6dcf-4b50-87c5-7f179451b9e1","local_time":"20210227015329","is_ascension_mode":false,"campfire_choices":[{"floor":7,"key":"REST"},{"floor":11,"key":"REST"},{"data":"RobotSpaceExplorer:ExhaustFan","floor":15,"key":"SMITH"},{"data":"RobotSpaceExplorer:TrailblazerForm","floor":27,"key":"SMITH"},{"floor":32,"key":"RECALL"},{"data":"RobotSpaceExplorer:Multitool","floor":44,"key":"SMITH"},{"floor":49,"key":"REST"},{"data":"RobotSpaceExplorer:PowerGlove","floor":52,"key":"SMITH"}],"circlet_count":0,"master_deck":["RobotSpaceExplorer:Strike","RobotSpaceExplorer:Strike","RobotSpaceExplorer:Strike","RobotSpaceExplorer:Strike","RobotSpaceExplorer:Defend","RobotSpaceExplorer:Defend","RobotSpaceExplorer:Defend","RobotSpaceExplorer:Scan","RobotSpaceExplorer:MiniLasers","RobotSpaceExplorer:StunGrenade+1","RobotSpaceExplorer:ScrapMissile","RobotSpaceExplorer:Discharger","RobotSpaceExplorer:Probe","RobotSpaceExplorer:Probe","RobotSpaceExplorer:ScrapMissile","RobotSpaceExplorer:ScrapMissile","RobotSpaceExplorer:ScrapToss","RobotSpaceExplorer:DualCore+1","RobotSpaceExplorer:PowerGlove+1","RobotSpaceExplorer:TrailblazerForm+1","RobotSpaceExplorer:ExhaustFan+1","RobotSpaceExplorer:ScrapMissile","Amnesia","RobotSpaceExplorer:Multitool+1","RobotSpaceExplorer:Probe","RobotSpaceExplorer:MetalStrike+1","RobotSpaceExplorer:DualCore+1","RobotSpaceExplorer:Jetpack+1","Enlightenment+1","RobotSpaceExplorer:MetalStrike+1","RobotSpaceExplorer:Blaster+1","RobotSpaceExplorer:Counterblock+1","RobotSpaceExplorer:MetalStrike","RobotSpaceExplorer:ExhaustFan+1","RobotSpaceExplorer:Autoloader","RobotSpaceExplorer:ShockKick+1","RobotSpaceExplorer:Pulsar+1","RobotSpaceExplorer:ImprovisedAttack","RobotSpaceExplorer:HighVoltage+1","RobotSpaceExplorer:Probe+1","RobotSpaceExplorer:PowerGlove+1","RobotSpaceExplorer:LuckyStrike","Parasite","RobotSpaceExplorer:ScrapToss+1","RobotSpaceExplorer:ScrapShield+1","RobotSpaceExplorer:ShockKick+1","RobotSpaceExplorer:Blaster","RobotSpaceExplorer:Asteroid+1","Sadistic Nature","RobotSpaceExplorer:Pulsar+1","Parasite","RobotSpaceExplorer:GlueShot+1","RobotSpaceExplorer:Pulsar+1","RobotSpaceExplorer:ShockKick"],"relics":["RobotSpaceExplorer:RoboCore","Ginger","HollowMod:StagPassRelic","reliquary:RoseTintedGlasses","Lantern","Juzu Bracelet","Kunai","Pantograph","reliquary:WeakTea","Gambling Chip","reliquary:RedCape","BargainBundle","Torii","CaptainsWheel","theForsaken:Lifeblossom","aspiration:RitualDagger","BrokenLever","aspiration:EmptySkull","Potion Belt","WizardHat","Guide Book","Pen Nib"],"acts_visited":["Exordium","TheCity","TheBeyond","TheEnding"],"potions_floor_usage":[6,8,10,13,16,21,25,25,28,33,33,37,37,38,39,41,45,45,48,50,55],"damage_taken":[{"damage":1,"enemies":"2 Louse","floor":1,"turns":2},{"damage":0,"enemies":"Small Slimes","floor":2,"turns":3},{"damage":0,"enemies":"Cultist","floor":3,"turns":2},{"damage":13,"enemies":"3 Sentries","floor":6,"turns":4},{"damage":19,"enemies":"Lagavulin","floor":8,"turns":5},{"damage":25,"enemies":"3 Sentries","floor":10,"turns":5},{"damage":0,"enemies":"3 Louse","floor":12,"turns":2},{"damage":12,"enemies":"Gremlin Nob","floor":13,"turns":5},{"damage":30,"enemies":"Hexaghost","floor":16,"turns":9},{"damage":10,"enemies":"Chosen","floor":18,"turns":4},{"damage":9,"enemies":"2 Thieves","floor":19,"turns":4},{"damage":1,"enemies":"Shelled Parasite and Fungi","floor":21,"turns":4},{"damage":6,"enemies":"theDuelist:KaibaA2","floor":23,"turns":4},{"damage":0,"enemies":"3 Cultists","floor":25,"turns":4},{"damage":16,"enemies":"Gremlin Leader","floor":28,"turns":7},{"damage":7,"enemies":"Centurion and Healer","floor":29,"turns":6},{"damage":0,"enemies":"Chosen and Byrds","floor":30,"turns":4},{"damage":1,"enemies":"Snake Plant","floor":31,"turns":6},{"damage":10,"enemies":"Automaton","floor":33,"turns":9},{"damage":27,"enemies":"3 Darklings","floor":35,"turns":6},{"damage":16,"enemies":"3 Shapes","floor":36,"turns":3},{"damage":16,"enemies":"Sphere and 2 Shapes","floor":37,"turns":4},{"damage":51,"enemies":"Writhing Mass","floor":38,"turns":7},{"damage":40,"enemies":"HollowMod:SlobberingHusk","floor":39,"turns":9},{"damage":48,"enemies":"Nemesis","floor":40,"turns":6},{"damage":12,"enemies":"Sphere and 2 Shapes","floor":41,"turns":4},{"damage":38,"enemies":"Reptomancer","floor":45,"turns":4},{"damage":15,"enemies":"Writhing Mass","floor":48,"turns":5},{"damage":51,"enemies":"Awakened One","floor":50,"turns":11},{"damage":82,"enemies":"Shield and Spear","floor":54,"turns":8},{"damage":83,"enemies":"NeowBoss","floor":55,"turns":11}],"seed_played":"-657306820649613622","potions_obtained":[{"floor":4,"key":"Adrenaline Potion"},{"floor":6,"key":"SpeedPotion"},{"floor":8,"key":"Fruit Juice"},{"floor":10,"key":"DuplicationPotion"},{"floor":12,"key":"ColorlessPotion"},{"floor":19,"key":"hexamod:SoulburnPotion"},{"floor":21,"key":"hexamod:SoulburnPotion"},{"floor":30,"key":"Energy Potion"},{"floor":31,"key":"Adrenaline Potion"},{"floor":33,"key":"Elixir"},{"floor":36,"key":"EssenceOfSteel"},{"floor":37,"key":"AttackPotion"},{"floor":38,"key":"LiquidMemories"},{"floor":41,"key":"EntropicBrew"},{"floor":45,"key":"DistilledChaos"},{"floor":54,"key":"champ:CounterPotion"}],"is_trial":false,"path_per_floor":["M","M","M","?","$","E","R","E","T","E","R","M","E","?","R","B",null,"M","M","$","M","?","E","?","M","T","R","E","M","M","M","R_BF","B",null,"M","M","M","M","M","E","M","?","T","R","E","?","$","M","R","B",null,"R","$","E","B",null],"character_chosen":"RobotSpaceExplorer","items_purchased":["Ginger","HollowMod:StagPassRelic","RobotSpaceExplorer:StunGrenade+1","RobotSpaceExplorer:ScrapMissile","RobotSpaceExplorer:Discharger","Lantern","RobotSpaceExplorer:DualCore","BargainBundle","RobotSpaceExplorer:DualCore","RobotSpaceExplorer:Jetpack","Enlightenment","Weak Potion","Venom Potion","RobotSpaceExplorer:MetalStrike","RobotSpaceExplorer:Blaster","RobotSpaceExplorer:Counterblock","WizardHat","Guide Book","RobotSpaceExplorer:Pulsar","RobotSpaceExplorer:Pulsar"],"campfire_rested":3,"item_purchase_floors":[0,0,0,0,0,5,5,20,20,20,20,20,20,20,20,20,47,47,47,53],"current_hp_per_floor":[58,58,58,40,40,27,49,35,35,10,34,34,22,80,80,50,80,70,61,61,60,60,54,54,54,54,54,38,37,43,48,48,69,80,59,48,38,79,80,54,59,59,59,59,49,49,49,58,80,80,80,80,80,30,64],"gold":40,"neow_bonus":"","is_daily":false,"chose_seed":false,"campfire_upgraded":4,"win_rate":0.0,"timestamp":1614408809,"path_taken":["M","M","M","?","$","E","R","E","T","E","R","M","E","?","R","BOSS","M","M","$","M","?","E","?","M","T","R","E","M","M","M","R_BF","BOSS","M","M","M","M","M","E","M","?","T","R","E","?","$","M","R","BOSS","R","$","E","BOSS"],"items_purchased_type":["Relic","Relic","Card","Card","Card","Relic","Card","Relic","Card","Card","Card","Potion","Potion","Card","Card","Card","Relic","Relic","Card","Card"],"build_version":"2020-12-22","purchased_purges":1,"victory":true,"max_hp_per_floor":[75,75,75,75,75,75,75,80,80,80,80,80,80,80,80,80,80,80,80,80,80,80,80,80,80,80,80,80,80,80,80,80,80,80,80,80,80,80,80,80,80,80,80,80,80,80,80,80,80,80,80,80,80,80,80],"relic_stats":{"Torii":39,"counters":[53,272],"Pantograph":50,"Gambling Chip":[24],"Pen Nib":[3],"Juzu Bracelet":2,"Ginger":[56],"Kunai":[122],"obtain_stats":[{"ReplayFunnel":11,"WizardHat":47,"aspiration:Lifesprig":21,"Lantern":5,"Replay:PocketPolymizer":6,"Torii":23,"theForsaken:Lifeblossom":28,"BrokenLever":40,"Juzu Bracelet":6,"Ginger":0,"reliquary:RedCape":17,"HollowMod:StagPassRelic":0,"theDruid:CrownOfTheWilds":0,"SpikesRelics:ToyHorsey":9,"Pantograph":9,"Gambling Chip":13,"reliquary:RoseTintedGlasses":4,"Kunai":12,"Gremlin Food":6,"Potion Belt":45,"Girya":13,"BargainBundle":20,"Guide Book":47,"Pen Nib":54,"aspiration:SecretTechniqueScroll":17,"reliquary:WeakTea":10,"Frozen Egg 2":9,"CaptainsWheel":28,"aspiration:EmptySkull":43,"aspiration:RitualDagger":34},{"ReplayFunnel":20,"WizardHat":49,"aspiration:Lifesprig":10,"Lantern":25,"Replay:PocketPolymizer":18,"Torii":35,"theForsaken:Lifeblossom":37,"BrokenLever":47,"Juzu Bracelet":26,"Ginger":22,"reliquary:RedCape":31,"HollowMod:StagPassRelic":22,"theDruid:CrownOfTheWilds":0,"SpikesRelics:ToyHorsey":4,"Pantograph":27,"Gambling Chip":30,"reliquary:RoseTintedGlasses":25,"Kunai":6,"Gremlin Food":2,"Potion Belt":49,"Girya":21,"BargainBundle":33,"Guide Book":49,"Pen Nib":52,"aspiration:SecretTechniqueScroll":7,"reliquary:WeakTea":28,"Frozen Egg 2":19,"CaptainsWheel":37,"aspiration:EmptySkull":48,"aspiration:RitualDagger":41},{"ReplayFunnel":99,"WizardHat":237,"aspiration:Lifesprig":53,"Lantern":112,"Replay:PocketPolymizer":88,"Torii":158,"theForsaken:Lifeblossom":169,"BrokenLever":229,"Juzu Bracelet":116,"Ginger":105,"reliquary:RedCape":142,"HollowMod:StagPassRelic":105,"theDruid:CrownOfTheWilds":0,"SpikesRelics:ToyHorsey":17,"Pantograph":121,"Gambling Chip":133,"reliquary:RoseTintedGlasses":112,"Kunai":25,"Gremlin Food":11,"Potion Belt":237,"Girya":104,"BargainBundle":150,"Guide Book":237,"Pen Nib":261,"aspiration:SecretTechniqueScroll":36,"reliquary:WeakTea":126,"Frozen Egg 2":91,"CaptainsWheel":169,"aspiration:EmptySkull":233,"aspiration:RitualDagger":194}]},"card_choices":[{"not_picked":["RobotSpaceExplorer:Counterblock","RobotSpaceExplorer:GlueShot"],"picked":"RobotSpaceExplorer:Probe","floor":1},{"not_picked":["RobotSpaceExplorer:FrostMissile","RobotSpaceExplorer:ToxicBomb"],"picked":"RobotSpaceExplorer:Probe","floor":2},{"not_picked":["RobotSpaceExplorer:SwiftStep","RobotSpaceExplorer:FranticSearch"],"picked":"RobotSpaceExplorer:ScrapMissile","floor":3},{"not_picked":["RobotSpaceExplorer:SurgingStrike","RobotSpaceExplorer:Counterblock"],"picked":"RobotSpaceExplorer:ScrapMissile","floor":4},{"not_picked":["RobotSpaceExplorer:GlueSpray","RobotSpaceExplorer:StarDust"],"picked":"RobotSpaceExplorer:ScrapToss","floor":4},{"not_picked":["RobotSpaceExplorer:ShockKick","RobotSpaceExplorer:GlueShot"],"picked":"RobotSpaceExplorer:PowerGlove","floor":6},{"not_picked":["RobotSpaceExplorer:DualCore","RobotSpaceExplorer:Calculate"],"picked":"RobotSpaceExplorer:TrailblazerForm","floor":8},{"not_picked":["RobotSpaceExplorer:SlimeMissile","RobotSpaceExplorer:Probe"],"picked":"RobotSpaceExplorer:ExhaustFan","floor":10},{"not_picked":["RobotSpaceExplorer:MetalStrike","RobotSpaceExplorer:LuckyStrike"],"picked":"RobotSpaceExplorer:ScrapMissile","floor":12},{"not_picked":["RobotSpaceExplorer:SelfCleaning","RobotSpaceExplorer:Electroshield","RobotSpaceExplorer:SwiftStep"],"picked":"SKIP","floor":13},{"not_picked":["RobotSpaceExplorer:Exploration","RobotSpaceExplorer:TrailblazerForm"],"picked":"RobotSpaceExplorer:Multitool","floor":16},{"not_picked":["RobotSpaceExplorer:SurgingStrike+1","RobotSpaceExplorer:ShockKick"],"picked":"RobotSpaceExplorer:Probe","floor":18},{"not_picked":["RobotSpaceExplorer:Ammunition","RobotSpaceExplorer:ShockKick"],"picked":"RobotSpaceExplorer:MetalStrike+1","floor":19},{"not_picked":["RobotSpaceExplorer:Blitz+1","RobotSpaceExplorer:SurgingShield"],"picked":"RobotSpaceExplorer:MetalStrike","floor":21},{"not_picked":["RobotSpaceExplorer:SurgingStrike","RobotSpaceExplorer:Probe"],"picked":"RobotSpaceExplorer:ExhaustFan+1","floor":23},{"not_picked":["RobotSpaceExplorer:DoubleBlock+1","RobotSpaceExplorer:StunGrenade"],"picked":"RobotSpaceExplorer:Exploration","floor":25},{"not_picked":["RobotSpaceExplorer:Arsenal","RobotSpaceExplorer:Counterblock+1"],"picked":"RobotSpaceExplorer:Autoloader","floor":28},{"not_picked":["RobotSpaceExplorer:Pulsar+1","RobotSpaceExplorer:StarDust"],"picked":"RobotSpaceExplorer:ShockKick+1","floor":29},{"not_picked":["RobotSpaceExplorer:FrostMissile","RobotSpaceExplorer:SurgingShield+1"],"picked":"RobotSpaceExplorer:Pulsar+1","floor":30},{"not_picked":["RobotSpaceExplorer:Jetpack+1","RobotSpaceExplorer:ToxicBomb"],"picked":"RobotSpaceExplorer:ImprovisedAttack","floor":31},{"not_picked":["RobotSpaceExplorer:Explosion","RobotSpaceExplorer:ShockMissile"],"picked":"RobotSpaceExplorer:HighVoltage","floor":33},{"not_picked":["RobotSpaceExplorer:ImprovisedAttack","RobotSpaceExplorer:ShockKick"],"picked":"RobotSpaceExplorer:Probe+1","floor":35},{"not_picked":["RobotSpaceExplorer:Probe","RobotSpaceExplorer:StarDust"],"picked":"RobotSpaceExplorer:PowerGlove","floor":36},{"not_picked":["RobotSpaceExplorer:GlueShot+1","RobotSpaceExplorer:Counterblock+1"],"picked":"RobotSpaceExplorer:LuckyStrike","floor":37},{"not_picked":["RobotSpaceExplorer:StarDust+1","RobotSpaceExplorer:ScrapMissile+1"],"picked":"RobotSpaceExplorer:ScrapToss+1","floor":38},{"not_picked":["RobotSpaceExplorer:SurgingShield+1","RobotSpaceExplorer:SurgingStrike"],"picked":"RobotSpaceExplorer:ScrapShield+1","floor":39},{"not_picked":["RobotSpaceExplorer:StunGrenade","RobotSpaceExplorer:ImprovisedAttack+1"],"picked":"RobotSpaceExplorer:ShockKick+1","floor":40},{"not_picked":["RobotSpaceExplorer:MakeshiftVolley+1","RobotSpaceExplorer:MetalStrike+1"],"picked":"RobotSpaceExplorer:Blaster","floor":41},{"not_picked":["RobotSpaceExplorer:Discharger","RobotSpaceExplorer:SlimeMissile+1"],"picked":"RobotSpaceExplorer:Asteroid","floor":45},{"not_picked":["Apotheosis","Flash of Steel"],"picked":"Sadistic Nature","floor":46},{"not_picked":["RobotSpaceExplorer:Probe","RobotSpaceExplorer:SurgingShield+1"],"picked":"RobotSpaceExplorer:GlueShot+1","floor":48},{"not_picked":["RobotSpaceExplorer:SurgingShield+1","RobotSpaceExplorer:Blitz+1"],"picked":"RobotSpaceExplorer:ShockKick","floor":54}],"player_experience":384696,"relics_obtained":[{"floor":4,"key":"reliquary:RoseTintedGlasses"},{"floor":6,"key":"Juzu Bracelet"},{"floor":8,"key":"Kunai"},{"floor":9,"key":"Pantograph"},{"floor":10,"key":"reliquary:WeakTea"},{"floor":13,"key":"Gambling Chip"},{"floor":23,"key":"Torii"},{"floor":28,"key":"CaptainsWheel"},{"floor":28,"key":"theForsaken:Lifeblossom"},{"floor":40,"key":"BrokenLever"},{"floor":43,"key":"aspiration:EmptySkull"},{"floor":45,"key":"Potion Belt"},{"floor":54,"key":"Pen Nib"}],"event_choices":[{"damage_healed":0,"gold_gain":100,"player_choice":"Pray","damage_taken":0,"max_hp_gain":0,"max_hp_loss":0,"event_name":"Golden Shrine","floor":22,"gold_loss":0},{"damage_healed":0,"gold_gain":0,"player_choice":"Forge","damage_taken":0,"max_hp_gain":0,"max_hp_loss":0,"event_name":"Accursed Blacksmith","floor":24,"gold_loss":0,"cards_upgraded":["RobotSpaceExplorer:PowerGlove"]},{"damage_healed":0,"gold_gain":0,"player_choice":"Ignored","damage_taken":0,"max_hp_gain":0,"max_hp_loss":0,"event_name":"Tomb of Lord Red Mask","floor":42,"gold_loss":0},{"damage_healed":0,"gold_gain":0,"player_choice":"Memory 1","damage_taken":0,"max_hp_gain":0,"max_hp_loss":0,"event_name":"SensoryStone","floor":46,"gold_loss":0}],"is_beta":false,"boss_relics":[{"not_picked":["Ring of Chaos","Fusion Hammer"],"picked":"reliquary:RedCape"},{"not_picked":["Runic Pyramid","Black Star"],"picked":"aspiration:RitualDagger"}],"items_purged_floors":[20],"is_endless":false,"potions_floor_spawned":[6,8,10,12,19,21,30,31,33,36,37,38,41,45,54],"ascension_level":0}}