{"host":"l15sdf2mmi0nobpi","time":1614409421,"event":{"mods":["ATMod(°¢èªMod)","BaseMod","Highlight Path","Minty Spire (QoL Compilation)","Quick Restart","StSLib","¡¾¹¦ÄÜMod¡¿Neow½±Àø"],"gold_per_floor":[13,26,26,42,57,88,88,102,102,131,149,176,196,230,230,306,306,321,339,351,361,35,35,35],"floor_reached":23,"language":"ZHS","playtime":837,"items_purged":[],"score":504,"play_id":"da05438b-c455-4216-83ce-94c46b8cc4c9","local_time":"20210227150341","is_ascension_mode":true,"campfire_choices":[{"data":"AT_BodySlamDance","floor":7.0,"key":"SMITH"},{"data":"Consume","floor":15.0,"key":"SMITH"}],"circlet_count":0,"master_deck":["AscendersBane","Strike_B","Strike_B","Strike_B","Strike_B","Defend_B","Defend_B","Defend_B","Defend_B","Zap","Dualcast","AT_BodySlamDance+1","AT_EmpoweredMortalDraw+1","Coolheaded","Cold Snap","Consume+1","Core Surge","White Noise","Turbo","Seek","Ball Lightning","Seek","Skim"],"relics":["Cracked Core","AT_ATBox","AT_ArcaneBoots","AT_GuinsooRageblade","Du-Vu Doll","Sundial","Coffee Dripper","Ice Cream"],"acts_visited":["Exordium","TheCity"],"potions_floor_usage":[20,20,23],"damage_taken":[{"damage":4.0,"enemies":"Small Slimes","floor":1.0,"turns":3.0},{"damage":0.0,"enemies":"Cultist","floor":2.0,"turns":2.0},{"damage":4.0,"enemies":"2 Louse","floor":4.0,"turns":2.0},{"damage":0.0,"enemies":"Exordium Thugs","floor":5.0,"turns":2.0},{"damage":2.0,"enemies":"Gremlin Nob","floor":6.0,"turns":3.0},{"damage":2.0,"enemies":"2 Fungi Beasts","floor":8.0,"turns":3.0},{"damage":6.0,"enemies":"Lagavulin","floor":10.0,"turns":7.0},{"damage":0.0,"enemies":"Exordium Wildlife","floor":11.0,"turns":1.0},{"damage":8.0,"enemies":"Gremlin Nob","floor":12.0,"turns":3.0},{"damage":6.0,"enemies":"Blue Slaver","floor":13.0,"turns":3.0},{"damage":0.0,"enemies":"Lagavulin","floor":14.0,"turns":6.0},{"damage":29.0,"enemies":"Hexaghost","floor":16.0,"turns":10.0},{"damage":6.0,"enemies":"3 Byrds","floor":18.0,"turns":2.0},{"damage":0.0,"enemies":"Chosen","floor":19.0,"turns":3.0},{"damage":16,"enemies":"Centurion and Healer","floor":20,"turns":4},{"damage":7,"enemies":"Chosen and Byrds","floor":21,"turns":3},{"damage":49,"enemies":"Book of Stabbing","floor":23,"turns":3}],"seed_played":"-1513038405694389182","potions_obtained":[{"floor":1.0,"key":"Explosive Potion"},{"floor":2.0,"key":"LiquidMemories"},{"floor":6.0,"key":"Regen Potion"},{"floor":12.0,"key":"LiquidMemories"},{"floor":14.0,"key":"BlessingOfTheForge"},{"floor":18.0,"key":"Regen Potion"},{"floor":21,"key":"AttackPotion"}],"is_trial":false,"path_per_floor":["M","M","?","M","M","E","R","M","T","E","M","E","M","E","R","B",null,"M","M","M","M","$","E"],"character_chosen":"DEFECT","items_purchased":["Ice Cream"],"campfire_rested":0,"item_purchase_floors":[22],"current_hp_per_floor":[60,60,60,56,56,54,54,52,52,46,46,38,32,32,32,3,54,48,48,37,30,30,0,0],"gold":35,"neow_bonus":"RANDOM_COLORLESS_2","is_daily":false,"chose_seed":false,"campfire_upgraded":2,"win_rate":0.0,"timestamp":1614409421,"path_taken":["M","M","?","M","M","E","R","M","T","E","M","E","?","E","R","BOSS","M","M","M","M","$","E"],"items_purchased_type":["Relic"],"build_version":"2020-12-22","purchased_purges":0,"victory":false,"max_hp_per_floor":[71,71,71,71,71,71,71,71,71,71,71,71,71,71,71,71,71,71,71,71,71,71,71,71],"card_choices":[{"not_picked":["Violence","AT_FamilyPortrait"],"picked":"AT_EmpoweredMortalDraw","floor":0.0},{"not_picked":["Chaos","Steam","Hologram"],"picked":"SKIP","floor":1.0},{"not_picked":["AT_HeatAcrobatics","Compile Driver"],"picked":"Coolheaded","floor":2.0},{"not_picked":["Leap","FTL","Hologram"],"picked":"SKIP","floor":4.0},{"not_picked":["Reinforced Body","AT_EMC2"],"picked":"Cold Snap","floor":5.0},{"not_picked":["AT_EMC2","Cold Snap"],"picked":"Consume","floor":6.0},{"not_picked":["Coolheaded","Conserve Battery","Streamline"],"picked":"SKIP","floor":8.0},{"not_picked":["Conserve Battery","Steam","Go for the Eyes"],"picked":"SKIP","floor":10.0},{"not_picked":["Genetic Algorithm","Steam Power"],"picked":"Core Surge","floor":11.0},{"not_picked":["Compile Driver","Auto Shields","Darkness"],"picked":"SKIP","floor":12.0},{"not_picked":["AT_ThreeBodyProblem","Tempest"],"picked":"White Noise","floor":13.0},{"not_picked":["FTL","AT_WarpDrive"],"picked":"Turbo","floor":14.0},{"not_picked":["Machine Learning","All For One"],"picked":"Seek","floor":16.0},{"not_picked":["Conserve Battery","Gash"],"picked":"Ball Lightning","floor":18.0},{"not_picked":["Rebound","AT_WarpDrive"],"picked":"Seek","floor":19.0},{"not_picked":["Steam Power","Steam","Beam Cell"],"picked":"SKIP","floor":20},{"not_picked":["Sweeping Beam","Redo"],"picked":"Skim","floor":21}],"player_experience":405742,"relics_obtained":[{"floor":6.0,"key":"AT_SpeedBoots"},{"floor":9.0,"key":"AT_GuinsooRageblade"},{"floor":10.0,"key":"Du-Vu Doll"},{"floor":12.0,"key":"Sundial"}],"event_choices":[{"damage_healed":0.0,"max_hp_gain":0.0,"max_hp_loss":0.0,"gold_gain":0.0,"event_name":"Accursed Blacksmith","player_choice":"Forge","floor":3.0,"gold_loss":0.0,"damage_taken":0.0,"cards_upgraded":["AT_EmpoweredMortalDraw"]}],"is_beta":false,"boss_relics":[{"not_picked":["Black Star","Calling Bell"],"picked":"Coffee Dripper"}],"items_purged_floors":[],"is_endless":false,"potions_floor_spawned":[1,2,6,12,14,18,19,21],"killed_by":"Book of Stabbing","ascension_level":20}}