{"host":"iao9zlhzdan4iyha","time":1614445333,"event":{"mods":["BaseMod","Bestiary","BetterRewards","Curses Come First","Downfall","Hermit","Ironclad Rager","Minty Spire (QoL Compilation)","Quick Restart","Reliquary","Replay The Spire","Shop Mod","StSLib","The Bug Knight","The Runesmith"],"gold_per_floor":[12,12,12,28,28,28,60,116,116,116,116,147,25,36,36,141,141,157,157,173,90,90,119,119,149,149,149,182,193,207,115,115,213,213,225,235,1,1,14,14,14,14],"floor_reached":41,"language":"ENG","playtime":2486,"items_purged":[],"score":531,"play_id":"a2bea735-ea83-444d-a6fa-7a4168cc7507","local_time":"20210227170213","is_ascension_mode":true,"campfire_choices":[{"data":"Armaments","floor":6,"key":"SMITH"},{"floor":10,"key":"REST"},{"data":"Metallicize","floor":15,"key":"SMITH"},{"floor":24,"key":"REST"},{"floor":27,"key":"REST"},{"floor":32,"key":"REST"},{"floor":40,"key":"REST"}],"circlet_count":0,"master_deck":["Bash","Twin Strike","Twin Strike","Twin Strike","Twin Strike","Twin Strike","Iron Wave","Iron Wave","Iron Wave","Iron Wave","Armaments+1","Spot Weakness","Inflame","ReplayTheSpireMod:Splinters","Dual Wield","Rage","Metallicize+1","Fire Breathing","Fire Breathing","Power Through","Rampage","Feed","ReplayTheSpireMod:Muscle Training","Clash","ReplayTheSpireMod:Muscle Training+1","Metallicize","Cleave","Dropkick","Thunderclap+1","Anger","Bandage Up","Demonic Infusion","Armaments+1","Demon Form","Swift Strike","Inflame+1"],"relics":["Burning Blood","Ice Cream","Replay:Bottled Steam","Pantograph","Ginger","FossilizedHelix","Nloth\u0027s Gift","Champion Belt","reliquary:GummyVitamins","Snack Pack","ReplayTheSpireMod:Spearhead","reliquary:BigHammer","reliquary:FingerTrap"],"acts_visited":["Exordium","TheCity","TheBeyond"],"potions_floor_usage":[18,21,21,21,21,23,33,33,33,39],"damage_taken":[{"damage":6,"enemies":"Jaw Worm","floor":1,"turns":3},{"damage":0,"enemies":"Small Slimes","floor":4,"turns":2},{"damage":22,"enemies":"Replay:BlueRogue","floor":7,"turns":4},{"damage":0,"enemies":"HollowMod:MossKnight","floor":12,"turns":6},{"damage":0,"enemies":"2 Louse","floor":14,"turns":4},{"damage":18,"enemies":"The Guardian","floor":16,"turns":7},{"damage":0,"enemies":"Shell Parasite","floor":18,"turns":5},{"damage":12,"enemies":"Chosen","floor":20,"turns":5},{"damage":21,"enemies":"3 Cultists","floor":21,"turns":5},{"damage":17,"enemies":"Replay:Snechameleon","floor":23,"turns":6},{"damage":39,"enemies":"Slavers","floor":25,"turns":6},{"damage":29,"enemies":"Book of Stabbing","floor":28,"turns":6},{"damage":1,"enemies":"Chosen and Byrds","floor":29,"turns":4},{"damage":21,"enemies":"Snake Plant","floor":30,"turns":4},{"damage":49,"enemies":"Collector","floor":33,"turns":8},{"damage":30,"enemies":"Orb Walker","floor":35,"turns":5},{"damage":43,"enemies":"3 Darklings","floor":36,"turns":6},{"damage":25,"enemies":"Transient","floor":39,"turns":5},{"damage":81,"enemies":"Reptomancer","floor":41,"turns":4}],"seed_played":"-5750846049209727259","potions_obtained":[{"floor":7,"key":"AttackPotion"},{"floor":12,"key":"Fire Potion"},{"floor":14,"key":"EntropicBrew"},{"floor":23,"key":"SpeedPotion"},{"floor":25,"key":"CultistPotion"},{"floor":29,"key":"Energy Potion"},{"floor":33,"key":"ElixirPotion"},{"floor":36,"key":"Adrenaline Potion"}],"is_trial":false,"path_per_floor":["M","?","$","M","?","R","E","?","T","R","T","E","$","M","R","B",null,"M","?","M","M","?","E","R","E","T","R","E","M","M","$","R","B",null,"M","M","$","?","M","R","E"],"character_chosen":"IRONCLAD","items_purchased":["Fire Breathing","Power Through","Bandage Up","reliquary:FingerTrap","Swift Strike"],"campfire_rested":5,"item_purchase_floors":[13,13,31,37,37],"current_hp_per_floor":[51,51,51,57,62,62,46,46,46,69,69,75,75,77,77,65,77,77,77,71,56,56,45,68,38,38,62,43,50,35,35,59,45,80,58,27,27,70,51,70,0,0],"gold":14,"neow_bonus":"IRONCLAD_BERSERKER","is_daily":false,"chose_seed":false,"campfire_upgraded":2,"win_rate":0.0,"timestamp":1614445333,"path_taken":["M","?","$","M","?","R","E","?","T","R","?","E","$","M","R","BOSS","M","?","?","M","?","E","R","E","T","R","E","M","?","$","R","BOSS","M","?","$","?","M","R","E"],"items_purchased_type":["Card","Card","Card","Relic","Card"],"build_version":"2020-12-22","purchased_purges":0,"victory":false,"max_hp_per_floor":[72,72,72,72,77,77,77,77,77,77,77,77,77,77,77,77,77,77,77,77,77,77,77,77,80,80,80,80,80,80,80,80,80,80,80,80,80,70,70,70,70,70],"card_choices":[{"not_picked":["Pommel Strike","Perfected Strike"],"picked":"Armaments","floor":1},{"not_picked":["Pommel Strike","Clothesline"],"picked":"Spot Weakness","floor":4},{"not_picked":["Hemokinesis","Heavy Blade"],"picked":"Inflame","floor":7},{"not_picked":["Anger","Twin Strike"],"picked":"Dual Wield","floor":8},{"not_picked":["Armaments","Fiend Fire"],"picked":"Rage","floor":8},{"not_picked":["Perfected Strike","Havoc"],"picked":"Metallicize","floor":12},{"not_picked":["ReplayReversal","Massacre"],"picked":"Rampage","floor":14},{"not_picked":["Juggernaut","Replay:Many Hands"],"picked":"Feed","floor":16},{"not_picked":["ReplayReversal","Havoc"],"picked":"ReplayTheSpireMod:Muscle Training","floor":18},{"not_picked":["Bloodletting+1","Clothesline"],"picked":"Clash","floor":20},{"not_picked":["Body Slam","Sever Soul"],"picked":"ReplayTheSpireMod:Muscle Training","floor":21},{"not_picked":["Warcry","Whirlwind+1"],"picked":"Metallicize","floor":23},{"not_picked":["Infernal Blade","Massacre"],"picked":"Cleave","floor":25},{"not_picked":["Impervious","Battle Trance+1"],"picked":"Dropkick","floor":28},{"not_picked":["Clash","Corruption"],"picked":"Thunderclap+1","floor":29},{"not_picked":["Impervious","Run Through"],"picked":"Anger","floor":30},{"not_picked":["Feed","Impervious"],"picked":"Demonic Infusion","floor":33},{"not_picked":["ReplayTheSpireMod:Strike From Hell+1","Flex+1"],"picked":"Armaments+1","floor":35},{"not_picked":["Intimidate","Massacre+1"],"picked":"Demon Form","floor":36},{"not_picked":["Flex+1","Thunderclap"],"picked":"Inflame+1","floor":39}],"player_experience":113737,"relics_obtained":[{"floor":7,"key":"Ice Cream"},{"floor":8,"key":"Replay:Bottled Steam"},{"floor":9,"key":"Pantograph"},{"floor":11,"key":"Ginger"},{"floor":12,"key":"FossilizedHelix"},{"floor":23,"key":"Champion Belt"},{"floor":25,"key":"reliquary:GummyVitamins"},{"floor":26,"key":"Snack Pack"},{"floor":28,"key":"ReplayTheSpireMod:Spearhead"}],"event_choices":[{"damage_healed":0,"gold_gain":0,"player_choice":"Ignored","damage_taken":0,"max_hp_gain":0,"max_hp_loss":0,"event_name":"Golden Wing","floor":2,"gold_loss":0},{"damage_healed":0,"gold_gain":0,"player_choice":"Donut","damage_taken":0,"max_hp_gain":5,"max_hp_loss":0,"event_name":"Big Fish","floor":5,"gold_loss":0},{"damage_healed":0,"gold_gain":0,"player_choice":"Traded Relic","damage_taken":0,"relics_obtained":["Nloth\u0027s Gift"],"max_hp_gain":0,"max_hp_loss":0,"event_name":"N\u0027loth","floor":19,"relics_lost":["reliquary:RedCape"],"gold_loss":0},{"damage_healed":0,"gold_gain":0,"player_choice":"Upgraded","damage_taken":0,"max_hp_gain":0,"max_hp_loss":0,"event_name":"Upgrade Shrine","floor":22,"gold_loss":0,"cards_upgraded":["ReplayTheSpireMod:Muscle Training"]},{"damage_healed":70,"gold_gain":0,"player_choice":"Heal","damage_taken":0,"max_hp_gain":0,"max_hp_loss":10,"event_name":"The Moai Head","floor":38,"gold_loss":0}],"is_beta":false,"boss_relics":[{"not_picked":["Fusion Hammer","Replay:Grab Bag"],"picked":"reliquary:RedCape"},{"not_picked":["Busted Crown","Cursed Key"],"picked":"reliquary:BigHammer"}],"items_purged_floors":[],"is_endless":false,"potions_floor_spawned":[7,12,14,23,25,29,33,36],"killed_by":"Reptomancer","ascension_level":1}}