{"host":"onfdonezo2qmaex3","time":1614429979,"event":{"mods":["2.2 Compatiblity","AchievementEnabler","Act Like it!","Aspiration","BaseMod","Colored Powertips","Downfall","Friendly Minions","Gensokyo","Hallownest","Hermit","Highlight Path","Jorbs\u0027s Wanderer Trilogy","Marisa????????","Marked Mod","Minty Spire (QoL Compilation)","Pale of the Ancients","Quick Restart","Reliquary","Ruina","Shop Mod","StSLib","The Bug Knight","The Disciple","The Hayseed","The Hierophant","The Marked","The Runesmith"],"gold_per_floor":[114,114,194,214,233,233,263,281,305,305,38,67,67,67,67,67,67],"floor_reached":16,"language":"ENG","playtime":576,"items_purged":["Defend_R"],"score":112,"play_id":"ecd6f3bc-66f1-4372-accb-1f75ae912341","local_time":"20210227134619","is_ascension_mode":true,"campfire_choices":[{"data":"Metallicize","floor":6,"key":"SMITH"},{"data":"Entrench","floor":10,"key":"SMITH"},{"data":"Metallicize","floor":15,"key":"SMITH"}],"circlet_count":0,"master_deck":["Strike_R","Strike_R","Strike_R","Strike_R","Strike_R","Defend_R","Defend_R","Defend_R","Fire Breathing","Entrench+1","Ghostly Armor","Metallicize+1"],"relics":["Burning Blood","Happy Flower","Eternal Feather","Membership Card","hexamod:BolsterEngine","sneckomod:BlankCard","Gensokyo:OccultBall"],"acts_visited":["Gensokyo:Gensokyo"],"potions_floor_usage":[7,7,7],"damage_taken":[{"damage":1,"enemies":"Gensokyo:3_Fairies","floor":1,"turns":5},{"damage":1,"enemies":"Gensokyo:2_Kodama","floor":4,"turns":4},{"damage":0,"enemies":"Gensokyo:Python","floor":5,"turns":4},{"damage":48,"enemies":"Gensokyo:Aya","floor":7,"turns":13},{"damage":19,"enemies":"Gensokyo:LivingMonolith","floor":8,"turns":6},{"damage":9,"enemies":"Gensokyo:Cirno","floor":12,"turns":8},{"damage":0,"enemies":"Gensokyo:Reimu","floor":16,"turns":4}],"seed_played":"4004794712355406331","potions_obtained":[{"floor":1,"key":"EssenceOfSteel"},{"floor":4,"key":"Weak Potion"},{"floor":5,"key":"DuplicationPotion"}],"is_trial":false,"path_per_floor":["M","?","?","M","M","R","E","M","T","R","$","E","?","?","R","B"],"character_chosen":"IRONCLAD","items_purchased":["Membership Card","hexamod:BolsterEngine"],"campfire_rested":0,"item_purchase_floors":[11,11],"current_hp_per_floor":[88,88,88,88,88,88,46,33,33,39,39,36,36,36,42,42,42],"gold":67,"neow_bonus":"TEN_PERCENT_HP_BONUS","is_daily":false,"chose_seed":false,"campfire_upgraded":3,"win_rate":0.0,"timestamp":1614429979,"path_taken":["M","?","?","M","M","R","E","M","T","R","$","E","?","?","R","BOSS"],"items_purchased_type":["Relic","Relic"],"build_version":"2020-12-22","purchased_purges":1,"victory":false,"max_hp_per_floor":[88,88,88,88,88,88,88,88,88,88,88,88,88,88,88,88,88],"card_choices":[{"not_picked":["Cleave","Burning Pact"],"picked":"Metallicize","floor":1},{"not_picked":["Dropkick","Twin Strike"],"picked":"Fire Breathing","floor":4},{"not_picked":["Burning Pact","Perfected Strike","Anger"],"picked":"SKIP","floor":5},{"not_picked":["Anger","Havoc"],"picked":"Entrench","floor":7},{"not_picked":["Disarm","Thunderclap"],"picked":"Ghostly Armor","floor":8},{"not_picked":["Spot Weakness","Wild Strike"],"picked":"Metallicize","floor":12}],"player_experience":257952,"relics_obtained":[{"floor":7,"key":"Eternal Feather"},{"floor":12,"key":"sneckomod:BlankCard"}],"event_choices":[],"is_beta":false,"boss_relics":[],"items_purged_floors":[11],"is_endless":false,"potions_floor_spawned":[1,4,5],"killed_by":"Gensokyo:Reimu","ascension_level":1}}