{"host":"nuu0xlk1bpqu5s2n","time":1614442295,"event":{"mods":["AchievementEnabler","BaseMod","Minty Spire (QoL Compilation)","StSLib"],"gold_per_floor":[110,110,127,140,65,65,92,92,92,122,133,152,178,198,198,272,272,291,291,123,142,142,161,177,177,177,227,253,253,253,253],"floor_reached":30,"language":"ENG","playtime":1371,"items_purged":[],"score":648,"play_id":"3268c4f1-4aab-46c8-a481-4130016ad16e","local_time":"20210227181135","is_ascension_mode":true,"campfire_choices":[{"data":"Eruption","floor":6,"key":"SMITH"},{"data":"SashWhip","floor":8,"key":"SMITH"},{"data":"CrushJoints","floor":15,"key":"SMITH"},{"floor":25,"key":"REST"},{"floor":29,"key":"REST"}],"circlet_count":0,"master_deck":["AscendersBane","Strike_P","Strike_P","Strike_P","Strike_P+1","Defend_P","Defend_P","Eruption+1","Vigilance","CutThroughFate","MentalFortress","JustLucky","SashWhip+1","FollowUp","ReachHeaven","Weave","ThirdEye","LessonLearned","CrushJoints+1","Omniscience","FollowUp","RitualDagger","FlurryOfBlows","EmptyBody","FlurryOfBlows","FearNoEvil","Tantrum+1"],"relics":["Sozu","Kunai","Question Card","Shuriken","Black Star","Lee\u0027s Waffle","Blue Candle","Orichalcum","Oddly Smooth Stone"],"acts_visited":["Exordium","TheCity"],"potions_floor_usage":[],"damage_taken":[{"damage":0,"enemies":"2 Louse","floor":1,"turns":2},{"damage":2,"enemies":"Jaw Worm","floor":3,"turns":3},{"damage":3,"enemies":"Cultist","floor":4,"turns":4},{"damage":1,"enemies":"Lagavulin","floor":7,"turns":6},{"damage":0,"enemies":"Gremlin Nob","floor":10,"turns":3},{"damage":8,"enemies":"Looter","floor":11,"turns":3},{"damage":0,"enemies":"Large Slime","floor":12,"turns":3},{"damage":0,"enemies":"Lagavulin","floor":13,"turns":4},{"damage":1,"enemies":"Blue Slaver","floor":14,"turns":2},{"damage":0,"enemies":"Slime Boss","floor":16,"turns":3},{"damage":19,"enemies":"3 Byrds","floor":18,"turns":5},{"damage":6,"enemies":"Chosen","floor":21,"turns":4},{"damage":34,"enemies":"Snake Plant","floor":23,"turns":3},{"damage":11,"enemies":"Snecko","floor":24,"turns":4},{"damage":25,"enemies":"Gremlin Leader","floor":28,"turns":4},{"damage":29,"enemies":"Slavers","floor":30,"turns":2}],"seed_played":"3117253627302471447","potions_obtained":[],"is_trial":false,"path_per_floor":["M","?","M","M","?","R","E","R","T","E","M","M","E","M","R","B",null,"M","?","$","M","?","M","M","R","T","?","E","R","E"],"character_chosen":"WATCHER","items_purchased":["Lee\u0027s Waffle","FlurryOfBlows"],"campfire_rested":2,"item_purchase_floors":[20,20],"current_hp_per_floor":[61,61,59,56,56,56,55,55,55,55,47,47,47,46,46,46,63,44,38,75,69,48,14,3,27,27,27,2,26,0,0],"gold":253,"neow_bonus":"BOSS_RELIC","is_daily":false,"chose_seed":false,"campfire_upgraded":3,"win_rate":0.0,"timestamp":1614442295,"path_taken":["M","?","M","M","?","R","E","R","T","E","M","?","E","M","R","BOSS","M","?","$","M","?","M","M","R","T","?","E","R","E"],"items_purchased_type":["Relic","Card"],"build_version":"2020-12-22","purchased_purges":0,"victory":false,"max_hp_per_floor":[68,68,68,68,68,68,68,68,68,68,68,68,68,68,68,68,68,68,68,75,75,80,80,80,80,80,80,80,80,80,80],"card_choices":[{"not_picked":["CrushJoints","BowlingBash"],"picked":"CutThroughFate","floor":1},{"not_picked":["FlyingSleeves","Adaptation"],"picked":"JustLucky","floor":3},{"not_picked":["FlyingSleeves","ForeignInfluence"],"picked":"SashWhip","floor":4},{"not_picked":["Fasting2","Halt"],"picked":"FollowUp","floor":7},{"not_picked":["SashWhip","Fasting2"],"picked":"ReachHeaven","floor":10},{"not_picked":["Indignation","Halt","FlyingSleeves"],"picked":"Weave","floor":11},{"not_picked":["Perseverance","ClearTheMind","Devotion"],"picked":"ThirdEye","floor":12},{"not_picked":["Halt","BowlingBash","Establishment"],"picked":"LessonLearned","floor":13},{"not_picked":["Crescendo","Protect","Prostrate"],"picked":"CrushJoints","floor":14},{"not_picked":["Wish","Blasphemy","DeusExMachina"],"picked":"Omniscience","floor":16},{"not_picked":["CutThroughFate","ReachHeaven","WheelKick"],"picked":"FollowUp","floor":18},{"not_picked":["InnerPeace","BattleHymn","Halt"],"picked":"EmptyBody","floor":21},{"not_picked":["Crescendo","BowlingBash","WaveOfTheHand"],"picked":"FlurryOfBlows","floor":23},{"not_picked":["ClearTheMind","SandsOfTime","EmptyBody"],"picked":"FearNoEvil","floor":24},{"not_picked":["Evaluate","CrushJoints","Vengeance"],"picked":"Tantrum+1","floor":28}],"player_experience":587466,"relics_obtained":[{"floor":7,"key":"Kunai"},{"floor":10,"key":"Question Card"},{"floor":13,"key":"Shuriken"},{"floor":26,"key":"Blue Candle"},{"floor":28,"key":"Orichalcum"},{"floor":28,"key":"Oddly Smooth Stone"}],"event_choices":[{"damage_healed":0,"gold_gain":0,"cards_transformed":["Defend_P"],"player_choice":"Change","damage_taken":0,"max_hp_gain":0,"max_hp_loss":0,"event_name":"Living Wall","floor":2,"gold_loss":0,"cards_obtained":["MentalFortress"]},{"cards_removed":["Defend_P"],"damage_healed":0,"gold_gain":0,"player_choice":"Card Removal","damage_taken":0,"max_hp_gain":0,"max_hp_loss":0,"event_name":"The Cleric","floor":5,"gold_loss":75},{"damage_healed":0,"gold_gain":0,"player_choice":"Joined the Cult","damage_taken":6,"max_hp_gain":0,"max_hp_loss":0,"event_name":"Nest","floor":19,"gold_loss":0,"cards_obtained":["RitualDagger"]},{"damage_healed":0,"gold_gain":0,"player_choice":"Shed Blood","damage_taken":26,"max_hp_gain":5,"max_hp_loss":0,"event_name":"Forgotten Altar","floor":22,"gold_loss":0},{"damage_healed":0,"gold_gain":50,"player_choice":"Pray","damage_taken":0,"max_hp_gain":0,"max_hp_loss":0,"event_name":"Golden Shrine","floor":27,"gold_loss":0}],"is_beta":false,"boss_relics":[{"not_picked":["Pandora\u0027s Box","Velvet Choker"],"picked":"Black Star"}],"items_purged_floors":[],"is_endless":false,"potions_floor_spawned":[7,11,13,16,23,24,28],"killed_by":"Slavers","ascension_level":15}}