{"host":"gk9qdtkqd8dwfeg2","time":1614407764,"event":{"mods":["ATMod(∞¢Ë™Mod)","Act Like it!","BaseMod","Colored Powertips","Downfall","Gensokyo","Minty Spire (QoL Compilation)","Quick Restart","Reimu£®≤©¿ˆ¡È√Œ£©","Remilia£®¿Ÿ√◊¿Ú—«£©","Shop Mod","StSLib","TestMod","The Servant 0.9.4","Waifu the Spire","Youmu£®ªÍ∆«—˝√Œ£©"],"gold_per_floor":[12,12,26,38,66,66,99,99,124,159,159,191,51,62,62,139,139,151,165,265,265,73,106,31,31,103,130,145,370,370,402,402,474,474,487,154,154,168,5,31,31,31,76,76,76,111,111,143,143,143,143,143,143,30,65,65],"floor_reached":57,"language":"ZHS","playtime":2236,"items_purged":["Strike_G","Strike_G","Defend_G"],"score":3041,"play_id":"f9f99eb1-64a8-43f9-9868-309e9d82ef21","local_time":"20210227143604","is_ascension_mode":true,"campfire_choices":[{"data":"AT_MachinaRedman","floor":6.0,"key":"SMITH"},{"data":"Neutralize","floor":8.0,"key":"SMITH"},{"data":"Footwork","floor":11.0,"key":"SMITH"},{"data":"Adrenaline","floor":15.0,"key":"SMITH"},{"data":"Phantasmal Killer","floor":32,"key":"SMITH"},{"data":"Adrenaline","floor":41,"key":"SMITH"},{"data":"Gensokyo:SevenSchoolMysteries","floor":44,"key":"SMITH"},{"floor":49,"key":"RECALL"},{"data":"Cloak And Dagger","floor":53,"key":"SMITH"}],"circlet_count":0,"master_deck":["AscendersBane","Strike_G","Strike_G","Defend_G","Defend_G+1","Defend_G","Defend_G","Survivor+1","Neutralize+1","AT_MachinaRedman+1","Backflip","AT_WindFlip","Footwork+1","AT_FocusSwordFire","Storm of Steel","Adrenaline+1","Night Terror","Cloak And Dagger+1","Accuracy","Phantasmal Killer+1","Gensokyo:SevenSchoolMysteries+1","AT_ArcaneSupremacy","Adrenaline+1","Acrobatics"],"relics":["Ring of the Serpent","testmod-TestBox","AT_ATBox","testmod-SaigiyounoYou","testmod-ConstraintPeriapt","RuthlessExorcism:ReiMu","Centennial Puzzle","testmod-InjuryResistance","Ice Cream","RedLine:ReiMu","testmod-Brilliant","Lizard Tail","MerchantsRug","OrangePellets","testmod-BlackFramedGlasses","Mastiff:ReiMu","Happy Flower","AT_SpeedBoots","AT_ChloranthyRing"],"acts_visited":["Exordium","Gensokyo:Gensokyo","Gensokyo:Gensokyoer","TheEnding"],"potions_floor_usage":[56,56],"damage_taken":[{"damage":0.0,"enemies":"Gensokyo:3_Fairies","floor":1.0,"turns":3.0},{"damage":0.0,"enemies":"Gensokyo:2_Kodama","floor":3.0,"turns":1.0},{"damage":0.0,"enemies":"Gensokyo:Python","floor":4.0,"turns":1.0},{"damage":2.0,"enemies":"Gensokyo:Cirno","floor":5.0,"turns":5.0},{"damage":3.0,"enemies":"Gensokyo:Aya","floor":7.0,"turns":4.0},{"damage":2.0,"enemies":"Gensokyo:Cirno","floor":10.0,"turns":4.0},{"damage":2.0,"enemies":"Gensokyo:Mamizou","floor":12.0,"turns":5.0},{"damage":2.0,"enemies":"Gensokyo:3_Kodama","floor":14.0,"turns":1.0},{"damage":7.0,"enemies":"Gensokyo:Kokoro","floor":16.0,"turns":5.0},{"damage":18.0,"enemies":"Gensokyo:3_Dogs","floor":18.0,"turns":3.0},{"damage":3.0,"enemies":"Gensokyo:Chomper","floor":19.0,"turns":2.0},{"damage":27.0,"enemies":"Gensokyo:Chomper","floor":20.0,"turns":3.0},{"damage":1,"enemies":"Gensokyo:Reisen","floor":23,"turns":4},{"damage":10,"enemies":"Gensokyo:Tenshi","floor":27,"turns":4},{"damage":0,"enemies":"Gensokyo:Slime_Group","floor":28,"turns":1},{"damage":21,"enemies":"Gensokyo:Koishi","floor":29,"turns":3},{"damage":0,"enemies":"Gensokyo:Reisen","floor":31,"turns":3},{"damage":10,"enemies":"Gensokyo:Kaguya","floor":33,"turns":8},{"damage":0,"enemies":"Gensokyo:AncientGuardian","floor":35,"turns":2},{"damage":0,"enemies":"Gensokyo:3_Boulders","floor":38,"turns":1},{"damage":15,"enemies":"Gensokyo:Marisa","floor":40,"turns":2},{"damage":9,"enemies":"Gensokyo:Doremy","floor":46,"turns":3},{"damage":0,"enemies":"Gensokyo:Kasen","floor":48,"turns":2},{"damage":0,"enemies":"Gensokyo:Scarlet_Devils","floor":50,"turns":4},{"damage":0,"enemies":"Gensokyo:Yuyuko","floor":51,"turns":2},{"damage":34,"enemies":"Shield and Spear","floor":55,"turns":4},{"damage":30,"enemies":"The Heart","floor":56,"turns":6}],"seed_played":"193420366440369684","potions_obtained":[{"floor":1.0,"key":"Fire Potion"},{"floor":5.0,"key":"ZuzhouPotion:ReiMu"},{"floor":16.0,"key":"Poison Potion"},{"floor":28,"key":"bronze:BurnAndBuffPotion"},{"floor":29,"key":"PowerPotion"}],"is_trial":false,"path_per_floor":["M","?","M","M","?","R","E","R","T","E","R","E","?","M","R","B",null,"M","M","?","?","COS","E","$","?","T","E","M","E","?","E","R","B",null,"M","$","?","M","$","E","R","?","T","R","?","E","?","E","R","B","B",null,"R","$","E","B",null],"character_chosen":"THE_SILENT","items_purchased":["MerchantsRug","PreservedInsect","Lee\u0027s Waffle","OrangePellets","Happy Flower","AT_SpeedBoots"],"campfire_rested":0,"item_purchase_floors":[36,36,36,39,54,54],"current_hp_per_floor":[66,66,66,66,66,66,66,66,66,64,64,66,66,65,65,66,66,66,64,46,46,46,66,66,66,66,66,66,51,51,59,59,59,59,59,66,66,66,66,59,59,59,59,59,59,64,64,66,66,66,66,66,66,66,45,60],"gold":65,"neow_bonus":"ONE_RARE_RELIC","is_daily":false,"chose_seed":false,"campfire_upgraded":8,"win_rate":0.0,"timestamp":1614407764,"path_taken":["M","?","M","M","?","R","E","R","T","E","R","E","?","M","R","BOSS","M","M","?","?","COS","E","$","?","T","E","?","E","?","E","R","BOSS","M","$","?","?","$","E","R","?","T","R","?","E","?","E","R","BOSS","BOSS","R","$","E","BOSS"],"items_purchased_type":["Relic","Relic","Relic","Relic","Relic","Relic"],"build_version":"2020-12-22","purchased_purges":3,"victory":true,"max_hp_per_floor":[66,66,66,66,66,66,66,66,66,66,66,66,66,66,66,66,66,66,66,66,66,66,66,66,66,66,66,66,66,59,59,59,59,59,59,66,66,66,66,66,66,66,66,66,66,66,66,66,66,66,66,66,66,66,66,66],"card_choices":[{"not_picked":["Accuracy","Prepared"],"picked":"Backflip","floor":1.0},{"not_picked":["Deflect","Cloak And Dagger"],"picked":"AT_WindFlip","floor":3.0},{"not_picked":["Backstab","Choke","Blur"],"picked":"SKIP","floor":4.0},{"not_picked":["Masterful Stab","Dagger Spray"],"picked":"Footwork","floor":5.0},{"not_picked":["AT_WindFlip","Bullet Time"],"picked":"AT_FocusSwordFire","floor":7.0},{"not_picked":["Slice","Poisoned Stab"],"picked":"Storm of Steel","floor":10.0},{"not_picked":["Blade Dance","Concentrate"],"picked":"Adrenaline","floor":12.0},{"not_picked":["Underhanded Strike","Eviscerate","Crippling Poison"],"picked":"SKIP","floor":14.0},{"not_picked":["Doppelganger","Burst"],"picked":"Night Terror","floor":16.0},{"not_picked":["Accuracy","Prepared"],"picked":"Cloak And Dagger","floor":18.0},{"not_picked":["Infinite Blades","Cloak And Dagger","Slice"],"picked":"SKIP","floor":19.0},{"not_picked":["Acrobatics","Dodge and Roll","AT_TwilightShroud"],"picked":"SKIP","floor":23},{"not_picked":["Bouncing Flask","AT_WindFlip+1"],"picked":"Phantasmal Killer","floor":27},{"not_picked":["Deadly Poison","Outmaneuver","Predator"],"picked":"SKIP","floor":28},{"not_picked":["Infinite Blades+1","Poisoned Stab","Underhanded Strike+1"],"picked":"SKIP","floor":29},{"not_picked":["Gensokyo:LochNessMonster","Gensokyo:MenInBlack"],"picked":"Gensokyo:SevenSchoolMysteries","floor":30},{"not_picked":["Leg Sweep","Underhanded Strike"],"picked":"AT_ArcaneSupremacy","floor":31},{"not_picked":["AT_KingSlayer","Doppelganger"],"picked":"Adrenaline","floor":33},{"not_picked":["Dagger Throw","Slice+1","Predator"],"picked":"SKIP","floor":35},{"not_picked":["Dash","Eviscerate+1","Backflip"],"picked":"SKIP","floor":38},{"not_picked":["Blade Dance","Bullet Time"],"picked":"Acrobatics","floor":40},{"not_picked":["Sucker Punch","Eviscerate","Tools of the Trade"],"picked":"SKIP","floor":46},{"not_picked":["Quick Slash","AT_TinkerSharpsword","Bane"],"picked":"SKIP","floor":48},{"not_picked":["AT_KneejerkReflex","Endless Agony","Dodge and Roll"],"picked":"SKIP","floor":55}],"player_experience":925207,"relics_obtained":[{"floor":5.0,"key":"RuthlessExorcism:ReiMu"},{"floor":7.0,"key":"War Paint"},{"floor":9.0,"key":"Centennial Puzzle"},{"floor":10.0,"key":"testmod-InfectionSource"},{"floor":12.0,"key":"testmod-InjuryResistance"},{"floor":20.0,"key":"testmod-Brilliant"},{"floor":20.0,"key":"Lizard Tail"},{"floor":23,"key":"testmod-Maize"},{"floor":27,"key":"Bag of Marbles"},{"floor":29,"key":"Omamori"},{"floor":31,"key":"AT_RabadonDeathcap"},{"floor":40,"key":"testmod-BlackFramedGlasses"},{"floor":43,"key":"Snake Skull"},{"floor":46,"key":"Mastiff:ReiMu"},{"floor":48,"key":"Akabeko"},{"floor":55,"key":"AT_ChloranthyRing"}],"event_choices":[],"is_beta":false,"boss_relics":[{"not_picked":["HoveringKite","testmod-BloodSacrificeSpiritualization"],"picked":"RedLine:ReiMu"},{"not_picked":["testmod-Nine","Tiny House"],"picked":"Ring of the Serpent"}],"items_purged_floors":[24,36,54],"is_endless":false,"potions_floor_spawned":[1,5,10,16,20,28,29,31,35,40,46,55],"ascension_level":20}}