{"host":"rb2nh8tmj630u4aw","time":1614428716,"event":{"mods":["AchievementEnabler","Act Like it!","Arknights","BaseMod","Friendly Minions","Library of Ruina","Library of Ruina Extra","Luminous","Minty Spire (QoL Compilation)","Quick Restart","Replay The Spire","Ryuuou龙王","StSLib","Warlord Emblem","noobMod","【功能Mod】聪明的最终Boss","【遗物Mod】简单游戏"],"gold_per_floor":[113,113,123,123,143,178,178,211,258,258,278,307,323,341,341,442,442,455,455,86,96,96,96],"floor_reached":22,"language":"ZHS","playtime":1208,"items_purged":["LightDefense"],"score":231,"play_id":"87b5e15b-7da8-422c-8310-8d942dab9d5a","local_time":"20210227202516","is_ascension_mode":false,"campfire_choices":[{"data":"ChargeAndCover","floor":7.0,"key":"SMITH"},{"data":"SavageMode","floor":10.0,"key":"SMITH"},{"data":"ViolentFlame","floor":15.0,"key":"SMITH"}],"circlet_count":0,"master_deck":["Dodge","LightAttack","LightDefense","LightDefense","ChargeAndCover+1","FocusedStrikes","Rewind","BladeWhirl","QuickAttack","SnakesPrey","DarkCloud","SavageMode+1","Feast","Commandeering","Parry2","ViolentFlame+1","UnforgettableMelody","SunsetBlade","Eliminate","TrashDisposal"],"relics":["PageOfLibrarian","ice","EasyRelic","Bottled Flame","PageOfSpiderBud","PreservedInsect","Philosopher\u0027s Stone","PageOfThreeBirds"],"acts_visited":["Exordium","TheCity"],"potions_floor_usage":[],"damage_taken":[{"damage":0.0,"enemies":"ats:Genji","floor":1.0,"turns":4.0},{"damage":0.0,"enemies":"Cultist","floor":3.0,"turns":2.0},{"damage":0.0,"enemies":"Small Slimes","floor":5.0,"turns":3.0},{"damage":26.0,"enemies":"Gremlin Nob","floor":6.0,"turns":6.0},{"damage":14.0,"enemies":"Lagavulin","floor":8.0,"turns":6.0},{"damage":8.0,"enemies":"Blue Slaver","floor":11.0,"turns":3.0},{"damage":6.0,"enemies":"3 Sentries","floor":12.0,"turns":6.0},{"damage":0.0,"enemies":"Red Slaver","floor":13.0,"turns":2.0},{"damage":0.0,"enemies":"3 Louse","floor":14.0,"turns":2.0},{"damage":28.0,"enemies":"The Guardian","floor":16.0,"turns":12.0},{"damage":0.0,"enemies":"Chosen","floor":18.0,"turns":6.0},{"damage":10,"enemies":"Spheric Guardian","floor":21,"turns":4},{"damage":0,"enemies":"Cultist and Chosen","floor":22,"turns":1}],"seed_played":"-6543871406255403015","potions_obtained":[{"floor":1.0,"key":"Languid Potion"},{"floor":5.0,"key":"EssenceOfSteel"},{"floor":13.0,"key":"SpeedPotion"},{"floor":18.0,"key":"ColorlessPotion"}],"is_trial":false,"path_per_floor":["M","?","M","?","M","E","R","E","T","R","M","E","M","M","R","B",null,"M","?","$","M","M"],"character_chosen":"Librarian","items_purchased":["PageOfThreeBirds"],"campfire_rested":0,"item_purchase_floors":[20],"current_hp_per_floor":[54,59,59,59,59,33,33,19,19,19,11,61,65,65,65,37,92,92,92,92,86,86,86],"gold":96,"neow_bonus":"TRANSFORM_TWO_CARDS","is_daily":false,"chose_seed":false,"campfire_upgraded":3,"win_rate":0.0,"timestamp":1614428716,"path_taken":["M","?","M","?","M","E","R","E","T","R","M","E","M","M","R","BOSS","M","?","$","?","?"],"items_purchased_type":["Relic"],"build_version":"2020-12-22","purchased_purges":1,"victory":false,"max_hp_per_floor":[80,85,61,61,67,69,69,80,80,80,61,89,78,74,74,92,92,105,105,105,89,89,89],"card_choices":[{"not_picked":["AsThePrescriptOrders","GuidanceOfTheGears","TrimTheIngredients","YoureTooSlow","DeepDrag","Reload","MindWhip","UpbeatPerformance"],"picked":"QuickAttack","floor":1.0},{"not_picked":["InkOver","BurningFlash","Gigigig","AsThePrescriptOrders","GuardingStance","SmokingPipe","LoosenUp","FeelinGood"],"picked":"SnakesPrey","floor":3.0},{"not_picked":["BlindFaith","TheWillOfTheCity","DefenseOrder","CookingPrep","EnergyStrike","FaintMemories","TrimTheIngredients","FlashingStrike"],"picked":"DarkCloud","floor":5.0},{"not_picked":["TheWillOfTheCity","Gigigig","DirtyBlow","FleetEdge","StrikeDown","SnakesPrey","Multislash","Leap_lor","Transpierce"],"picked":"SKIP","floor":6.0},{"not_picked":["UnavoidableGaze","SunsetBlade","AsThePrescriptOrders","Outburst","Thirst","Eject","ReadyUp","GuidanceOfTheGears"],"picked":"SavageMode","floor":8.0},{"not_picked":["BiXi","QuickSuppression","TheWillOfTheCity","Leap_lor","SuppressingShot","BiAn","SharpSwipe","WillOfThePrescript"],"picked":"Feast","floor":11.0},{"not_picked":["RipSpace","Gigigig","ButterflySlash","GuardingStance","Multislash","BiAn","BindingChains","Quickness"],"picked":"Commandeering","floor":12.0},{"not_picked":["Multislash","GuidanceOfTheGears","HandleRequest","BindingChains","SpearedSweep","ClassAndRespect","GrazeTheGrass","InnerArdor"],"picked":"Parry2","floor":13.0},{"not_picked":["SmokingPipe","Quickness","CumulusWall","StructuralAnalysis","Standoff","FleetEdge","PinpointShot","SturdyDefense"],"picked":"ViolentFlame","floor":14.0},{"not_picked":["SenseQuarry","Eradication"],"picked":"UnforgettableMelody","floor":16.0},{"not_picked":["EnergyStrike","ShockRound","UnavoidableGaze","Preparation+1","DesperateStruggle","DistortedBlade","DefenseOrder+1","FlyingSword"],"picked":"SunsetBlade","floor":18.0},{"not_picked":["FeatherShield+1","SweepTheBackstreets","Parry2+1","WillOfThePrescript","EndlessBattle+1","StrikeDown+1","VenomousFangs","VioletBlade"],"picked":"TrashDisposal","floor":21}],"player_experience":53203,"relics_obtained":[{"floor":6.0,"key":"Bottled Flame"},{"floor":8.0,"key":"PageOfSpiderBud"},{"floor":12.0,"key":"PreservedInsect"}],"event_choices":[{"damage_healed":0.0,"max_hp_gain":5.0,"max_hp_loss":0.0,"gold_gain":0.0,"event_name":"Big Fish","player_choice":"Donut","floor":2.0,"gold_loss":0.0,"damage_taken":0.0},{"cards_removed":["LightAttack"],"damage_healed":0.0,"max_hp_gain":0.0,"max_hp_loss":0.0,"gold_gain":0.0,"event_name":"Living Wall","player_choice":"Forget","floor":4.0,"gold_loss":0.0,"damage_taken":0.0},{"damage_healed":0.0,"max_hp_gain":0.0,"max_hp_loss":0.0,"gold_gain":0.0,"event_name":"Match and Keep!","player_choice":"1 cards matched","floor":19.0,"gold_loss":0.0,"damage_taken":0.0,"cards_obtained":["Eliminate"]}],"is_beta":false,"boss_relics":[{"not_picked":["SacredBark","Astrolabe"],"picked":"Philosopher\u0027s Stone"}],"items_purged_floors":[20],"is_endless":false,"potions_floor_spawned":[1,5,13,18],"killed_by":"Cultist and Chosen","ascension_level":0}}