{"host":"ffjrj7fisyni1ebk","time":1614414554,"event":{"mods":["2.2 Compatiblity","BaseMod","Bestiary","Colored Map","Colored Powertips","Curses Come First","Highlight Path","Keyboard Shortcuts","Minty Spire (QoL Compilation)","Relic Stats","Slay the Relics Exporter","StSLib","SuperFastMode"],"gold_per_floor":[118,130,130,130,155,155,180,214,214,250,350,350,390,25,25,151,151,171,189,213,213,213,213],"floor_reached":22,"language":"ENG","playtime":1198,"items_purged":["Strike_R"],"score":214,"play_id":"d952dccd-207f-40c8-b196-1d39efe22167","local_time":"20210227102914","is_ascension_mode":true,"campfire_choices":[{"floor":6,"key":"REST"},{"floor":12,"key":"REST"},{"floor":15,"key":"REST"}],"circlet_count":0,"master_deck":["Strike_R+1","Strike_R+1","Strike_R","Strike_R","Defend_R+1","Defend_R","Defend_R+1","Defend_R","Bash","Rupture","Warcry","Blood for Blood","Spot Weakness","Inflame","True Grit","Disarm","Limit Break","Offering","Evolve","Battle Trance"],"relics":["Runic Cube","The Courier","Golden Idol","Whetstone","Question Card","War Paint","StoneCalendar","Du-Vu Doll","Black Star"],"acts_visited":["Exordium","TheCity"],"potions_floor_usage":[10,10,16,18,19],"damage_taken":[{"damage":1,"enemies":"Cultist","floor":1,"turns":3},{"damage":2,"enemies":"2 Louse","floor":2,"turns":3},{"damage":11,"enemies":"Jaw Worm","floor":5,"turns":3},{"damage":13,"enemies":"Blue Slaver","floor":7,"turns":5},{"damage":30,"enemies":"Gremlin Nob","floor":8,"turns":5},{"damage":26,"enemies":"Lagavulin","floor":10,"turns":6},{"damage":15,"enemies":"3 Sentries","floor":13,"turns":7},{"damage":30,"enemies":"The Guardian","floor":16,"turns":9},{"damage":19,"enemies":"3 Byrds","floor":18,"turns":6},{"damage":10,"enemies":"Spheric Guardian","floor":19,"turns":3},{"damage":25,"enemies":"Centurion and Healer","floor":20,"turns":7},{"damage":20,"enemies":"Sentry and Sphere","floor":22,"turns":3}],"seed_played":"4698589767784487241","potions_obtained":[{"floor":1,"key":"LiquidBronze"},{"floor":7,"key":"SpeedPotion"},{"floor":13,"key":"ColorlessPotion"},{"floor":16,"key":"CultistPotion"},{"floor":18,"key":"AttackPotion"},{"floor":20,"key":"SpeedPotion"}],"is_trial":false,"path_per_floor":["M","M","?","?","M","R","M","E","T","E","?","R","E","$","R","B",null,"M","M","M","?","M"],"character_chosen":"IRONCLAD","items_purchased":["Du-Vu Doll","Limit Break"],"campfire_rested":3,"item_purchase_floors":[14,14],"current_hp_per_floor":[79,77,70,70,59,74,61,31,31,5,5,27,12,12,34,4,74,55,45,20,20,0,0],"gold":213,"neow_bonus":"BOSS_RELIC","is_daily":false,"chose_seed":false,"campfire_upgraded":0,"win_rate":0.0,"timestamp":1614414554,"path_taken":["M","M","?","?","M","R","M","E","T","E","?","R","E","$","R","BOSS","M","?","M","?","M"],"items_purchased_type":["Relic","Card"],"build_version":"2020-12-22","purchased_purges":1,"victory":false,"max_hp_per_floor":[80,80,80,74,74,74,74,74,74,74,74,74,74,74,74,74,74,74,74,74,74,74,74],"relic_stats":{"counters":[12,60],"Golden Idol":70,"StoneCalendar":[44],"Black Star":0,"Whetstone":["Strike_R","Strike_R"],"War Paint":["Defend_R","Defend_R"],"Question Card":6,"obtain_stats":[{"Du-Vu Doll":14,"Golden Idol":4,"StoneCalendar":13,"The Courier":3,"Black Star":17,"Whetstone":8,"War Paint":10,"Question Card":9,"Burning Blood":0,"Runic Cube":0},{"Du-Vu Doll":7,"Golden Idol":2,"StoneCalendar":7,"The Courier":2,"Black Star":8,"Whetstone":5,"War Paint":6,"Question Card":5,"Burning Blood":0,"Runic Cube":0},{"Du-Vu Doll":32,"Golden Idol":6,"StoneCalendar":32,"The Courier":6,"Black Star":41,"Whetstone":19,"War Paint":25,"Question Card":19,"Burning Blood":0,"Runic Cube":0}],"Runic Cube":[45]},"card_choices":[{"not_picked":["Carnage","Flex"],"picked":"Rupture","floor":1},{"not_picked":["Wild Strike","Iron Wave"],"picked":"Warcry","floor":2},{"not_picked":["Combust","Intimidate"],"picked":"Blood for Blood","floor":5},{"not_picked":["Clash","Cleave"],"picked":"Spot Weakness","floor":7},{"not_picked":["Heavy Blade","Feel No Pain"],"picked":"Inflame","floor":8},{"not_picked":["Second Wind","Thunderclap","Rupture"],"picked":"True Grit","floor":10},{"not_picked":["Uppercut","Anger","Clothesline"],"picked":"Disarm","floor":13},{"not_picked":["Immolate","Corruption","Fiend Fire"],"picked":"Offering","floor":16},{"not_picked":["Cleave","Twin Strike+1","Combust"],"picked":"Evolve","floor":18},{"not_picked":["Second Wind","Whirlwind","Havoc+1"],"picked":"Battle Trance","floor":19},{"not_picked":["Havoc","Perfected Strike+1","Thunderclap+1","Anger"],"picked":"SKIP","floor":20}],"player_experience":348894,"relics_obtained":[{"floor":8,"key":"Whetstone"},{"floor":9,"key":"Question Card"},{"floor":10,"key":"War Paint"},{"floor":13,"key":"StoneCalendar"}],"event_choices":[{"damage_healed":0,"gold_gain":0,"player_choice":"Success","damage_taken":7,"relics_obtained":["The Courier"],"max_hp_gain":0,"max_hp_loss":0,"event_name":"Scrap Ooze","floor":3,"gold_loss":0},{"damage_healed":0,"gold_gain":0,"player_choice":"Lose Max HP","damage_taken":0,"relics_obtained":["Golden Idol"],"max_hp_gain":0,"max_hp_loss":6,"event_name":"Golden Idol","floor":4,"gold_loss":0},{"damage_healed":0,"gold_gain":100,"player_choice":"Gold","damage_taken":0,"max_hp_gain":0,"max_hp_loss":0,"event_name":"Wheel of Change","floor":11,"gold_loss":0},{"damage_healed":0,"gold_gain":0,"player_choice":"Ignored","damage_taken":0,"max_hp_gain":0,"max_hp_loss":0,"event_name":"Vampires","floor":21,"gold_loss":0}],"is_beta":false,"boss_relics":[{"not_picked":["Velvet Choker","Cursed Key"],"picked":"Black Star"}],"items_purged_floors":[14],"is_endless":false,"potions_floor_spawned":[1,7,13,16,18,20],"killed_by":"Sentry and Sphere","ascension_level":1}}