{"host":"i2ieyndca3ivj85d","time":1614434900,"event":{"mods":["BaseMod","Library of Ruina","Library of Ruina Extra","Minty Spire (QoL Compilation)","Quick Restart","StSLib"],"gold_per_floor":[116,131,131,145,161,161,193,193,193,227,302,317,348,361,361,459,459,473,486,411,422,436,461,461,491,543,543,238,238,251,277,277,378,378,397,415,415,464,476,507,521,143,169,202,102,135,169,196,196,196,196],"floor_reached":52,"language":"ZHS","playtime":2011,"items_purged":["PreemptiveStrike+1","Doubt"],"score":1672,"play_id":"7c15c957-fff4-442b-b272-2f06b81b16a3","local_time":"20210227220820","is_ascension_mode":true,"campfire_choices":[{"data":"DegradedShockwave","floor":6,"key":"SMITH"},{"data":"DegradedLock","floor":8,"key":"SMITH"},{"data":"DegradedPillar","floor":15,"key":"SMITH"},{"data":"DegradedPillar","floor":24,"key":"SMITH"},{"data":"OminousPower","floor":27,"key":"SMITH"},{"data":"DegradedChain","floor":32,"key":"SMITH"},{"data":"DegradedChain","floor":49,"key":"SMITH"}],"circlet_count":0,"master_deck":["DegradedFairy","DegradedFairy","DegradedFairy","DegradedChain+1","DegradedChain+1","DegradedLock+1","DegradedPillar+1","DegradedPillar+1","DegradedShockwave+1","OminousPower+1","Necronomicurse","TheWillOfTheCity+1","SenseQuarry","TrashDisposal"],"relics":["PageOfLibrarian","NeowsBlessing","White Beast Statue","PageOfAlriune","Ice Cream","Pocketwatch","Philosopher\u0027s Stone","PageOfOzma","Centennial Puzzle","PageOfFairyFestival","Necronomicon","WingedGreaves","Cursed Key","PageOfFreischutz","PreservedInsect","PageOfMountain","PageOfSingingMachine","Strawberry","PageOfUniverseFragment","Torii","Dream Catcher"],"acts_visited":["Exordium","TheCity","TheBeyond"],"potions_floor_usage":[51,51],"damage_taken":[{"damage":0,"enemies":"Cultist","floor":1,"turns":1},{"damage":0,"enemies":"2 Louse","floor":2,"turns":1},{"damage":0,"enemies":"Small Slimes","floor":4,"turns":1},{"damage":0,"enemies":"Exordium Wildlife","floor":5,"turns":1},{"damage":0,"enemies":"Lagavulin","floor":7,"turns":3},{"damage":0,"enemies":"Gremlin Nob","floor":10,"turns":2},{"damage":0,"enemies":"Blue Slaver","floor":12,"turns":1},{"damage":0,"enemies":"Lagavulin","floor":13,"turns":2},{"damage":0,"enemies":"Large Slime","floor":14,"turns":2},{"damage":0,"enemies":"Hexaghost","floor":16,"turns":4},{"damage":0,"enemies":"Chosen","floor":18,"turns":2},{"damage":0,"enemies":"2 Thieves","floor":19,"turns":1},{"damage":0,"enemies":"Centurion and Healer","floor":21,"turns":2},{"damage":0,"enemies":"Snecko","floor":22,"turns":2},{"damage":0,"enemies":"Gremlin Leader","floor":23,"turns":2},{"damage":0,"enemies":"Slavers","floor":25,"turns":2},{"damage":0,"enemies":"3 Cultists","floor":30,"turns":2},{"damage":0,"enemies":"Gremlin Leader","floor":31,"turns":2},{"damage":0,"enemies":"KingOfGreed","floor":33,"turns":5},{"damage":0,"enemies":"3 Darklings","floor":35,"turns":1},{"damage":0,"enemies":"3 Shapes","floor":36,"turns":2},{"damage":0,"enemies":"2 Orb Walkers","floor":38,"turns":2},{"damage":0,"enemies":"Writhing Mass","floor":39,"turns":2},{"damage":10,"enemies":"Nemesis","floor":40,"turns":3},{"damage":0,"enemies":"Spire Growth","floor":41,"turns":2},{"damage":0,"enemies":"Reptomancer","floor":44,"turns":1},{"damage":0,"enemies":"Giant Head","floor":46,"turns":2},{"damage":0,"enemies":"Nemesis","floor":47,"turns":1},{"damage":0,"enemies":"Reptomancer","floor":48,"turns":1},{"damage":0,"enemies":"Time Eater","floor":50,"turns":2},{"damage":2,"enemies":"Time Eater","floor":51,"turns":6}],"seed_played":"-4666851902173746341","potions_obtained":[{"floor":2,"key":"FearPotion"},{"floor":10,"key":"DuplicationPotion"},{"floor":12,"key":"AttackPotion"},{"floor":16,"key":"Explosive Potion"}],"is_trial":false,"path_per_floor":["M","M","?","M","M","R","E","R","T","E","?","M","E","M","R","B",null,"M","M","?","M","M","E","R","E","T","R","$","?","M","E","R","B",null,"M","M","?","?","M","E","M","$","T","E","$","E","E","E","R","B",null,null],"character_chosen":"Librarian","items_purchased":["PageOfFairyFestival","PageOfMountain"],"campfire_rested":0,"item_purchase_floors":[28,42],"current_hp_per_floor":[60,60,53,53,53,53,53,53,53,53,44,44,44,44,44,44,90,90,90,90,90,90,90,90,90,90,90,90,74,74,74,74,74,90,90,90,90,90,90,83,83,83,83,90,90,90,94,97,97,97,97],"gold":196,"neow_bonus":"THREE_ENEMY_KILL","is_daily":false,"chose_seed":false,"campfire_upgraded":7,"win_rate":0.0,"timestamp":1614434900,"path_taken":["M","M","?","M","M","R","E","R","T","E","?","M","E","M","R","BOSS","M","?","?","M","M","E","R","E","T","R","$","?","M","E","R","BOSS","M","M","?","?","M","E","M","$","T","E","$","E","E","E","R","BOSS"],"items_purchased_type":["Relic","Relic"],"build_version":"2020-12-22","purchased_purges":2,"victory":true,"max_hp_per_floor":[90,90,90,90,90,90,90,90,90,90,90,90,90,90,90,90,90,90,90,90,90,90,90,90,90,90,90,90,90,90,90,90,90,90,90,90,90,90,90,90,90,90,90,97,97,97,97,97,97,97,97],"card_choices":[{"not_picked":["BiAn","StrikeDown","SnakesPrey","BackAttack","BlindFaith","Zzzzzap","Wallop_lor","SerpentSwordTechnique"],"picked":"BiXi","floor":1},{"not_picked":["GreatSerpentsImpact","NightInTheBackstreets","FleetFootsteps","EnergyCycle","Rewind","InnerArdor","DesperateStruggle","Laceration","SweepTheBackstreets"],"picked":"SKIP","floor":2},{"not_picked":["Overpower","TheArtOfRapidSteps","GrazeTheGrass","FleshFillet","Mutilate","NightInTheBackstreets","EnergyConversion","FocusFire"],"picked":"BiAn","floor":4},{"not_picked":["SerpentineBarrier","SinglePointStab","Thrust","DevastatingThrash","PreemptiveStrike","InnerArdor","StructuralAnalysis","HiddenBlade","SnakesPrey"],"picked":"SKIP","floor":5},{"not_picked":["MindCrush","RushDown","DefenseOrder","DirtyBlow","AsThePrescriptOrders","FeatherShield","MultiHit","Ripple"],"picked":"OminousPower","floor":7},{"not_picked":["FierceCharge","GuidanceOfTheGears","CoordinatedAssault","Marionette","SteelKnuckles","ToWhereThePrescriptPoints","FleetEdge","SunsetBlade","UnavoidableGaze"],"picked":"SKIP","floor":10},{"not_picked":["Wallop_lor","Standoff","VioletBlade","SunsetBlade","SilentMist","FierceCharge","AutonomousRush","DimensionalRift","Pound"],"picked":"SKIP","floor":12},{"not_picked":["Parry2","ShockingBlow","SnakesPrey","Mutilate","DefenseOrder","FrontalAssault","IllEndYou","AlloutWar","SteelKnuckles"],"picked":"SKIP","floor":13},{"not_picked":["Parry2","ShockingBlow","SnakesPrey","Mutilate","DefenseOrder","FrontalAssault","IllEndYou","AlloutWar","SteelKnuckles"],"picked":"SKIP","floor":13},{"not_picked":["EnergyShield","GreatSerpentsImpact","StrongStrike","WillOfThePrescript","SummaryJudgment","GrazeTheGrass","SharpNails","PreemptiveStrike","Decapitation"],"picked":"SKIP","floor":14},{"not_picked":["StayCalm+1","Multislash","FierceCharge","Duel_lor","EndlessBattle","DeepDrag+1","UnavoidableGaze+1","NonstopAssault","Concentration"],"picked":"SKIP","floor":18},{"not_picked":["TheArtOfRapidSteps","ReadyUp","BindingArms","MultiBlock+1","Slice_lor","UncannyStrike","ViolentFlame","BlindFaith+1","Parry2"],"picked":"SKIP","floor":19},{"not_picked":["HighKick","Multislash","SuppressingShot","Pound+1","Preparation+1","DefenseOrder","BindingArms","Concentration+1","QuickAttack+1"],"picked":"SKIP","floor":21},{"not_picked":["Wallop_lor","Collision+1","PuppetBlockade","Preparation","RapidGashes","HighKick","BlazingStrike","Unlock1","StayCalm+1"],"picked":"SKIP","floor":22},{"not_picked":["SomberProcuration+1","StayCalm+1","MultiBlock+1","Lock","HiddenBlade","HandleRequest","DesperateStruggle","WillProduceFineSilk","StructuralAnalysis"],"picked":"SKIP","floor":23},{"not_picked":["SomberProcuration+1","StayCalm+1","MultiBlock+1","Lock","HiddenBlade","HandleRequest","DesperateStruggle","WillProduceFineSilk","StructuralAnalysis"],"picked":"SKIP","floor":23},{"not_picked":["StructuralAnalysis","VenomousFangs+1","AlloutWar","BlindFaith","BiAn+1","Thrust","NonstopAssault","WillOfThePrescript","SerpentSwordTechnique+1"],"picked":"SKIP","floor":25},{"not_picked":["SinglePointStab","Multislash+1","SparkingSpear","FleetFootsteps+1","Outburst","FlamingDragonFist","SuppressingShot","Thrust","QuickAttack"],"picked":"SKIP","floor":30},{"not_picked":["Preparation","Thrust","Concentration","HardRehearsal","EnergyStrike","ScratchThat","SturdyDefense","AlloutWar+1"],"picked":"TheWillOfTheCity+1","floor":31},{"not_picked":["DistortedBlade","SuanNi"],"picked":"SenseQuarry","floor":33},{"not_picked":["Rewind+1","Leap_lor+1","ShockRound+1","OpportunitySpotted","Unlock1","GrazeTheGrass+1","GuidanceOfTheGears+1","UnavoidableGaze+1","Parry"],"picked":"SKIP","floor":35},{"not_picked":["EndlessBattle","BlindFaith+1","UnavoidableGaze+1","ButterflySlash","Collision+1","Castigation","Pound","Outburst","Faith+1"],"picked":"SKIP","floor":36},{"not_picked":["WildCard+1","BindingChains+1","CumulusWall","AutomatedMovement+1","QuickAttack+1","Wallop_lor+1","UnavoidableGaze+1","HandleRequest+1"],"picked":"PreemptiveStrike+1","floor":38},{"not_picked":["GuardingStance","CumulusWall+1","CutIn","FrontalAssault+1","SweepTheBackstreets","JiaoTu+1","DaringDecision","SharpNails","HandleRequest+1"],"picked":"SKIP","floor":39},{"not_picked":["SunsetBlade","StrongStrike","Tailoring+1","Wallop_lor","QuickAttack","GuidanceOfTheGears","FeatherShield","Juggling+1","SenseQuarry"],"picked":"SKIP","floor":40},{"not_picked":["Reload+1","InkOver","Feast+1","UpbeatPerformance","GuardingStance+1","StrikeDown+1","PreparedMind","FleetFootsteps+1","AsThePrescriptOrders+1"],"picked":"SKIP","floor":41},{"not_picked":["Cruelty","SweepTheBackstreets+1","BladeWhirl","BattleCommand+1","Endure+1","SunsetBlade+1","GutHarvesting","Deflect_lor"],"picked":"TrashDisposal","floor":44},{"not_picked":["DefenseOrder+1","RushDown","FleetEdge+1","Standoff+1","MindWhip","Suppress","QuickSuppression","StructuralAnalysis","BindingChains+1"],"picked":"SKIP","floor":46},{"not_picked":["SnakesPrey","NightInTheBackstreets+1","BlindFaith","SerpentineBarrier","FendThisOffIfYouCan","SuppressingShot+1","Reload+1","CoordinatedAssault+1","Brawl"],"picked":"SKIP","floor":47},{"not_picked":["SwordOfVolition+1","FlamingDragonFist","SpearedSweep+1","CombatPreparation+1","BlindFaith+1","ViolentFlame+1","FocusFire","Track","Deflect_lor"],"picked":"SKIP","floor":48}],"player_experience":196386,"relics_obtained":[{"floor":7,"key":"White Beast Statue"},{"floor":9,"key":"PageOfAlriune"},{"floor":10,"key":"Ice Cream"},{"floor":13,"key":"Pocketwatch"},{"floor":23,"key":"PageOfOzma"},{"floor":25,"key":"Centennial Puzzle"},{"floor":29,"key":"Necronomicon"},{"floor":31,"key":"WingedGreaves"},{"floor":38,"key":"PageOfFreischutz"},{"floor":40,"key":"PreservedInsect"},{"floor":43,"key":"PageOfSingingMachine"},{"floor":44,"key":"Strawberry"},{"floor":46,"key":"PageOfUniverseFragment"},{"floor":47,"key":"Torii"},{"floor":48,"key":"Dream Catcher"}],"event_choices":[{"cards_removed":["BiXi"],"damage_healed":0,"gold_gain":0,"player_choice":"Card Removal","damage_taken":7,"max_hp_gain":0,"max_hp_loss":0,"event_name":"Golden Wing","floor":3,"gold_loss":0},{"damage_healed":0,"gold_gain":75,"player_choice":"Touch","damage_taken":9,"max_hp_gain":0,"max_hp_loss":0,"event_name":"FaceTrader","floor":11,"gold_loss":0},{"cards_removed":["BiAn"],"damage_healed":0,"gold_gain":0,"player_choice":"Gave Gold","damage_taken":0,"max_hp_gain":0,"max_hp_loss":0,"event_name":"Beggar","floor":20,"gold_loss":75},{"damage_healed":0,"gold_gain":0,"player_choice":"Obtained Book","damage_taken":16,"max_hp_gain":0,"max_hp_loss":0,"event_name":"Cursed Tome","floor":29,"gold_loss":0},{"damage_healed":0,"gold_gain":0,"player_choice":"Memory 1","damage_taken":0,"max_hp_gain":0,"max_hp_loss":0,"event_name":"SensoryStone","floor":37,"gold_loss":0},{"damage_healed":0,"gold_gain":0,"player_choice":"Fight","damage_taken":0,"max_hp_gain":0,"max_hp_loss":0,"event_name":"Mysterious Sphere","floor":38,"gold_loss":0}],"is_beta":false,"boss_relics":[{"not_picked":["SacredBark","Velvet Choker"],"picked":"Philosopher\u0027s Stone"},{"not_picked":["Astrolabe","Runic Pyramid"],"picked":"Cursed Key"}],"items_purged_floors":[42,45],"is_endless":false,"potions_floor_spawned":[2,10,12,13,14,16,18,19,21,22,23,25,30,31,33,35,36,38,39,40,41,44,46,47,48,51],"ascension_level":3}}