{"host":"nmjik3bzoelmmajy","time":1614397012,"event":{"mods":["BaseMod","Better Third Choice","Colored Map","DeckTracker","Minty Spire (QoL Compilation)","Quick Restart","Say the Spire","StSLib","SuperFastMode"],"gold_per_floor":[119,219,230,230,240,271,271,304,331,366,366,47,47,222,222,320,320,334,334,353,53,53,84,159,159],"floor_reached":24,"language":"KOR","playtime":824,"items_purged":["Strike_G","Strike_G"],"score":313,"play_id":"6ee47374-1c43-495e-82bf-89127d8ad025","local_time":"20210227123652","is_ascension_mode":true,"campfire_choices":[{"data":"Bouncing Flask","floor":7.0,"key":"SMITH"},{"data":"Blade Dance","floor":15.0,"key":"SMITH"}],"circlet_count":0,"master_deck":["Strike_G","Defend_G","Defend_G","Defend_G","Defend_G","Defend_G","Survivor","Neutralize","Poisoned Stab","All Out Attack","Bouncing Flask+1","Blade Dance+1","Well Laid Plans","Accuracy","Footwork","Infinite Blades","Accuracy","Die Die Die+1","PiercingWail","Ghostly","Ghostly","Ghostly","Ghostly","Ghostly","Tactician","Cloak And Dagger","Bane+1","Footwork","Terror"],"relics":["Ring of the Snake","NeowsBlessing","Art of War","Omamori","The Courier","Juzu Bracelet","Molten Egg 2","Bottled Tornado","Calling Bell","Bronze Scales","InkBottle","Torii","HornCleat","MealTicket"],"acts_visited":["Exordium","TheCity"],"potions_floor_usage":[],"damage_taken":[{"damage":0.0,"enemies":"Small Slimes","floor":1.0,"turns":1.0},{"damage":0.0,"enemies":"Cultist","floor":3.0,"turns":1.0},{"damage":0.0,"enemies":"2 Louse","floor":5.0,"turns":1.0},{"damage":15.0,"enemies":"Lagavulin","floor":6.0,"turns":7.0},{"damage":7.0,"enemies":"3 Sentries","floor":8.0,"turns":7.0},{"damage":10.0,"enemies":"Gremlin Nob","floor":10.0,"turns":4.0},{"damage":21.0,"enemies":"Hexaghost","floor":16.0,"turns":8.0},{"damage":2.0,"enemies":"2 Thieves","floor":18.0,"turns":4.0},{"damage":14.0,"enemies":"Chosen","floor":20.0,"turns":8.0},{"damage":20.0,"enemies":"Book of Stabbing","floor":23.0,"turns":6.0}],"seed_played":"-6242930799196948875","potions_obtained":[{"floor":1.0,"key":"CultistPotion"},{"floor":3.0,"key":"Fire Potion"},{"floor":5.0,"key":"SpeedPotion"},{"floor":8.0,"key":"Weak Potion"},{"floor":23.0,"key":"SteroidPotion"}],"is_trial":false,"path_per_floor":["M","?","M","?","M","E","R","E","T","E","?","$","T","?","R","B",null,"M","?","M","$","?","E","?"],"character_chosen":"THE_SILENT","items_purchased":["Well Laid Plans","Accuracy","Footwork","Infinite Blades","Accuracy","Cloak And Dagger","HornCleat"],"campfire_rested":0,"item_purchase_floors":[12,12,12,12,12,21,21],"current_hp_per_floor":[70,70,70,56,56,41,41,34,34,24,47,47,47,47,47,26,59,57,35,21,21,21,1,0,0],"gold":159,"neow_bonus":"THREE_ENEMY_KILL","is_daily":false,"chose_seed":false,"campfire_upgraded":2,"win_rate":0.0,"timestamp":1614397012,"path_taken":["M","?","?","?","M","E","R","E","T","E","?","$","?","?","R","BOSS","M","?","M","$","?","E","?"],"items_purchased_type":["Card","Card","Card","Card","Card","Card","Relic"],"build_version":"2020-12-22","purchased_purges":2,"victory":false,"max_hp_per_floor":[70,70,70,70,70,70,70,70,70,70,70,70,70,70,70,70,70,70,35,35,35,35,35,35,35],"card_choices":[{"not_picked":["Calculated Gamble","Quick Slash"],"picked":"Poisoned Stab","floor":1.0},{"not_picked":["Blur","Endless Agony"],"picked":"All Out Attack","floor":3.0},{"not_picked":["Deflect","Choke"],"picked":"Bouncing Flask","floor":5.0},{"not_picked":["Concentrate","Dagger Spray","Deadly Poison"],"picked":"SKIP","floor":6.0},{"not_picked":["Slice","Dodge and Roll","Eviscerate"],"picked":"SKIP","floor":8.0},{"not_picked":["Reflex","Storm of Steel"],"picked":"Blade Dance","floor":10.0},{"not_picked":["Night Terror","Grand Finale+1"],"picked":"Die Die Die+1","floor":16.0},{"not_picked":["Deadly Poison","Quick Slash+1"],"picked":"PiercingWail","floor":18.0},{"not_picked":["Predator+1","Calculated Gamble"],"picked":"Tactician","floor":20.0},{"not_picked":["Storm of Steel","Backflip"],"picked":"Terror","floor":23.0}],"player_experience":512242,"relics_obtained":[{"floor":6.0,"key":"Omamori"},{"floor":8.0,"key":"The Courier"},{"floor":9.0,"key":"Juzu Bracelet"},{"floor":10.0,"key":"Molten Egg 2"},{"floor":13.0,"key":"Bottled Tornado"},{"floor":17.0,"key":"Bronze Scales"},{"floor":17.0,"key":"InkBottle"},{"floor":17.0,"key":"Torii"},{"floor":23.0,"key":"MealTicket"}],"event_choices":[{"damage_healed":0.0,"max_hp_gain":0.0,"max_hp_loss":0.0,"gold_gain":100.0,"event_name":"Golden Shrine","player_choice":"Pray","floor":2.0,"gold_loss":0.0,"damage_taken":0.0},{"damage_healed":0.0,"max_hp_gain":0.0,"max_hp_loss":0.0,"gold_gain":0.0,"event_name":"betterThird:BetterScrap","player_choice":"Relic ","floor":4.0,"gold_loss":0.0,"damage_taken":14.0,"cards_obtained":["Immolate"]},{"damage_healed":23.0,"max_hp_gain":0.0,"max_hp_loss":0.0,"gold_gain":0.0,"event_name":"Big Fish","player_choice":"Banana","floor":11.0,"gold_loss":0.0,"damage_taken":0.0},{"damage_healed":0.0,"max_hp_gain":0.0,"max_hp_loss":0.0,"gold_gain":175.0,"event_name":"betterThird:BetterSerpent","player_choice":"AGREE","floor":14.0,"gold_loss":0.0,"damage_taken":47.0},{"damage_healed":0.0,"max_hp_gain":0.0,"max_hp_loss":35.0,"gold_gain":0.0,"event_name":"Ghosts","player_choice":"Became a Ghost","floor":19.0,"gold_loss":0.0,"damage_taken":0.0,"cards_obtained":["Ghostly","Ghostly","Ghostly","Ghostly","Ghostly"]},{"damage_healed":0.0,"max_hp_gain":0.0,"max_hp_loss":0.0,"gold_gain":0.0,"cards_transformed":["Strike_G","Strike_G"],"event_name":"Drug Dealer","player_choice":"Became Test Subject","floor":22.0,"gold_loss":0.0,"damage_taken":0.0,"cards_obtained":["Bane","Footwork"]},{"damage_healed":0,"gold_gain":75,"player_choice":"Touch","damage_taken":3,"max_hp_gain":0,"max_hp_loss":0,"event_name":"FaceTrader","floor":24,"gold_loss":0}],"is_beta":false,"boss_relics":[{"not_picked":["Fusion Hammer","Philosopher\u0027s Stone"],"picked":"Calling Bell"}],"items_purged_floors":[12,21],"is_endless":false,"potions_floor_spawned":[1,3,5,8,23],"ascension_level":5}}