{"host":"8kweeulvvasqx820","time":1614401459,"event":{"mods":["Aspiration","BaseMod","Better Altar","Better Match","Better Note","Better Sensory Stone","Better Skull","Better Third Choice","BetterRewards","Colored Map","Conspire","Displayed Cursed Tome","Downfall","Hubris","Infinite Spire","Jorbs\u0027s Wanderer Trilogy","Minty Spire (QoL Compilation)","Relic Stats","Replay The Spire","Spicy Shops","StSLib","SuperFastMode","Swap Starting Deck Mod","The Construct","The Marked","The Servant 0.9.4","everything is the same but u backflip on backflip","slay the spire mod where everything is the same but ironclad has a cowboy hat"],"gold_per_floor":[110,122,92,103,122,155,155,184,184,38,48,77,95,121,121,217,217,230,240,240,150,160,195,195,228,228,246,246,257,269,301,301,406,406,418,468,468,488,488,488],"floor_reached":39,"language":"ENG","playtime":2340,"items_purged":["Strike_R","Strike_R","Strike_R","Defend_R"],"score":873,"play_id":"fc7e6ca4-5fbe-48f7-917c-4e5dbec47707","local_time":"20210226235059","is_ascension_mode":true,"campfire_choices":[{"data":"Whirlwind","floor":7,"key":"SMITH"},{"data":"Inflame","floor":15,"key":"SMITH"},{"data":"Bloodletting","floor":24,"key":"SMITH"},{"data":"Eclipse","floor":28,"key":"SMITH"},{"floor":32,"key":"DIG"}],"circlet_count":0,"master_deck":["Defend_R","Defend_R","Bash+1","Disarm","ReplayTheSpireMod:Stacked","Inflame+1","ReplayReversal","Whirlwind+1","Shrug It Off","Immolate","Pummel","Burning Pact","Intimidate","Berserk","Eclipse+1","Bloodletting+1","Sentinel","hubris:Fate","Dual Wield+1","Spot Weakness","Disarm","Offering","Sword Boomerang+1"],"relics":["Burning Blood","Incense Burner","ReplayFunnel","hubris:ChampionShield","ReplayTheSpireMod:TigerMarble","hubris:SphereOfDissonance","Membership Card","Bag of Preparation","White Beast Statue","SacredBark","Bag of Marbles","aspiration:HiddenCompartment","Replay:Mystery Machine","Iron Hammer","aspiration:Lifesprig","Thread and Needle","Mark of Pain","Prayer Wheel","Empty Cage","ClockworkSouvenir"],"acts_visited":["Exordium","TheCity","TheBeyond"],"potions_floor_usage":[12,13,16,18,22,23,29,31,33,33,33,39,39,39],"damage_taken":[{"damage":3,"enemies":"Jaw Worm","floor":1,"turns":4},{"damage":0,"enemies":"Cultist","floor":2,"turns":4},{"damage":14,"enemies":"Small Slimes","floor":4,"turns":3},{"damage":4,"enemies":"conspire:2 RoseBushes","floor":5,"turns":6},{"damage":27,"enemies":"3 Sentries","floor":6,"turns":9},{"damage":10,"enemies":"Replay:BlueRogue","floor":8,"turns":6},{"damage":0,"enemies":"Blue Slaver","floor":11,"turns":3},{"damage":0,"enemies":"Gremlin Nob","floor":12,"turns":2},{"damage":0,"enemies":"3 Louse","floor":13,"turns":1},{"damage":28,"enemies":"3 Sentries","floor":14,"turns":8},{"damage":1,"enemies":"The Guardian","floor":16,"turns":8},{"damage":6,"enemies":"conspire:FuzzyDice","floor":18,"turns":3},{"damage":3,"enemies":"3 Byrds","floor":19,"turns":4},{"damage":10,"enemies":"Shelled Parasite and Fungi","floor":22,"turns":7},{"damage":27,"enemies":"Book of Stabbing","floor":23,"turns":3},{"damage":5,"enemies":"conspire:SneckoGhost","floor":25,"turns":10},{"damage":3,"enemies":"Sentry and Sphere","floor":27,"turns":2},{"damage":1,"enemies":"Snecko","floor":29,"turns":1},{"damage":26,"enemies":"conspire:HollyBat","floor":30,"turns":5},{"damage":0,"enemies":"Book of Stabbing","floor":31,"turns":1},{"damage":16,"enemies":"Collector","floor":33,"turns":4},{"damage":6,"enemies":"Orb Walker","floor":35,"turns":2},{"damage":9,"enemies":"Mind Bloom Boss Battle","floor":36,"turns":4},{"damage":6,"enemies":"3 Darklings","floor":38,"turns":2},{"damage":0,"enemies":"infinitespire:Three Voidlings","floor":39,"turns":1},{"damage":76,"enemies":"Nightmare_Alpha","floor":39,"turns":7}],"seed_played":"-453610034456734247","potions_obtained":[{"floor":1,"key":"EssenceOfSteel"},{"floor":2,"key":"sneckomod:MuddlingPotion"},{"floor":3,"key":"AttackPotion"},{"floor":3,"key":"Swift Potion"},{"floor":8,"key":"Explosive Potion"},{"floor":12,"key":"champ:CounterPotion"},{"floor":14,"key":"sneckomod:MuddlingPotion"},{"floor":16,"key":"EssenceOfSteel"},{"floor":18,"key":"Cursed Concoction"},{"floor":22,"key":"Energy Potion"},{"floor":23,"key":"PowerPotion"},{"floor":27,"key":"Swift Potion"},{"floor":29,"key":"BlessingOfTheForge"},{"floor":30,"key":"Dexterity Potion"},{"floor":31,"key":"Energy Potion"},{"floor":33,"key":"GamblersBrew"},{"floor":35,"key":"SpeedPotion"},{"floor":36,"key":"Elixir"},{"floor":38,"key":"hexamod:SoulburnPotion"}],"is_trial":false,"path_per_floor":["M","M","?","M","M","E","R","E","T","$","M","E","M","E","R","B",null,"M","M","AVR","?","M","E","R","E","T","M","R","M","M","E","R_BF","B",null,"M","?","AVR","M","?"],"character_chosen":"IRONCLAD","items_purchased":["Disarm","ReplayFunnel","Inflame","Membership Card"],"campfire_rested":0,"item_purchase_floors":[0,0,0,10],"current_hp_per_floor":[67,73,73,65,67,46,46,42,42,42,48,54,60,38,38,43,71,71,74,74,74,70,49,49,50,50,53,53,61,41,47,47,37,72,72,69,69,69,0,0],"gold":488,"neow_bonus":"","is_daily":false,"chose_seed":false,"campfire_upgraded":4,"win_rate":0.0,"timestamp":1614401459,"path_taken":["M","M","?","?","M","E","R","E","T","$","M","E","M","E","R","BOSS","M","M","AVR","?","?","E","R","E","T","M","R","M","M","E","R_BF","BOSS","M","?","AVR","M","?"],"items_purchased_type":["Card","Relic","Card","Relic"],"build_version":"2020-12-22","purchased_purges":4,"victory":false,"max_hp_per_floor":[80,80,80,80,80,80,80,80,80,80,80,80,80,80,80,80,80,80,80,80,80,80,80,80,80,80,80,80,83,83,83,83,83,83,83,83,83,83,83,83],"relic_stats":{"counters":[26,110],"Prayer Wheel":1,"Bag of Preparation":[36],"obtain_stats":[{"ReplayFunnel":0,"aspiration:Lifesprig":31,"SacredBark":17,"hubris:SphereOfDissonance":9,"Thread and Needle":32,"Incense Burner":0,"Bag of Preparation":12,"Replay:Mystery Machine":25,"aspiration:HiddenCompartment":23,"Empty Cage":37,"Burning Blood":0,"White Beast Statue":14,"ClockworkSouvenir":37,"Prayer Wheel":36,"Iron Hammer":26,"Mark of Pain":34,"ReplayTheSpireMod:TigerMarble":8,"Bag of Marbles":20,"Membership Card":10,"hubris:ChampionShield":6},{"ReplayFunnel":0,"aspiration:Lifesprig":20,"SacredBark":11,"hubris:SphereOfDissonance":6,"Thread and Needle":20,"Incense Burner":0,"Bag of Preparation":8,"Replay:Mystery Machine":16,"aspiration:HiddenCompartment":15,"Empty Cage":23,"Burning Blood":0,"White Beast Statue":10,"ClockworkSouvenir":23,"Prayer Wheel":23,"Iron Hammer":16,"Mark of Pain":21,"ReplayTheSpireMod:TigerMarble":6,"Bag of Marbles":13,"Membership Card":6,"hubris:ChampionShield":5},{"ReplayFunnel":0,"aspiration:Lifesprig":90,"SacredBark":54,"hubris:SphereOfDissonance":32,"Thread and Needle":90,"Incense Burner":0,"Bag of Preparation":37,"Replay:Mystery Machine":81,"aspiration:HiddenCompartment":71,"Empty Cage":100,"Burning Blood":0,"White Beast Statue":46,"ClockworkSouvenir":100,"Prayer Wheel":100,"Iron Hammer":81,"Mark of Pain":94,"ReplayTheSpireMod:TigerMarble":32,"Bag of Marbles":61,"Membership Card":32,"hubris:ChampionShield":26}],"Burning Blood":150},"card_choices":[{"not_picked":["ReplayTheSpireMod:Strike From Hell","Clothesline"],"picked":"ReplayReversal","floor":1},{"not_picked":["ReplayReversal","Thunderclap"],"picked":"Whirlwind","floor":2},{"not_picked":["Perfected Strike","ReplayTheSpireMod:Strike From Hell"],"picked":"Shrug It Off","floor":4},{"not_picked":["Heavy Blade","Iron Wave","conspire:ExplosiveBarrier"],"picked":"SKIP","floor":5},{"not_picked":["Uppercut","Clash"],"picked":"Immolate","floor":6},{"not_picked":["Heavy Blade","Clash"],"picked":"Pummel","floor":8},{"not_picked":["Warcry","conspire:HitWhereItHurts"],"picked":"Shockwave","floor":11},{"not_picked":["Twin Strike","conspire:Charge"],"picked":"Burning Pact","floor":12},{"not_picked":["conspire:Charge","Thunderclap"],"picked":"Intimidate","floor":13},{"not_picked":["Body Slam","Anger"],"picked":"Berserk","floor":14},{"not_picked":["Bludgeon","Double Tap"],"picked":"Eclipse","floor":16},{"not_picked":["Havoc","Cleave"],"picked":"Bloodletting","floor":18},{"not_picked":["Flex","Shrug It Off"],"picked":"Sentinel","floor":19},{"not_picked":["Rampage","ReplayTheSpireMod:Stacked"],"picked":"Dual Wield+1","floor":22},{"not_picked":["Body Slam+1","Immolate"],"picked":"Spot Weakness","floor":23},{"not_picked":["Rampage+1","hubris:ReadiedAction","conspire:ExplosiveBarrier"],"picked":"SKIP","floor":25},{"not_picked":["Cleave+1","conspire:Charge","Thunderclap+1"],"picked":"SKIP","floor":27},{"not_picked":["Carnage","Twin Strike","Shrug It Off+1"],"picked":"SKIP","floor":29},{"not_picked":["hubris:CleavingFinish","ReplayTheSpireMod:Muscle Training"],"picked":"Disarm","floor":30},{"not_picked":["Juggernaut","Battle Trance","ReplayTheSpireMod:Strike From Hell+1"],"picked":"SKIP","floor":31},{"not_picked":["Eclipse","hubris:StunningStrike"],"picked":"Offering","floor":33},{"not_picked":["Dropkick+1","Entrench","Shrug It Off+1"],"picked":"SKIP","floor":35},{"not_picked":["Iron Wave+1","Immolate"],"picked":"Sword Boomerang+1","floor":38},{"not_picked":["Thunderclap","Life Link+1","Combust"],"picked":"SKIP","floor":38},{"not_picked":["Thunderclap","Life Link+1","Combust"],"picked":"SKIP","floor":38}],"player_experience":178453,"relics_obtained":[{"floor":6,"key":"hubris:ChampionShield"},{"floor":8,"key":"ReplayTheSpireMod:TigerMarble"},{"floor":9,"key":"hubris:SphereOfDissonance"},{"floor":12,"key":"Bag of Preparation"},{"floor":14,"key":"White Beast Statue"},{"floor":23,"key":"aspiration:HiddenCompartment"},{"floor":25,"key":"Replay:Mystery Machine"},{"floor":26,"key":"Iron Hammer"},{"floor":31,"key":"aspiration:Lifesprig"},{"floor":32,"key":"Thread and Needle"},{"floor":36,"key":"Prayer Wheel"}],"event_choices":[{"damage_healed":0,"gold_gain":0,"player_choice":"Bought 2 Potions","damage_taken":0,"max_hp_gain":0,"max_hp_loss":0,"event_name":"The Woman in Blue","floor":3,"gold_loss":0},{"cards_removed":["Strike_R"],"damage_healed":0,"gold_gain":0,"player_choice":"Upgrade and Remove","damage_taken":0,"max_hp_gain":0,"max_hp_loss":0,"event_name":"Designer","floor":21,"gold_loss":90,"cards_upgraded":["Bash"]},{"damage_healed":0,"gold_gain":0,"player_choice":"Fight","damage_taken":0,"max_hp_gain":0,"max_hp_loss":0,"event_name":"MindBloom","floor":36,"gold_loss":0}],"is_beta":false,"boss_relics":[{"not_picked":["Kintsugi","construct:WeddingRing"],"picked":"SacredBark"},{"not_picked":["Ooze Armor","Cursed Key"],"picked":"Mark of Pain"}],"items_purged_floors":[0,0,20,37],"is_endless":false,"potions_floor_spawned":[1,2,8,12,14,16,18,19,22,23,25,27,29,30,31,33,35,36,38,39],"killed_by":"Nightmare_Alpha","ascension_level":5}}