{"host":"dv29tre2e7vje47n","time":1614427490,"event":{"mods":["AchievementEnabler","BaseMod","Beaked The Cultist","Better Altar","Better Match","Better Note","Better Skull","Better Third Choice","BetterRewards","Block Reminder","Bossed Relics","Colored Map","Colored Powertips","DeckTracker","Displayed Cursed Tome","Downfall","Friendly Minions","Googly Eyes","Highlight Path","Key Reminder","Minty Spire (QoL Compilation)","Quick Restart","Random Character Button","Rare Cards Sparkle","Relic Sorter","Relic Stats","Replay The Spire","Spire Arcade","Spire Birthday Party","StSLib","SuperFastMode","Unceasing Turn Reminder","Weighted Paths"],"gold_per_floor":[111,111,111,130,140,140,167,183,183,198,168,168,13,203,203,300,300,318,318,318,31,31,31],"floor_reached":22,"language":"ENG","playtime":683,"items_purged":["Strike_G"],"score":182,"play_id":"8cc3b445-f4c1-4217-86ba-90e839ff88d5","local_time":"20210227130450","is_ascension_mode":false,"campfire_choices":[{"data":"Envenom","floor":6,"key":"SMITH"},{"data":"Sucker Punch","floor":12,"key":"SMITH"},{"data":"Infinite Blades","floor":15,"key":"SMITH"}],"circlet_count":0,"master_deck":["Strike_G+1","Strike_G+1","Strike_G+1","Strike_G+1","Defend_G+1","Defend_G+1","Defend_G+1","Defend_G+1","Defend_G+1","Survivor","Neutralize","Footwork","Deadly Poison","Envenom+1","Sucker Punch+1","Dash","Infinite Blades+1","Quick Slash","Poison Darts","Bullet Time","Crippling Poison"],"relics":["Ring of the Snake","NeowsBlessing","Replay:Mystery Machine","ReplayFunnel","White Beast Statue","Honey Jar","Byrd Skull"],"acts_visited":["Exordium","TheCity"],"potions_floor_usage":[8,18],"damage_taken":[{"damage":0,"enemies":"2 Louse","floor":1,"turns":1},{"damage":0,"enemies":"Cultist","floor":4,"turns":1},{"damage":0,"enemies":"Small Slimes","floor":5,"turns":1},{"damage":1,"enemies":"Replay:BlueRogue","floor":7,"turns":6},{"damage":0,"enemies":"2 Fungi Beasts","floor":8,"turns":2},{"damage":0,"enemies":"Blue Slaver","floor":10,"turns":4},{"damage":3,"enemies":"Looter","floor":11,"turns":4},{"damage":34,"enemies":"Slime Boss","floor":16,"turns":9},{"damage":1,"enemies":"Chosen","floor":18,"turns":7},{"damage":0,"enemies":"3 Byrds","floor":22,"turns":1}],"seed_played":"-7635779380485654009","potions_obtained":[{"floor":7,"key":"SteroidPotion"},{"floor":10,"key":"Weak Potion"},{"floor":11,"key":"LifebloodPotion"},{"floor":14,"key":"Adrenaline Potion"},{"floor":18,"key":"CunningPotion"}],"is_trial":false,"path_per_floor":["M","?","?","M","M","R","E","M","T","M","M","R","$","?","R","B",null,"M","?","?","$","M"],"character_chosen":"THE_SILENT","items_purchased":["Poison Darts","Byrd Skull"],"campfire_rested":0,"item_purchase_floors":[13,21],"current_hp_per_floor":[70,70,42,42,42,42,41,41,41,41,38,38,38,38,38,4,70,69,69,69,69,69,69],"gold":31,"neow_bonus":"THREE_ENEMY_KILL","is_daily":false,"chose_seed":false,"campfire_upgraded":3,"win_rate":0.0,"timestamp":1614427490,"path_taken":["M","?","?","M","M","R","E","?","T","M","M","R","$","?","R","BOSS","M","?","?","$","M"],"items_purchased_type":["Card","Relic"],"build_version":"2020-12-22","purchased_purges":1,"victory":false,"max_hp_per_floor":[70,70,70,70,70,70,70,70,70,70,70,70,70,70,70,70,70,70,70,70,70,70,70],"relic_stats":{"counters":[10,36],"obtain_stats":[{"ReplayFunnel":7,"NeowsBlessing":0,"Honey Jar":17,"Replay:Mystery Machine":3,"Byrd Skull":21,"White Beast Statue":9,"Ring of the Snake":0},{"ReplayFunnel":4,"NeowsBlessing":0,"Honey Jar":8,"Replay:Mystery Machine":1,"Byrd Skull":9,"White Beast Statue":5,"Ring of the Snake":0},{"ReplayFunnel":9,"NeowsBlessing":0,"Honey Jar":28,"Replay:Mystery Machine":1,"Byrd Skull":35,"White Beast Statue":11,"Ring of the Snake":0}],"Ring of the Snake":[20]},"card_choices":[{"not_picked":["Outmaneuver","PiercingWail"],"picked":"Footwork","floor":1},{"not_picked":["Quick Slash","Acrobatics"],"picked":"Deadly Poison","floor":4},{"not_picked":["Dagger Throw","PiercingWail"],"picked":"Envenom","floor":5},{"not_picked":["Underhanded Strike","Dodge and Roll"],"picked":"Sucker Punch","floor":7},{"not_picked":["Hidden Blade","Deadly Poison"],"picked":"Dash","floor":8},{"not_picked":["Distraction","Prepared"],"picked":"Infinite Blades","floor":10},{"not_picked":["Sucker Punch","Slice"],"picked":"Quick Slash","floor":11},{"not_picked":["Poison Darts","Atom Bomb"],"picked":"Bullet Time","floor":16},{"not_picked":["ReplayTheSpireMod:Speed Training+1","Riddle With Holes","Quick Slash"],"picked":"Crippling Poison","floor":18}],"player_experience":167345,"relics_obtained":[{"floor":7,"key":"ReplayFunnel"},{"floor":9,"key":"White Beast Statue"}],"event_choices":[{"damage_healed":0,"gold_gain":0,"player_choice":"RE UP ","damage_taken":32,"relics_obtained":["Replay:Mystery Machine"],"max_hp_gain":0,"max_hp_loss":0,"event_name":"betterSkull:BetterSkull","floor":3,"gold_loss":0,"cards_upgraded":["Defend_G"]},{"cards_removed":["Footwork"],"damage_healed":0,"gold_gain":0,"player_choice":"Give","damage_taken":0,"max_hp_gain":0,"max_hp_loss":0,"event_name":"betterNote:BetterNote","floor":19,"gold_loss":0,"cards_obtained":["None"]},{"damage_healed":0,"gold_gain":0,"player_choice":"Simplicity","damage_taken":0,"max_hp_gain":0,"max_hp_loss":7,"event_name":"betterThird:BetterWriting","floor":20,"gold_loss":0}],"is_beta":false,"boss_relics":[{"not_picked":["SlaversCollar","Coffee Dripper"],"picked":"Honey Jar"}],"items_purged_floors":[13],"is_endless":false,"potions_floor_spawned":[7,10,11,16,18],"killed_by":"3 Byrds","ascension_level":0}}