{"host":"g2dipcf2fg7v2dle","time":1614411351,"event":{"mods":["AchievementEnabler","Aspiration","BaseMod","Bestiary","Better Third Choice","BetterRewards","Challenge The Spire","Colored Map","Colored Powertips","Conspire","Curses Come First","DeckTracker","GifTheSpireLib","Googly Eyes","Halation","Hubris","Infinite Spire","Minty Spire (QoL Compilation)","Relic Sorter","Relic Stats","Replay The Spire","Spicy Shops","Spire Arcade","StSLib","Stuff the Spire","SuperFastMode","The Jungle","The Servant 0.9.4","Trackpad","Waifu the Spire"],"gold_per_floor":[112,112,130,130,130,130,141,67,149,167,167,185,200,44,44,163,213,246,246,6,16,16],"floor_reached":21,"language":"ENG","playtime":914,"items_purged":[],"score":169,"play_id":"dbc39cd6-abfd-4cde-9a5a-c0f1918c78c6","local_time":"20210227023551","is_ascension_mode":false,"campfire_choices":[{"data":"conspire:HitWhereItHurts","floor":6,"key":"SMITH"},{"floor":11,"key":"REST"},{"data":"Massacre","floor":15,"key":"SMITH"}],"circlet_count":0,"master_deck":["Strike_R","Strike_R","Strike_R","Strike_R","Strike_R","Defend_R","Defend_R","Defend_R","Defend_R","Bash","conspire:HitWhereItHurts+1","Uppercut","Apotheosis+1","Shrug It Off","Regret","Flex","Warcry+1","Massacre+1","Intimidate","Brutality","Clothesline","Flex","Bandage Up"],"relics":["Centennial Puzzle","halation:IllGainedPizza","MealTicket","infinitespire:Chaos","halation:BottledLove","Bag of Marbles","Tiny House","hubris:Towel","Happy Flower"],"acts_visited":["Exordium","TheCity"],"potions_floor_usage":[16,16,18,18],"damage_taken":[{"damage":1,"enemies":"conspire:RoseBush","floor":1,"turns":4},{"damage":6,"enemies":"2 Louse","floor":3,"turns":4},{"damage":18,"enemies":"Small Slimes","floor":7,"turns":4},{"damage":16,"enemies":"Exordium Wildlife","floor":10,"turns":4},{"damage":13,"enemies":"3 Louse","floor":12,"turns":3},{"damage":7,"enemies":"2 Fungi Beasts","floor":13,"turns":4},{"damage":28,"enemies":"The Guardian","floor":16,"turns":10},{"damage":43,"enemies":"Shell Parasite","floor":18,"turns":9},{"damage":63,"enemies":"Masked Bandits","floor":21,"turns":5}],"seed_played":"4262796630578696122","potions_obtained":[{"floor":1,"key":"ElixirPotion"},{"floor":3,"key":"BlessingOfTheForge"},{"floor":7,"key":"Death Potion"},{"floor":10,"key":"LiquidBronze"},{"floor":16,"key":"ColorlessPotion"},{"floor":17,"key":"Milkshake"},{"floor":18,"key":"ElixirPotion"}],"is_trial":false,"path_per_floor":["M","?","M","?","?","R","M","$","T","M","R","M","M","$","R","B",null,"M","?","$","?"],"character_chosen":"IRONCLAD","items_purchased":["infinitespire:Chaos","Bag of Marbles","Happy Flower","Bandage Up"],"campfire_rested":1,"item_purchase_floors":[8,14,20,20],"current_hp_per_floor":[80,80,80,80,80,80,68,68,68,52,76,63,56,71,71,43,85,42,42,57,0,0],"gold":16,"neow_bonus":"ONE_RANDOM_RARE_CARD","is_daily":false,"chose_seed":false,"campfire_upgraded":2,"win_rate":0.0,"timestamp":1614411351,"path_taken":["M","?","M","?","?","R","?","$","T","M","R","M","M","$","R","BOSS","M","?","$","?"],"items_purchased_type":["Relic","Relic","Relic","Card"],"build_version":"2020-12-22","purchased_purges":0,"victory":false,"max_hp_per_floor":[80,80,80,80,80,80,80,80,80,80,80,80,80,80,80,80,85,85,85,85,85,85],"relic_stats":{"Centennial Puzzle":[18],"Happy Flower":[1],"counters":[9,47],"MealTicket":30,"obtain_stats":[{"Tiny House":17,"Happy Flower":20,"halation:BottledLove":9,"infinitespire:EmptyRelic":8,"halation:IllGainedPizza":8,"hubris:Towel":19,"Burning Blood":0,"Centennial Puzzle":8,"StuffTheSpire:HeavyRock":4,"MealTicket":8,"Bag of Marbles":14,"trackpad:CultistFigurine":5,"infinitespire:Chaos":8},{"Tiny House":7,"Happy Flower":8,"halation:BottledLove":3,"infinitespire:EmptyRelic":3,"halation:IllGainedPizza":3,"hubris:Towel":8,"Burning Blood":0,"Centennial Puzzle":3,"StuffTheSpire:HeavyRock":2,"MealTicket":3,"Bag of Marbles":6,"trackpad:CultistFigurine":2,"infinitespire:Chaos":3},{"Tiny House":33,"Happy Flower":42,"halation:BottledLove":12,"infinitespire:EmptyRelic":12,"halation:IllGainedPizza":12,"hubris:Towel":42,"Burning Blood":0,"Centennial Puzzle":12,"StuffTheSpire:HeavyRock":8,"MealTicket":12,"Bag of Marbles":23,"trackpad:CultistFigurine":8,"infinitespire:Chaos":12}]},"card_choices":[{"not_picked":["conspire:Charge","Defy Death"],"picked":"Uppercut","floor":1},{"not_picked":["Perfected Strike","StuffTheSpire:Pyroclast"],"picked":"Shrug It Off","floor":3},{"not_picked":["ReplayTheSpireMod:LeadingStrike","Wild Strike"],"picked":"Flex","floor":7},{"not_picked":["hubris:ReadiedAction","Pommel Strike"],"picked":"Warcry","floor":10},{"not_picked":["Armaments","hubris:ReadiedAction"],"picked":"Massacre","floor":12},{"not_picked":["Twin Strike","Armaments"],"picked":"Intimidate","floor":13},{"not_picked":["Impervious","Bludgeon"],"picked":"Brutality","floor":16},{"not_picked":["hubris:ReadiedAction","Armaments"],"picked":"Clothesline","floor":17},{"not_picked":["ReplayTheSpireMod:Stacked+1","Iron Wave"],"picked":"Flex","floor":18}],"player_experience":191896,"relics_obtained":[{"floor":5,"key":"trackpad:CultistFigurine"},{"floor":9,"key":"halation:BottledLove"}],"event_choices":[{"damage_healed":80,"gold_gain":0,"player_choice":"Embrace","damage_taken":0,"max_hp_gain":0,"max_hp_loss":80,"event_name":"betterThird:BetterShining","floor":2,"gold_loss":0},{"damage_healed":0,"gold_gain":0,"player_choice":"Box","damage_taken":0,"relics_obtained":["StuffTheSpire:HeavyRock"],"max_hp_gain":0,"max_hp_loss":0,"event_name":"Big Fish","floor":4,"gold_loss":0,"cards_obtained":["Regret"]},{"damage_healed":0,"gold_gain":0,"player_choice":"Fought Bandits","damage_taken":0,"max_hp_gain":0,"max_hp_loss":0,"event_name":"Masked Bandits","floor":21,"gold_loss":0}],"is_beta":false,"boss_relics":[{"not_picked":["hubris:Stopwatch","Pandora\u0027s Box"],"picked":"Tiny House"}],"items_purged_floors":[],"is_endless":false,"potions_floor_spawned":[1,3,7,10,16,18],"killed_by":"Masked Bandits","ascension_level":0}}