{"host":"8lvj8oigynmckyj3","time":1614442376,"event":{"mods":["AchievementEnabler","BaseMod","Better Third Choice","Block Reminder","Colored Map","Colored Powertips","DeckTracker","Highlight Path","Minty Spire (QoL Compilation)","Permanent Neow","Quick Restart","Slay-I","StSLib"],"gold_per_floor":[109,123,198,198,217,217,252,252,252,252,48,68,93,124,124,254,254,277,277,316,331,33,64,64,64,64],"floor_reached":25,"language":"ENG","playtime":1537,"items_purged":[],"score":357,"play_id":"13ce09cb-1c47-4fc5-9f59-278d6154fa3d","local_time":"20210227131256","is_ascension_mode":true,"campfire_choices":[{"floor":6,"key":"REST"},{"floor":10,"key":"REST"},{"floor":15,"key":"REST"},{"data":"Footwork","floor":24,"key":"SMITH"}],"circlet_count":0,"master_deck":["Survivor+1","Neutralize","Cloak And Dagger","Dagger Throw","Injury","Glass Knife","Dagger Throw","Noxious Fumes","All Out Attack","Good Instincts+1","Deadly Poison","Poisoned Stab","Tools of the Trade","Deflect","Heel Hook","Acrobatics","Dodge and Roll","Dagger Spray","Heel Hook","Storm of Steel","Prepared","Calculated Gamble","Outmaneuver","Sucker Punch","Ghostly","Ghostly","Ghostly","Ghostly","Ghostly","Bouncing Flask","Blur","Footwork+1"],"relics":["Black Star","Golden Idol","Eternal Feather","Calipers","Bottled Flame","Bag of Marbles","Ginger","Pandora\u0027s Box","Red Mask","Centennial Puzzle","War Paint","Gambling Chip"],"acts_visited":["Exordium","TheCity"],"potions_floor_usage":[7,14,16,20,23],"damage_taken":[{"damage":7,"enemies":"2 Louse","floor":1,"turns":4},{"damage":0,"enemies":"Small Slimes","floor":2,"turns":5},{"damage":7,"enemies":"Jaw Worm","floor":5,"turns":5},{"damage":39,"enemies":"Lagavulin","floor":7,"turns":10},{"damage":6,"enemies":"Looter","floor":12,"turns":3},{"damage":4,"enemies":"Exordium Wildlife","floor":13,"turns":3},{"damage":28,"enemies":"Gremlin Nob","floor":14,"turns":5},{"damage":34,"enemies":"The Guardian","floor":16,"turns":12},{"damage":6,"enemies":"3 Byrds","floor":18,"turns":6},{"damage":10,"enemies":"Masked Bandits","floor":20,"turns":6},{"damage":0,"enemies":"Chosen","floor":21,"turns":4},{"damage":5,"enemies":"Slavers","floor":23,"turns":8},{"damage":38,"enemies":"Book of Stabbing","floor":25,"turns":7}],"seed_played":"-1787208439154390546","potions_obtained":[{"floor":5,"key":"Explosive Potion"},{"floor":13,"key":"Dexterity Potion"},{"floor":14,"key":"Block Potion"},{"floor":16,"key":"Swift Potion"},{"floor":21,"key":"Dexterity Potion"}],"is_trial":false,"path_per_floor":["M","M","?","?","M","R","E","?","T","R","$","M","M","E","R","B",null,"M","?","?","M","$","E","R","E"],"character_chosen":"THE_SILENT","items_purchased":["Noxious Fumes","All Out Attack","Good Instincts","Blur","Centennial Puzzle","Footwork"],"campfire_rested":3,"item_purchase_floors":[11,11,11,22,22,22],"current_hp_per_floor":[56,56,45,45,38,59,20,20,20,50,50,44,40,12,45,11,55,49,35,25,25,25,20,35,0,0],"gold":64,"neow_bonus":"BOSS_RELIC","is_daily":false,"chose_seed":false,"campfire_upgraded":1,"win_rate":0.0,"timestamp":1614442376,"path_taken":["M","M","?","?","M","R","E","?","T","R","$","M","M","E","R","BOSS","M","?","?","M","$","E","R","E"],"items_purchased_type":["Card","Card","Card","Card","Relic","Card"],"build_version":"2020-12-22","purchased_purges":0,"victory":false,"max_hp_per_floor":[70,70,70,70,70,70,70,70,70,70,70,70,70,70,70,70,70,70,35,35,35,35,35,35,35,35],"card_choices":[{"not_picked":["Slice","Tactician"],"picked":"Cloak And Dagger","floor":1},{"not_picked":["Prepared","Infinite Blades"],"picked":"Dagger Throw","floor":2},{"not_picked":["Expertise","Caltrops"],"picked":"Glass Knife","floor":5},{"not_picked":["Deadly Poison","Eviscerate"],"picked":"Dagger Throw","floor":7},{"not_picked":["Outmaneuver","PiercingWail","Escape Plan"],"picked":"SKIP","floor":12},{"not_picked":["Underhanded Strike","Choke"],"picked":"Deadly Poison","floor":13},{"not_picked":["Flechettes","PiercingWail"],"picked":"Poisoned Stab","floor":14},{"not_picked":["Phantasmal Killer","Grand Finale"],"picked":"Tools of the Trade","floor":16},{"not_picked":["Blade Dance","PiercingWail"],"picked":"Sucker Punch","floor":18},{"not_picked":["Deadly Poison","Escape Plan"],"picked":"Bouncing Flask","floor":20},{"not_picked":["All Out Attack","Endless Agony","Finisher+1"],"picked":"SKIP","floor":21},{"not_picked":["Deadly Poison","Poisoned Stab","Outmaneuver"],"picked":"SKIP","floor":23}],"player_experience":469917,"relics_obtained":[{"floor":7,"key":"Eternal Feather"},{"floor":7,"key":"Calipers"},{"floor":9,"key":"Bottled Flame"},{"floor":14,"key":"Bag of Marbles"},{"floor":14,"key":"Ginger"},{"floor":20,"key":"Red Mask"},{"floor":23,"key":"War Paint"},{"floor":23,"key":"Gambling Chip"}],"event_choices":[{"damage_healed":0,"gold_gain":75,"player_choice":"Gold","damage_taken":11,"max_hp_gain":0,"max_hp_loss":0,"event_name":"betterThird:BetterGoop","floor":3,"gold_loss":0},{"damage_healed":0,"gold_gain":0,"player_choice":"Take Wound","damage_taken":0,"relics_obtained":["Golden Idol"],"max_hp_gain":0,"max_hp_loss":0,"event_name":"Golden Idol","floor":4,"gold_loss":0,"cards_obtained":["Injury"]},{"damage_healed":0,"gold_gain":0,"player_choice":"Ignored","damage_taken":0,"max_hp_gain":0,"max_hp_loss":0,"event_name":"Golden Wing","floor":8,"gold_loss":0},{"damage_healed":0,"gold_gain":0,"player_choice":"Became a Ghost","damage_taken":0,"max_hp_gain":0,"max_hp_loss":35,"event_name":"Ghosts","floor":19,"gold_loss":0,"cards_obtained":["Ghostly","Ghostly","Ghostly","Ghostly","Ghostly"]},{"damage_healed":0,"gold_gain":0,"player_choice":"Fought Bandits","damage_taken":0,"max_hp_gain":0,"max_hp_loss":0,"event_name":"Masked Bandits","floor":20,"gold_loss":0}],"is_beta":false,"boss_relics":[{"not_picked":["Ectoplasm","Fusion Hammer"],"picked":"Pandora\u0027s Box"}],"items_purged_floors":[],"is_endless":false,"potions_floor_spawned":[5,13,14,16,21],"killed_by":"Book of Stabbing","ascension_level":9}}