{"host":"h3awr6eovmieyhyn","time":1614402652,"event":{"mods":["Act Like it!","Aspiration","BaseMod","BetterRewards","Downfall","Gensokyo","Hubris","Infinite Spire","Lobotomy","LobotomyExtend","Marisa????????","Minty Spire (QoL Compilation)","Reliquary","Replay The Spire","Robot Space Explorer","Shade Mod","StSLib","Td1madao Mod","The Bug Knight","The Cursed","The Disciple","The Hierophant","The Jungle","The Marked","The Necromancer","The Servant 0.9.4","[IsaacMod]????"],"gold_per_floor":[114,128,128,37,47,73,73,73,100,153,214,214,260,297,297,416,416,464,464,464,510,564,576,588,600,681,34,34,73,40,95,95,217,217,243,243,4,51,51,51,107,107,158,213,248,248,289,322,322,362],"floor_reached":51,"language":"ENG","playtime":3820,"items_purged":["RobotSpaceExplorer:MiniBoosters"],"score":920,"play_id":"ca10e327-b1ad-4ae5-8736-74d4ec48396a","local_time":"20210227051052","daily_mods":["Heirloom","Flight","DeadlyEvents"],"is_ascension_mode":false,"campfire_choices":[{"data":"RobotSpaceExplorer:Pulsar","floor":8,"key":"SMITH"},{"data":"RobotSpaceExplorer:Pulsar","floor":12,"key":"SMITH"},{"floor":15,"key":"REST"},{"data":"RobotSpaceExplorer:Discharger","floor":23,"key":"SMITH"},{"data":"RobotSpaceExplorer:FreezeRay","floor":24,"key":"SMITH"},{"data":"RobotSpaceExplorer:ShockKick","floor":25,"key":"SMITH"},{"data":"RobotSpaceExplorer:Asteroid","floor":28,"key":"SMITH"},{"data":"RobotSpaceExplorer:StarDust","floor":32,"key":"SMITH"},{"floor":40,"key":"REST"},{"floor":42,"key":"REST"},{"data":"RobotSpaceExplorer:Explosion","floor":46,"key":"SMITH"},{"floor":49,"key":"REST"}],"circlet_count":0,"master_deck":["RobotSpaceExplorer:Strike","RobotSpaceExplorer:Strike+1","RobotSpaceExplorer:Strike","RobotSpaceExplorer:Strike","RobotSpaceExplorer:Defend","RobotSpaceExplorer:Defend","RobotSpaceExplorer:Defend","RobotSpaceExplorer:Defend","RobotSpaceExplorer:Scan","RobotSpaceExplorer:MiniLasers","RobotSpaceExplorer:Pulsar+1","RobotSpaceExplorer:MiniDrones","RobotSpaceExplorer:Pulsar+1","RobotSpaceExplorer:ScrapMissile+1","RobotSpaceExplorer:FreezeRay+1","RobotSpaceExplorer:ShockKick+1","RobotSpaceExplorer:SurgingStrike","RobotSpaceExplorer:MiniDrones","RobotSpaceExplorer:SurgingStrike+1","RobotSpaceExplorer:FranticSearch","RobotSpaceExplorer:LuckyStrike","RobotSpaceExplorer:Asteroid+1","RobotSpaceExplorer:Discharger+1","hubris:Despair","RobotSpaceExplorer:PowerCollector+1","RobotSpaceExplorer:SurgingShield+1","RobotSpaceExplorer:ShockKick","RobotSpaceExplorer:StarDust+1","RobotSpaceExplorer:Calculate","RobotSpaceExplorer:ScrapMissile","RobotSpaceExplorer:Explosion+1","hubris:Despair","RobotSpaceExplorer:ShovelStrike+1","RobotSpaceExplorer:PowerCollector+1","RobotSpaceExplorer:ShockMissile","RobotSpaceExplorer:LaserBurst+1","RobotSpaceExplorer:StarDust","RobotSpaceExplorer:ScrapToss+1","RobotSpaceExplorer:ShockKick+1"],"relics":["RobotSpaceExplorer:RoboCore","replay:Trail_Library","HushsDoor","BelialBook","RobotSpaceExplorer:ToughPlating","LetterFromLob","aspiration:TomeofQuesting","Replay:Bandana","reliquary:BallBearing","ReplayTheSpireMod:Lightbulb","hubris:BottledRain","hubris:GrandSneckoEye","Ring of Panic","Ring of Misfortune","MawBank","hubris:PeanutButter","RobotSpaceExplorer:SlideRule","reliquary:Boomerang","aspiration:FrozenJewel","TheBean","Astrolabe","LaetitiaHeart","ShedSkin_r","hubris:Towel","Replay:Bottled Snecko","hubris:Icosahedron","Whetstone","Replay:Wax Seal","reliquary:PorcupineQuills","hubris:TenFootPole"],"acts_visited":["Exordium","TheCity","TheBeyond"],"potions_floor_usage":[10,11,16,21,33,47,50,50,50],"damage_taken":[{"damage":0,"enemies":"Cultist","floor":1,"turns":5},{"damage":0,"enemies":"2 Louse","floor":2,"turns":3},{"damage":0,"enemies":"Small Slimes","floor":5,"turns":4},{"damage":11,"enemies":"Lagavulin","floor":6,"turns":5},{"damage":10,"enemies":"3 Sentries","floor":10,"turns":7},{"damage":0,"enemies":"Gremlin Nob","floor":11,"turns":3},{"damage":18,"enemies":"Replay:BlueRogue","floor":13,"turns":5},{"damage":3,"enemies":"Gremlin Gang","floor":14,"turns":3},{"damage":23,"enemies":"Hexaghost","floor":16,"turns":9},{"damage":1,"enemies":"2 Thieves","floor":18,"turns":3},{"damage":5,"enemies":"Book of Stabbing","floor":21,"turns":5},{"damage":0,"enemies":"Chosen","floor":22,"turns":3},{"damage":0,"enemies":"Centurion and Healer","floor":29,"turns":4},{"damage":0,"enemies":"Replay:Snechameleon","floor":31,"turns":5},{"damage":6,"enemies":"Automaton","floor":33,"turns":7},{"damage":0,"enemies":"Orb Walker","floor":35,"turns":2},{"damage":0,"enemies":"Orb Walker","floor":35,"turns":3},{"damage":1,"enemies":"Orb Walker","floor":38,"turns":4},{"damage":7,"enemies":"Nemesis","floor":41,"turns":7},{"damage":0,"enemies":"Reptomancer","floor":44,"turns":4},{"damage":13,"enemies":"3 Shapes","floor":45,"turns":4},{"damage":12,"enemies":"Giant Head","floor":47,"turns":7},{"damage":2,"enemies":"3 Darklings","floor":48,"turns":3},{"damage":36,"enemies":"infinitespire:MassOfShapes","floor":50,"turns":9}],"seed_played":"-2770401302650375132","potions_obtained":[{"floor":1,"key":"RobotSpaceExplorer:RecyclePotion"},{"floor":10,"key":"BlessingOfTheForge"},{"floor":13,"key":"Fire Potion"},{"floor":16,"key":"Block Potion"},{"floor":18,"key":"EssenceOfSteel"},{"floor":21,"key":"FairyPotion"},{"floor":33,"key":"CultistPotion"},{"floor":41,"key":"FearPotion"},{"floor":45,"key":"Regen Potion"},{"floor":47,"key":"Reflective Coating"}],"is_trial":true,"path_per_floor":["M","M","?","$","M","E","?","R","T","E","E","R","E","M","R","B",null,"M","?","AVR","E","M","R","R","R","T","$","R","M","$","E","R","B",null,"M","?","$","M","?","R","E","R","T","E","M","R","E","M","R","B",null],"character_chosen":"RobotSpaceExplorer","items_purchased":["RobotSpaceExplorer:Pulsar","RobotSpaceExplorer:ScrapMissile+1","RobotSpaceExplorer:ShockKick","RobotSpaceExplorer:SlideRule","reliquary:Boomerang","aspiration:FrozenJewel","RobotSpaceExplorer:Calculate","Replay:Bottled Snecko"],"campfire_rested":4,"item_purchase_floors":[4,4,27,27,27,27,30,37],"current_hp_per_floor":[75,75,75,75,75,64,64,64,64,54,54,54,36,33,55,32,75,74,74,74,69,69,69,69,69,69,69,69,69,69,69,69,63,75,16,16,16,15,15,37,30,52,52,52,39,39,42,40,62,26],"gold":362,"neow_bonus":"","is_daily":false,"chose_seed":false,"campfire_upgraded":8,"win_rate":0.0,"timestamp":1614402652,"path_taken":["M","M","?","$","M","E","?","R","T","E","E","R","?","?","R","BOSS","M","?","AVR","?","?","R","R","R","T","$","R","M","$","?","R","BOSS","M","?","$","M","?","R","?","R","T","?","M","R","?","M","R","BOSS"],"items_purchased_type":["Card","Card","Card","Relic","Relic","Relic","Card","Relic"],"build_version":"2020-12-22","purchased_purges":1,"victory":true,"max_hp_per_floor":[75,75,75,75,75,75,75,75,75,75,75,75,75,75,75,75,75,75,75,75,75,75,75,75,75,75,75,75,75,75,75,75,75,75,75,75,75,75,75,75,75,75,75,75,75,75,75,75,75,75],"card_choices":[{"not_picked":["RobotSpaceExplorer:BigMissile","RobotSpaceExplorer:Electroshield"],"picked":"RobotSpaceExplorer:Pulsar","floor":1},{"not_picked":["RobotSpaceExplorer:Jetpack","RobotSpaceExplorer:MetalStrike"],"picked":"RobotSpaceExplorer:MiniDrones","floor":2},{"not_picked":["RobotSpaceExplorer:ScrapMissile","RobotSpaceExplorer:Discharger"],"picked":"RobotSpaceExplorer:FreezeRay","floor":5},{"not_picked":["RobotSpaceExplorer:Jetpack","RobotSpaceExplorer:SlimeMissile"],"picked":"RobotSpaceExplorer:ShockKick","floor":6},{"not_picked":["RobotSpaceExplorer:ImprovisedAttack","RobotSpaceExplorer:Electroshield"],"picked":"RobotSpaceExplorer:SurgingStrike","floor":10},{"not_picked":["RobotSpaceExplorer:BigMissile","RobotSpaceExplorer:GearShield"],"picked":"RobotSpaceExplorer:MiniDrones","floor":11},{"not_picked":["RobotSpaceExplorer:ShovelStrike","RobotSpaceExplorer:MetalStrike"],"picked":"RobotSpaceExplorer:FranticSearch","floor":13},{"not_picked":["RobotSpaceExplorer:SlimeMissile","RobotSpaceExplorer:MiniDrones"],"picked":"RobotSpaceExplorer:LuckyStrike","floor":14},{"not_picked":["RobotSpaceExplorer:Exploration","RobotSpaceExplorer:BlastShield"],"picked":"RobotSpaceExplorer:Asteroid","floor":16},{"not_picked":["RobotSpaceExplorer:SurgingStrike","RobotSpaceExplorer:ImprovisedAttack+1"],"picked":"RobotSpaceExplorer:Discharger","floor":18},{"not_picked":["RobotSpaceExplorer:ShockKick","RobotSpaceExplorer:SurgingStrike+1"],"picked":"RobotSpaceExplorer:PowerCollector+1","floor":21},{"not_picked":["RobotSpaceExplorer:SwiftStep+1","RobotSpaceExplorer:Counterblock"],"picked":"RobotSpaceExplorer:SurgingShield+1","floor":22},{"not_picked":["RobotSpaceExplorer:Calculate","RobotSpaceExplorer:Blitz"],"picked":"RobotSpaceExplorer:StarDust","floor":29},{"not_picked":["RobotSpaceExplorer:Wormhole","RobotSpaceExplorer:Blitz"],"picked":"RobotSpaceExplorer:ScrapMissile","floor":31},{"not_picked":["RobotSpaceExplorer:BlastShield","RobotSpaceExplorer:Wormhole"],"picked":"RobotSpaceExplorer:Explosion","floor":33},{"not_picked":["RobotSpaceExplorer:DualCore","RobotSpaceExplorer:MetalStrike"],"picked":"RobotSpaceExplorer:ShovelStrike+1","floor":38},{"not_picked":["RobotSpaceExplorer:ScrapMissile+1","RobotSpaceExplorer:Autoloader"],"picked":"RobotSpaceExplorer:PowerCollector+1","floor":41},{"not_picked":["RobotSpaceExplorer:MetalStrike+1","RobotSpaceExplorer:ScrapMissile+1"],"picked":"RobotSpaceExplorer:ShockMissile","floor":44},{"not_picked":["RobotSpaceExplorer:Counterblock+1","RobotSpaceExplorer:GlueShot+1"],"picked":"RobotSpaceExplorer:LaserBurst+1","floor":45},{"not_picked":["RobotSpaceExplorer:Ammunition","RobotSpaceExplorer:ShockKick+1"],"picked":"RobotSpaceExplorer:ScrapToss+1","floor":47},{"not_picked":["RobotSpaceExplorer:ShovelStrike+1","RobotSpaceExplorer:GlueShot"],"picked":"RobotSpaceExplorer:ShockKick+1","floor":48}],"player_experience":171905,"relics_obtained":[{"floor":1,"key":"LetterFromLob"},{"floor":3,"key":"aspiration:TomeofQuesting"},{"floor":9,"key":"Replay:Bandana"},{"floor":10,"key":"reliquary:BallBearing"},{"floor":11,"key":"ReplayTheSpireMod:Lightbulb"},{"floor":13,"key":"hubris:BottledRain"},{"floor":19,"key":"Ring of Panic"},{"floor":19,"key":"Ring of Misfortune"},{"floor":21,"key":"MawBank"},{"floor":26,"key":"hubris:PeanutButter"},{"floor":31,"key":"TheBean"},{"floor":41,"key":"Whetstone"},{"floor":43,"key":"Replay:Wax Seal"},{"floor":44,"key":"reliquary:PorcupineQuills"},{"floor":47,"key":"hubris:TenFootPole"}],"event_choices":[],"is_beta":false,"boss_relics":[{"not_picked":["Runic Dome","aspiration:FutureDiary"],"picked":"hubris:GrandSneckoEye"},{"not_picked":[]},{"not_picked":["Tiny House","Painkiller Herb"],"picked":"Astrolabe"},{"not_picked":[]}],"items_purged_floors":[27],"is_endless":false,"potions_floor_spawned":[1,10,13,16,18,21,33,41,45,47],"ascension_level":0}}