{"host":"6vtgmkkqqeew181q","time":1614387627,"event":{"mods":["100% Spire Juice","AlwaysNeverKeys","BaseMod","Better Skull","Better Third Choice","BetterRewards","Colored Powertips","Downfall","Faster Ascension Climbing","Highlight Path","Minty Spire (QoL Compilation)","Reliquary","Replay The Spire","Spire Birthday Party","StSLib","The Jungle"],"gold_per_floor":[119,138,138,138,138,138,153,153,153,173,189,219,219,237,237,333,333,343,363,363,254,265,265,283,283,283,283,313,68,68,82,82,186,186,199,79,99,112,224,224,259,259,259,259,270,270,281,314,314,314],"floor_reached":51,"language":"ENG","playtime":2550,"items_purged":["Moonworks:Strike"],"score":1027,"play_id":"ce5f4afc-50b8-420d-98c9-5fc5412e1f51","local_time":"20210226170027","is_ascension_mode":false,"campfire_choices":[{"data":"Moonworks:Ambush","floor":6,"key":"SMITH"},{"data":"Moonworks:RocketCannon","floor":8,"key":"SMITH"},{"data":"Moonworks:IndiscriminateFireSupport","floor":13,"key":"SMITH"},{"data":"Moonworks:LongDistanceShot","floor":15,"key":"SMITH"},{"data":"Moonworks:UnpaidWork","floor":23,"key":"SMITH"},{"data":"Moonworks:MetallicMonocoque","floor":30,"key":"SMITH"},{"data":"Moonworks:EvilMastermind","floor":32,"key":"SMITH"},{"data":"Moonworks:TreasureThief","floor":40,"key":"SMITH"},{"floor":42,"key":"DIG"},{"data":"Moonworks:MeltingMemories","floor":46,"key":"SMITH"},{"floor":49,"key":"REST"}],"circlet_count":0,"master_deck":["Moonworks:Strike","Moonworks:Strike","Moonworks:Defend","Moonworks:Defend","Moonworks:Defend","Moonworks:Defend","Moonworks:Ambush+1","Moonworks:LongDistanceShot+1","Moonworks:Poppoformation","Moonworks:NicePresent","Moonworks:RocketCannon+1","Moonworks:NicePresent","Moonworks:IndiscriminateFireSupport+1","Pot Of Greed","Pot Of Greed","Moonworks:Dash","Moonworks:EvilMastermind+1","Moonworks:DevilHand+1","Moonworks:UnpaidWork+1","Moonworks:RedAndBlue","Moonworks:TreasureThief+1","Moonworks:WindyEnchantment","Moonworks:MetallicMonocoque+1","Moonworks:GoAway","Pot Of Greed","Moonworks:MiracleRedBeanIceCream","Moonworks:MeltingMemories+1"],"relics":["Moonworks:BrokenBomb","Moonworks:Homemark","Gremlin Horn","Regal Pillow","FossilizedHelix","Torii","Pet Ghost","Omamori","reliquary:Aerogel","Grinning Jar","reliquary:ThirdArm","Counterbalance","FossilizedHelix","Replay:Bottled Snecko","Replay:Grab Bag","ReplayTheSpireMod:DimensionalGlitch","reliquary:WritOfMandamus","Calling Bell","PreservedInsect","Pantograph","Replay:Multitool","Boot","Garlic","Bronze Scales","reliquary:IridiumChain","Pen Nib"],"acts_visited":["Exordium","TheCity","TheBeyond"],"potions_floor_usage":[16,31,50,50],"damage_taken":[{"damage":0,"enemies":"Small Slimes","floor":1,"turns":3},{"damage":0,"enemies":"Cultist","floor":2,"turns":3},{"damage":0,"enemies":"2 Louse","floor":7,"turns":2},{"damage":0,"enemies":"Lots of Slimes","floor":10,"turns":1},{"damage":1,"enemies":"Blue Slaver","floor":11,"turns":3},{"damage":0,"enemies":"Gremlin Nob","floor":12,"turns":3},{"damage":0,"enemies":"Exordium Wildlife","floor":14,"turns":1},{"damage":12,"enemies":"Hexaghost","floor":16,"turns":6},{"damage":2,"enemies":"Shell Parasite","floor":18,"turns":4},{"damage":0,"enemies":"3 Byrds","floor":19,"turns":3},{"damage":8,"enemies":"Snake Plant","floor":22,"turns":4},{"damage":0,"enemies":"3 Cultists","floor":24,"turns":3},{"damage":8,"enemies":"Book of Stabbing","floor":28,"turns":4},{"damage":0,"enemies":"Centurion and Healer","floor":31,"turns":3},{"damage":6,"enemies":"Pondfish","floor":33,"turns":6},{"damage":0,"enemies":"3 Shapes","floor":35,"turns":3},{"damage":0,"enemies":"Orb Walker","floor":37,"turns":2},{"damage":0,"enemies":"Sphere and 2 Shapes","floor":38,"turns":3},{"damage":0,"enemies":"R_Hoarder","floor":41,"turns":3},{"damage":0,"enemies":"Spire Growth","floor":45,"turns":3},{"damage":31,"enemies":"4 Shapes","floor":47,"turns":1},{"damage":17,"enemies":"Reptomancer","floor":48,"turns":3},{"damage":19,"enemies":"Replay:Hell Engine","floor":50,"turns":5}],"seed_played":"1561011664441813547","potions_obtained":[{"floor":1,"key":"Reflective Coating"},{"floor":7,"key":"DistilledChaos"},{"floor":16,"key":"LifebloodPotion"},{"floor":18,"key":"Elixir"},{"floor":19,"key":"FearPotion"},{"floor":38,"key":"AttackPotion"}],"is_trial":false,"path_per_floor":["M","M","?","?","?","R","M","R","T","M","M","E","R","M","R","B",null,"M","M","?","$","M","R","M","?","T","?","E","$","R","M","R","B",null,"M","$","M","M","?","R","E","R","T","$","M","R","M","E","R","B",null],"character_chosen":"THE_STARBREAKER","items_purchased":["Gremlin Horn","Regal Pillow","Torii","Pet Ghost","Moonworks:TreasureThief","Replay:Bottled Snecko"],"campfire_rested":1,"item_purchase_floors":[0,0,0,0,21,29],"current_hp_per_floor":[48,48,53,35,38,38,38,38,38,38,37,37,37,37,37,25,65,63,63,63,63,55,55,55,55,55,55,47,47,47,47,47,41,65,65,65,65,65,65,65,65,65,65,65,65,65,34,28,62,46],"gold":314,"neow_bonus":"","is_daily":false,"chose_seed":false,"campfire_upgraded":9,"win_rate":0.0,"timestamp":1614387627,"path_taken":["M","M","?","?","?","R","M","R","T","M","M","E","R","?","R","BOSS","M","M","?","$","?","R","M","?","T","?","E","$","R","?","R","BOSS","M","$","M","M","?","R","E","R","T","$","M","R","M","E","R","BOSS"],"items_purchased_type":["Relic","Relic","Relic","Relic","Card","Relic"],"build_version":"2020-12-22","purchased_purges":1,"victory":true,"max_hp_per_floor":[60,60,65,65,65,65,65,65,65,65,65,65,65,65,65,65,65,65,65,65,65,65,65,65,65,65,65,65,65,65,65,65,65,65,65,65,65,65,65,65,65,65,65,65,65,65,65,65,65,65],"card_choices":[{"not_picked":["Moonworks:LulusLuckyEgg","Moonworks:x16BigRocket"],"picked":"Moonworks:Poppoformation","floor":1},{"not_picked":["Moonworks:CloudOfSeagulls","Moonworks:EvilSpyWorkPreparation"],"picked":"Moonworks:NicePresent","floor":2},{"not_picked":["Moonworks:IndiscriminateFireSupport","Moonworks:CloudOfSeagulls"],"picked":"Moonworks:RocketCannon","floor":7},{"not_picked":["Moonworks:EvilSpyWorkPreparation","Moonworks:SakisCookie"],"picked":"Moonworks:NicePresent","floor":10},{"not_picked":["Moonworks:ExtendedPhotonRifle","Moonworks:ScrambledEve","Moonworks:TacticalRetreat"],"picked":"SKIP","floor":11},{"not_picked":["Moonworks:Bloodlust","Moonworks:EvilSpyWorkPreparation"],"picked":"Moonworks:IndiscriminateFireSupport","floor":12},{"not_picked":["Moonworks:ImmovableObject","Moonworks:JonathanRush"],"picked":"Moonworks:Dash","floor":14},{"not_picked":["Moonworks:StarBlastingFuse","Moonworks:ShieldCounter"],"picked":"Moonworks:EvilMastermind","floor":16},{"not_picked":["Moonworks:Flamethrower","Moonworks:DeployBits"],"picked":"Moonworks:DevilHand+1","floor":18},{"not_picked":["Moonworks:AwakeningOfTalent","Moonworks:BeyondHell+1"],"picked":"Moonworks:UnpaidWork","floor":19},{"not_picked":["Moonworks:JonathanRush","Moonworks:CloudOfSeagulls+1","Moonworks:EvilSpyWorkPreparation"],"picked":"SKIP","floor":22},{"not_picked":["Moonworks:EvilSpyWorkPreparation","Moonworks:CookingTime"],"picked":"Moonworks:WindyEnchantment","floor":24},{"not_picked":["Moonworks:EvilSpyWorkPreparation","Moonworks:BigMagnum","Moonworks:StarBlastingFuse"],"picked":"SKIP","floor":28},{"not_picked":["Moonworks:FullSpeedAlicianrone","Moonworks:JonathanRush","Moonworks:BigMagnum"],"picked":"SKIP","floor":31},{"not_picked":["Moonworks:WeAreWaruda","Moonworks:MetallicMonocoque"],"picked":"Moonworks:GoAway","floor":33},{"not_picked":["Moonworks:DeployBits","Moonworks:LulusLuckyEgg"],"picked":"Moonworks:MiracleRedBeanIceCream","floor":35},{"not_picked":["Moonworks:IndiscriminateFireSupport","Moonworks:RedAndBlue","Moonworks:StiffCrystal+1"],"picked":"SKIP","floor":37},{"not_picked":["Moonworks:ImOnFire","Moonworks:SakisCookie+1","Moonworks:ImmovableObject"],"picked":"SKIP","floor":38},{"not_picked":["Moonworks:BigMagnum","Moonworks:Assault+1"],"picked":"Moonworks:MeltingMemories","floor":41},{"not_picked":["Moonworks:EvilSpyWorkPreparation+1","Moonworks:IndiscriminateFireSupport","Moonworks:BigMagnum+1"],"picked":"SKIP","floor":45},{"not_picked":["Moonworks:ImOnFire","Moonworks:HolyNight","Moonworks:IndiscriminateFireSupport+1"],"picked":"SKIP","floor":47},{"not_picked":["Moonworks:IndiscriminateFireSupport","Moonworks:BigMagnum","Moonworks:Poppoformation"],"picked":"SKIP","floor":48}],"player_experience":679241,"relics_obtained":[{"floor":9,"key":"reliquary:Aerogel"},{"floor":12,"key":"Grinning Jar"},{"floor":26,"key":"Counterbalance"},{"floor":28,"key":"reliquary:SculptingSteel"},{"floor":34,"key":"PreservedInsect"},{"floor":34,"key":"Pantograph"},{"floor":34,"key":"Replay:Multitool"},{"floor":39,"key":"Boot"},{"floor":41,"key":"Garlic"},{"floor":42,"key":"Bronze Scales"},{"floor":43,"key":"reliquary:IridiumChain"},{"floor":48,"key":"Pen Nib"}],"event_choices":[{"damage_healed":0,"gold_gain":0,"player_choice":"Donut","damage_taken":0,"max_hp_gain":5,"max_hp_loss":0,"event_name":"Big Fish","floor":3,"gold_loss":0},{"damage_healed":0,"gold_gain":0,"player_choice":"Relic ","damage_taken":18,"max_hp_gain":0,"max_hp_loss":0,"event_name":"betterThird:BetterScrap","floor":4,"gold_loss":0,"cards_obtained":["Feel No Pain"]},{"damage_healed":3,"gold_gain":0,"player_choice":"LEAVE ","damage_taken":0,"relics_obtained":[],"max_hp_gain":0,"max_hp_loss":0,"event_name":"betterSkull:BetterSkull","floor":5,"gold_loss":0,"cards_upgraded":[]},{"damage_healed":0,"gold_gain":0,"cards_transformed":["Moonworks:Strike"],"player_choice":"Transformed","damage_taken":0,"max_hp_gain":0,"max_hp_loss":0,"event_name":"Transmorgrifier","floor":20,"gold_loss":0,"cards_obtained":["Moonworks:RedAndBlue"]},{"damage_healed":0,"gold_gain":0,"player_choice":"Read","damage_taken":0,"max_hp_gain":0,"max_hp_loss":0,"event_name":"The Library","floor":25,"gold_loss":0,"cards_obtained":["Moonworks:MetallicMonocoque"]},{"damage_healed":0,"gold_gain":0,"player_choice":"Bought 0 Potions","damage_taken":0,"max_hp_gain":0,"max_hp_loss":0,"event_name":"The Woman in Blue","floor":27,"gold_loss":0}],"is_beta":false,"boss_relics":[{"not_picked":["ChewingGum","Replay:Wanted Poster"],"picked":"reliquary:ThirdArm"},{"not_picked":["reliquary:RedCape","Painkiller Herb"],"picked":"Replay:Grab Bag"},{"not_picked":["Runic Dome","Velvet Choker"],"picked":"ReplayTheSpireMod:DimensionalGlitch"},{"not_picked":["Fusion Hammer","Replay:Bronze Core"],"picked":"reliquary:WritOfMandamus"},{"not_picked":["Moonworks:SBBomb","Replay:Drink Me"],"picked":"Calling Bell"}],"items_purged_floors":[21],"is_endless":false,"potions_floor_spawned":[1,7,16,18,19,22,38,45,48],"ascension_level":0}}