{"host":"359hz4210ybch7ku","time":1614448549,"event":{"mods":["BaseMod","Block Reminder","Colored Map","Colored Powertips","Highlight Path","Minty Spire (QoL Compilation)","Slay the Relics Exporter","StSLib"],"gold_per_floor":[110,110,110,35,59,59,102,102,102,135,85,85,61,104,104,228,228,251,151,151,151,26,26,65,65,65,65,101,101,117,117,117,237,237,257,281,296,146,164,164,197,217,217,240,39,79,79,99,99,99,99,99,22,65,65],"floor_reached":56,"language":"ENG","playtime":4729,"items_purged":["Defend_B","Defend_B","Strike_B","Dualcast","Defend_B"],"score":1413,"play_id":"e3c7a19a-eec2-45eb-a361-990424921d74","local_time":"20210227095549","is_ascension_mode":true,"campfire_choices":[{"data":"Coolheaded","floor":6,"key":"SMITH"},{"data":"Gash","floor":8,"key":"SMITH"},{"floor":15,"key":"REST"},{"data":"Defragment","floor":23,"key":"SMITH"},{"data":"Gash","floor":25,"key":"SMITH"},{"data":"Capacitor","floor":27,"key":"SMITH"},{"floor":29,"key":"RECALL"},{"floor":32,"key":"REST"},{"data":"Go for the Eyes","floor":40,"key":"SMITH"},{"data":"FTL","floor":49,"key":"SMITH"},{"data":"Defend_B","floor":52,"key":"SMITH"}],"circlet_count":0,"master_deck":["Defend_B+1","Gash+1","Coolheaded+1","Rebound","Hologram+1","Chill+1","Coolheaded+1","Capacitor+1","Defragment+1","Gash+1","Rebound","FTL+1","Go for the Eyes+1","Glacier+1","Hologram+1","Gash+1","Thinking Ahead+1","Hologram+1","Capacitor"],"relics":["FrozenCore","NeowsBlessing","Golden Idol","Juzu Bracelet","Toxic Egg 2","Omamori","Shuriken","Gremlin Horn","Bottled Flame","Busted Crown","Pear","Pen Nib","Thread and Needle","Sundial"],"acts_visited":["Exordium","TheCity","TheBeyond","TheEnding"],"potions_floor_usage":[14,33,54,55,55,55],"damage_taken":[{"damage":0,"enemies":"Small Slimes","floor":1,"turns":1},{"damage":0,"enemies":"2 Louse","floor":5,"turns":1},{"damage":0,"enemies":"Gremlin Nob","floor":7,"turns":1},{"damage":27,"enemies":"Lagavulin","floor":10,"turns":6},{"damage":3,"enemies":"3 Sentries","floor":14,"turns":8},{"damage":29,"enemies":"The Guardian","floor":16,"turns":10},{"damage":6,"enemies":"Spheric Guardian","floor":18,"turns":4},{"damage":11,"enemies":"Gremlin Leader","floor":24,"turns":7},{"damage":12,"enemies":"Book of Stabbing","floor":28,"turns":5},{"damage":1,"enemies":"Chosen","floor":30,"turns":4},{"damage":0,"enemies":"Champ","floor":33,"turns":8},{"damage":8,"enemies":"3 Darklings","floor":35,"turns":5},{"damage":5,"enemies":"Orb Walker","floor":36,"turns":3},{"damage":5,"enemies":"Transient","floor":37,"turns":5},{"damage":0,"enemies":"Sphere and 2 Shapes","floor":39,"turns":4},{"damage":0,"enemies":"Giant Head","floor":41,"turns":6},{"damage":0,"enemies":"Maw","floor":42,"turns":6},{"damage":1,"enemies":"4 Shapes","floor":44,"turns":4},{"damage":0,"enemies":"Reptomancer","floor":46,"turns":5},{"damage":7,"enemies":"3 Darklings","floor":48,"turns":4},{"damage":4,"enemies":"Awakened One","floor":50,"turns":6},{"damage":17,"enemies":"Shield and Spear","floor":54,"turns":8},{"damage":42,"enemies":"The Heart","floor":55,"turns":10}],"seed_played":"2877627002071825125","potions_obtained":[{"floor":10,"key":"SkillPotion"},{"floor":16,"key":"EssenceOfDarkness"},{"floor":24,"key":"Dexterity Potion"},{"floor":28,"key":"Ancient Potion"},{"floor":30,"key":"Fire Potion"},{"floor":37,"key":"SteroidPotion"},{"floor":39,"key":"DuplicationPotion"},{"floor":44,"key":"Block Potion"},{"floor":54,"key":"Dexterity Potion"}],"is_trial":false,"path_per_floor":["M","?","?","$","M","R","E","R","T","E","?","?","$","E","R","B",null,"M","$","?","?","$","R","E","R","T","R","E","R","M","?","R","B",null,"M","M","M","$","M","R","E","M","T","M","$","E","?","M","R","B",null,"R","$","E","B",null],"character_chosen":"DEFECT","items_purchased":["Coolheaded+1","Hologram+1","Capacitor"],"campfire_rested":2,"item_purchase_floors":[13,45,53],"current_hp_per_floor":[75,69,69,69,69,69,69,69,69,42,42,42,42,39,59,30,69,63,63,63,63,63,63,52,52,52,52,40,40,39,39,59,59,69,61,56,51,51,51,51,61,61,61,60,60,60,60,53,53,49,79,79,79,62,20],"gold":65,"neow_bonus":"THREE_ENEMY_KILL","is_daily":false,"chose_seed":false,"campfire_upgraded":8,"win_rate":0.0,"timestamp":1614448549,"path_taken":["M","?","?","$","M","R","E","R","T","E","?","?","$","E","R","BOSS","M","$","?","?","$","R","E","R","T","R","E","R","M","?","R","BOSS","M","M","M","$","M","R","E","M","T","M","$","E","?","M","R","BOSS","R","$","E","BOSS"],"items_purchased_type":["Card","Card","Card"],"build_version":"2020-12-22","purchased_purges":5,"victory":true,"max_hp_per_floor":[75,69,69,69,69,69,69,69,69,69,69,69,69,69,69,69,69,69,69,69,69,69,69,69,69,69,69,69,69,69,69,69,69,69,69,69,69,69,69,69,79,79,79,79,79,79,79,79,79,79,79,79,79,79,79],"card_choices":[{"not_picked":["Rebound","Loop"],"picked":"Gash","floor":1},{"not_picked":["Turbo","Rebound"],"picked":"Coolheaded","floor":5},{"not_picked":["Fusion","Machine Learning"],"picked":"Rebound","floor":7},{"not_picked":["Ball Lightning","Double Energy+1"],"picked":"Hologram+1","floor":10},{"not_picked":["Ball Lightning","Undo+1","Streamline"],"picked":"SKIP","floor":14},{"not_picked":["Streamline","Compile Driver+1"],"picked":"Capacitor","floor":18},{"not_picked":["Conserve Battery+1","Redo+1"],"picked":"Gash","floor":24},{"not_picked":["Steam+1","Compile Driver+1","Lockon"],"picked":"SKIP","floor":28},{"not_picked":["Beam Cell","Barrage+1"],"picked":"Rebound","floor":30},{"not_picked":[],"picked":"FTL","floor":35},{"not_picked":[],"picked":"Go for the Eyes","floor":36},{"not_picked":["Streamline+1"],"picked":"SKIP","floor":37},{"not_picked":["Go for the Eyes+1"],"picked":"SKIP","floor":39},{"not_picked":["Streamline+1"],"picked":"SKIP","floor":41},{"not_picked":["Steam+1"],"picked":"SKIP","floor":42},{"not_picked":[],"picked":"Glacier+1","floor":44},{"not_picked":[],"picked":"Gash+1","floor":46},{"not_picked":[],"picked":"Thinking Ahead+1","floor":47},{"not_picked":[],"picked":"Hologram+1","floor":48},{"not_picked":["Amplify+1"],"picked":"SKIP","floor":54}],"player_experience":376874,"relics_obtained":[{"floor":7,"key":"Juzu Bracelet"},{"floor":9,"key":"Toxic Egg 2"},{"floor":10,"key":"Omamori"},{"floor":14,"key":"Shuriken"},{"floor":24,"key":"Gremlin Horn"},{"floor":28,"key":"Bottled Flame"},{"floor":41,"key":"Pear"},{"floor":43,"key":"Pen Nib"},{"floor":46,"key":"Thread and Needle"},{"floor":54,"key":"Sundial"}],"event_choices":[{"damage_healed":0,"gold_gain":0,"player_choice":"Lose Max HP","damage_taken":0,"relics_obtained":["Golden Idol"],"max_hp_gain":0,"max_hp_loss":6,"event_name":"Golden Idol","floor":2,"gold_loss":0},{"cards_removed":["Strike_B"],"damage_healed":0,"gold_gain":0,"player_choice":"Forget","damage_taken":0,"max_hp_gain":0,"max_hp_loss":0,"event_name":"Living Wall","floor":3,"gold_loss":0},{"cards_removed":["Zap"],"damage_healed":0,"gold_gain":0,"player_choice":"Card Removal","damage_taken":0,"max_hp_gain":0,"max_hp_loss":0,"event_name":"The Cleric","floor":11,"gold_loss":50},{"damage_healed":0,"gold_gain":0,"cards_transformed":["Strike_B"],"player_choice":"Transformed","damage_taken":0,"max_hp_gain":0,"max_hp_loss":0,"event_name":"Transmorgrifier","floor":12,"gold_loss":0,"cards_obtained":["Chill"]},{"cards_removed":["Strike_B"],"damage_healed":0,"gold_gain":0,"player_choice":"Elegance","damage_taken":0,"max_hp_gain":0,"max_hp_loss":0,"event_name":"Back to Basics","floor":20,"gold_loss":0},{"damage_healed":0,"gold_gain":0,"player_choice":"Read","damage_taken":0,"max_hp_gain":0,"max_hp_loss":0,"event_name":"The Library","floor":21,"gold_loss":0,"cards_obtained":["Defragment"]},{"damage_healed":0,"gold_gain":0,"player_choice":"Ignored","damage_taken":0,"max_hp_gain":0,"max_hp_loss":0,"event_name":"Ghosts","floor":31,"gold_loss":0},{"damage_healed":0,"gold_gain":0,"player_choice":"Memory 1","damage_taken":0,"max_hp_gain":0,"max_hp_loss":0,"event_name":"SensoryStone","floor":47,"gold_loss":0}],"is_beta":false,"boss_relics":[{"not_picked":["SlaversCollar","Coffee Dripper"],"picked":"FrozenCore"},{"not_picked":["Snecko Eye","Runic Dome"],"picked":"Busted Crown"}],"items_purged_floors":[4,19,22,38,45],"is_endless":false,"potions_floor_spawned":[10,16,24,28,30,37,39,42,44,54],"ascension_level":2}}