{"host":"dw8189mw8rzr4e13","time":1614433838,"event":{"mods":["Act Like it!","BaseMod","Better Vampires","Colored Powertips","Library of Ruina","Library of Ruina Extra","Minty Spire (QoL Compilation)","Rare Cards Sparkle","StSLib"],"gold_per_floor":[110,110,127,127,139,172,172,197,197,230,230,247,247,263,263,359,359,378,393,133,147,147,180,219,265,277,289,301,367,398,426,438,554,566,596,660,160,210,268,295,295,295,342,374,374,387,437,468,468,468,468],"floor_reached":50,"language":"ZHS","playtime":3153,"items_purged":["LightAttack","LightAttack"],"score":790,"play_id":"820f144c-f0ae-4874-aebb-c8c891cad8dc","local_time":"20210227215038","is_ascension_mode":false,"campfire_choices":[{"data":"BiXi","floor":7.0,"key":"SMITH"},{"data":"DesperateStruggle","floor":13.0,"key":"SMITH"},{"data":"DarkCloud","floor":15.0,"key":"SMITH"},{"data":"Apotheosis","floor":28.0,"key":"SMITH"},{"floor":32.0,"key":"RECALL"},{"floor":42,"key":"REST"},{"floor":49,"key":"REST"}],"circlet_count":0,"master_deck":["Dodge","LightDefense","LightDefense","LightDefense","LightDefense","ChargeAndCover","FocusedStrikes+1","Gamble","Commandeering","BiXi+1","Execute_lor","WillBeTasty","FrontalAssault","DesperateStruggle+1","DarkCloud+1","Decapitation","QuickAttack+1","JiaoTu+1","Apotheosis+1","Eliminate","SturdyDefense+1","GutHarvesting","Struggle+1","Preparation+1","Suppress","Mayhem","AGoldenOpportunity+1","Finesse"],"relics":["PageOfLibrarian","PageOfBigBird","MealTicket","Nunchaku","Gremlin Horn","PageOfGalaxyChild","FaceOfCleric","SlaversCollar","MawBank","Red Mask","Regal Pillow","PageOfLumberjack","Fusion Hammer","PageOfPinocchio","Prayer Wheel","Gambling Chip","Mercury Hourglass","PageOfSingingMachine"],"acts_visited":["Exordium","TheCity","TheBeyond"],"potions_floor_usage":[],"damage_taken":[{"damage":0.0,"enemies":"2 Louse","floor":1.0,"turns":3.0},{"damage":0.0,"enemies":"Cultist","floor":3.0,"turns":3.0},{"damage":0.0,"enemies":"Small Slimes","floor":5.0,"turns":2.0},{"damage":15.0,"enemies":"Gremlin Nob","floor":6.0,"turns":5.0},{"damage":16.0,"enemies":"Lagavulin","floor":8.0,"turns":5.0},{"damage":14.0,"enemies":"Gremlin Nob","floor":10.0,"turns":3.0},{"damage":0.0,"enemies":"2 Fungi Beasts","floor":12.0,"turns":2.0},{"damage":0.0,"enemies":"Looter","floor":14.0,"turns":3.0},{"damage":16.0,"enemies":"Hexaghost","floor":16.0,"turns":7.0},{"damage":32.0,"enemies":"2 Thieves","floor":18.0,"turns":4.0},{"damage":12.0,"enemies":"Spheric Guardian","floor":19.0,"turns":3.0},{"damage":0.0,"enemies":"Snecko","floor":21.0,"turns":3.0},{"damage":2.0,"enemies":"Gremlin Leader","floor":23.0,"turns":4.0},{"damage":12.0,"enemies":"Masked Bandits","floor":24.0,"turns":4.0},{"damage":2.0,"enemies":"Slavers","floor":25.0,"turns":4.0},{"damage":11.0,"enemies":"Snake Plant","floor":29.0,"turns":3.0},{"damage":0.0,"enemies":"3 Cultists","floor":30.0,"turns":3.0},{"damage":3.0,"enemies":"Snecko","floor":31.0,"turns":3.0},{"damage":2.0,"enemies":"Collector","floor":33.0,"turns":7.0},{"damage":3.0,"enemies":"3 Darklings","floor":35.0,"turns":4.0},{"damage":0.0,"enemies":"Orb Walker","floor":36.0,"turns":3.0},{"damage":0.0,"enemies":"Mind Bloom Boss Battle","floor":38.0,"turns":3.0},{"damage":0.0,"enemies":"Sphere and 2 Shapes","floor":39.0,"turns":4.0},{"damage":42,"enemies":"Nemesis","floor":40,"turns":7},{"damage":13,"enemies":"Giant Head","floor":44,"turns":5},{"damage":2,"enemies":"Transient","floor":46,"turns":5},{"damage":10,"enemies":"2 Orb Walkers","floor":47,"turns":3},{"damage":2,"enemies":"Reptomancer","floor":48,"turns":3},{"damage":3,"enemies":"Awakened One","floor":50,"turns":8}],"seed_played":"-8326850097904945356","potions_obtained":[{"floor":1.0,"key":"AttackPotion"},{"floor":8.0,"key":"Explosive Potion"},{"floor":10.0,"key":"SmokeBomb"},{"floor":12.0,"key":"Ancient Potion"},{"floor":18.0,"key":"LiquidMemories"},{"floor":36.0,"key":"Fruit Juice"},{"floor":40,"key":"Swift Potion"}],"is_trial":false,"path_per_floor":["M","?","M","?","M","E","R","E","T","E","?","M","R","M","R","B",null,"M","M","$","M","?","E","?","E","T","?","R","M","M","M","R","B",null,"M","M","$","?","M","E","?","R","T","E","?","M","?","E","R","B"],"character_chosen":"Librarian","items_purchased":["Apotheosis","PageOfPinocchio","Mayhem"],"campfire_rested":2,"item_purchase_floors":[20,37,37],"current_hp_per_floor":[60,53,53,53,53,38,38,22,22,10,10,17,17,26,26,19,66,37,34,49,58,58,66,66,76,76,57,57,56,69,79,79,90,103,103,110,110,111,112,73,73,109,109,99,99,111,102,111,113,112,112],"gold":468,"neow_bonus":"UPGRADE_CARD","is_daily":false,"chose_seed":false,"campfire_upgraded":4,"win_rate":0.0,"timestamp":1614433838,"path_taken":["M","?","M","?","?","E","R","E","T","E","?","M","R","?","R","BOSS","BOSS","M","M","$","M","?","E","?","E","T","?","R","M","M","M","R","BOSS","M","M","$","?","M","E","?","R","T","E","?","M","?","E","R","BOSS"],"items_purchased_type":["Card","Relic","Card"],"build_version":"2020-12-22","purchased_purges":2,"victory":false,"max_hp_per_floor":[91,91,65,65,65,63,63,63,63,63,63,64,64,65,65,66,66,67,68,68,91,91,92,93,94,94,99,99,100,101,102,102,103,103,104,110,110,111,112,115,109,109,109,110,110,111,112,113,113,113,113],"card_choices":[{"not_picked":["DesperateStruggle","StructuralAnalysis","BayonetCombat","Ripple","PreparedMind","OminousPower","StrikeDown","Parry2"],"picked":"Gamble","floor":1.0},{"not_picked":["HandleRequest","StrikeDown","EndlessBattle","MultiHit","Collision","AsThePrescriptOrders","Parry","UpbeatPerformance"],"picked":"Commandeering","floor":3.0},{"not_picked":["HandleRequest","HighKick","BalefulBrand","QuickSuppression","UpbeatPerformance","Rewind","OminousPower","Faith"],"picked":"BiXi","floor":5.0},{"not_picked":["CumulusWall","FleetFootsteps","UpbeatPerformance","GroundSmash","DriedUp","ExtractFuel","MirageStorm","BackAttack"],"picked":"Execute_lor","floor":6.0},{"not_picked":["Tailoring","BiXi","Pound","TheRedNotes","Eject","GreatSerpentsImpact","SnakesPrey","MultiBlock"],"picked":"WillBeTasty","floor":8.0},{"not_picked":["Parry","GrazeTheGrass","ButterflySlash","Standoff","Marionette","FrontalAssault","SwordOfVolition","OpportunitySpotted","ProselytesBlade"],"picked":"SKIP","floor":10.0},{"not_picked":["Parry","GrazeTheGrass","ButterflySlash","Standoff","Marionette","SwordOfVolition","OpportunitySpotted","ProselytesBlade"],"picked":"FrontalAssault","floor":10.0},{"not_picked":["QuickSuppression","BlindFaith","Gamble","GrazeTheGrass","Leap_lor","IronWall","OminousPower","Quickness"],"picked":"DesperateStruggle","floor":12.0},{"not_picked":["HighKick","Brawl","EnergyCycle","WrathOfTorment","CombatPreparation","EndlessBattle","Clone","Concentration"],"picked":"DarkCloud","floor":14.0},{"not_picked":["Disposal","SenseQuarry"],"picked":"Decapitation","floor":16.0},{"not_picked":["TieShanKao","Leap_lor","Thrust","HiddenBlade","WillOfThePrescript","CookingPrep","Reload","Retaliate"],"picked":"QuickAttack+1","floor":18.0},{"not_picked":["DarkCloud","Standoff","Rewind","SharpSwipe","BayonetCombat","PreparedMind","Gamble","Wallop_lor"],"picked":"JiaoTu+1","floor":19.0},{"not_picked":["CoordinatedAssault+1","SteelKnuckles","JiaoTu+1","GuardingStance","AlloutWar","ChiWen","SomberProcuration","DarkCloud","FlowOfTheSword+1"],"picked":"SKIP","floor":21.0},{"not_picked":["SpearedSweep+1","MultiHit+1","FierceCharge","BayonetCombat","Thrust","WillOfThePrescript","RulesOfTheBackstreets+1","BulkyImpact"],"picked":"SturdyDefense+1","floor":23.0},{"not_picked":["FlashOfSunup+1","YoureAHindrance","SunsetBlade+1","RhinoRam","Pound","RipSpace","EnergyShield","ConcentratedFire"],"picked":"GutHarvesting","floor":25.0},{"not_picked":["Outburst","SetFire","ViolentFlame","TendonChords","Marionette","ProselytesBlade","SkitterAway","Wallop_lor","FrontalAssault"],"picked":"SKIP","floor":29.0},{"not_picked":["Outburst","SetFire","ViolentFlame","TendonChords","Marionette","ProselytesBlade","SkitterAway","Wallop_lor","FrontalAssault"],"picked":"SKIP","floor":29.0},{"not_picked":["TheWillOfTheCity","SharpSwipe","EndlessBattle","WillOfThePrescript","QuickSuppression+1","ViolentFlame+1","TimeForALittleTest+1","FormingStorm"],"picked":"Struggle+1","floor":30.0},{"not_picked":["ElectricShock","ReadyUp","Bvapour+1","CumulusWall","Slice_lor","PreemptiveStrike","FierceOnslaught","Reload"],"picked":"Preparation+1","floor":31.0},{"not_picked":["GoinFirst","Eradication"],"picked":"Suppress","floor":33.0},{"not_picked":["SteelKnuckles","SmokingPipe","Eject+1","Rewind","DevastatingThrash","DarkCloud","Leap_lor+1","DesperateStruggle+1","HandleRequest"],"picked":"SKIP","floor":35.0},{"not_picked":["SteelKnuckles","SmokingPipe","Eject+1","Rewind","DevastatingThrash","DarkCloud","Leap_lor+1","DesperateStruggle+1","HandleRequest"],"picked":"SKIP","floor":35.0},{"not_picked":["BoundaryOfDeath","FlashingStrike","Gamble","DefenseOrder+1","FervidEmotions","SnakesPrey+1","Struggle","SmokingPipe+1","UnavoidableGaze"],"picked":"SKIP","floor":36.0},{"not_picked":["CombatPreparation","CoordinatedAssault","FrontalAssault+1","BlindFaith","UpbeatPerformance+1","Wallop_lor","FlashOfSunup+1","RagingStormLove"],"picked":"AGoldenOpportunity+1","floor":39},{"not_picked":["FaintMemories+1","Diversion","HardRehearsal","TheWillOfTheCity+1","NightInTheBackstreets+1","FlashOfSunup+1","WaitUp","Marionette+1","Leap_lor+1"],"picked":"SKIP","floor":39},{"not_picked":["YouOnlyLiveOnce+1","QuickSuppression","Rampage_lor","LossOfSenses+1","SunsetBlade","SmokingPipe","BulkyImpact","SnakeSlit","EnergyStrike"],"picked":"SKIP","floor":40},{"not_picked":["AssaultOrder","CutIn","ExtremeEdge","StructuralAnalysis+1","SmokingPipe","FleetEdge","AutomatedMovement","IronWall","EnergyCycle"],"picked":"SKIP","floor":44},{"not_picked":["Discovery","Purity","Deep Breath","The Bomb","Jack Of All Trades","Trip","Dramatic Entrance","Madness"],"picked":"Finesse","floor":45},{"not_picked":["TheWillOfTheCity+1","PinpointShot+1","HighKick","Rewind+1","WillOfThePrescript+1","DaringDecision","BiAn+1","StrongStrike","UpbeatPerformance"],"picked":"SKIP","floor":46},{"not_picked":["AGoldenOpportunity+1","Leap_lor","HandleRequest+1","PreemptiveStrike","DevastatingThrash+1","GreatSerpentsImpact","SerpentineBarrier+1","Punishment","UnavoidableGaze"],"picked":"SKIP","floor":46},{"not_picked":["DistortedBlade","JiaoTu","Reload","DarkCloud+1","FleetEdge","BindingChains+1","QuickAttack+1","SomberProcuration","Quickness"],"picked":"SKIP","floor":48}],"player_experience":600866,"relics_obtained":[{"floor":6.0,"key":"MealTicket"},{"floor":8.0,"key":"Nunchaku"},{"floor":9.0,"key":"Gremlin Horn"},{"floor":10.0,"key":"PageOfGalaxyChild"},{"floor":23.0,"key":"MawBank"},{"floor":24.0,"key":"Red Mask"},{"floor":25.0,"key":"Regal Pillow"},{"floor":26.0,"key":"PageOfLumberjack"},{"floor":38.0,"key":"Prayer Wheel"},{"floor":40,"key":"Gambling Chip"},{"floor":44,"key":"Mercury Hourglass"},{"floor":48,"key":"PageOfSingingMachine"}],"event_choices":[{"cards_removed":["LightAttack"],"damage_healed":0.0,"max_hp_gain":0.0,"max_hp_loss":0.0,"gold_gain":0.0,"event_name":"Golden Wing","player_choice":"Card Removal","floor":2.0,"gold_loss":0.0,"damage_taken":7.0},{"damage_healed":0.0,"max_hp_gain":0.0,"max_hp_loss":0.0,"gold_gain":0.0,"event_name":"WeMeetAgain","player_choice":"Gave Potion","floor":4.0,"gold_loss":0.0,"damage_taken":0.0,"relics_obtained":["PageOfBigBird"]},{"damage_healed":0.0,"max_hp_gain":0.0,"max_hp_loss":0.0,"gold_gain":0.0,"event_name":"FaceTrader","player_choice":"Trade","floor":11.0,"gold_loss":0.0,"damage_taken":0.0,"relics_obtained":["FaceOfCleric"]},{"damage_healed":0.0,"max_hp_gain":0.0,"max_hp_loss":0.0,"gold_gain":0.0,"event_name":"The Library","player_choice":"Read","floor":22.0,"gold_loss":0.0,"damage_taken":0.0,"cards_obtained":["Eliminate"]},{"damage_healed":0.0,"max_hp_gain":0.0,"max_hp_loss":0.0,"gold_gain":0.0,"event_name":"Masked Bandits","player_choice":"Fought Bandits","floor":24.0,"gold_loss":0.0,"damage_taken":0.0},{"damage_healed":0.0,"max_hp_gain":5.0,"max_hp_loss":0.0,"gold_gain":0.0,"event_name":"Forgotten Altar","player_choice":"Shed Blood","floor":27.0,"gold_loss":0.0,"damage_taken":24.0},{"damage_healed":0.0,"max_hp_gain":0.0,"max_hp_loss":0.0,"gold_gain":0.0,"event_name":"MindBloom","player_choice":"Fight","floor":38.0,"gold_loss":0.0,"damage_taken":0.0},{"damage_healed":0,"gold_gain":0,"player_choice":"Max HP","damage_taken":0,"max_hp_gain":0,"max_hp_loss":6,"event_name":"Winding Halls","floor":41,"gold_loss":0},{"damage_healed":0,"gold_gain":0,"player_choice":"Memory 1","damage_taken":0,"max_hp_gain":0,"max_hp_loss":0,"event_name":"SensoryStone","floor":45,"gold_loss":0},{"damage_healed":0,"gold_gain":0,"player_choice":"Fight","damage_taken":0,"max_hp_gain":0,"max_hp_loss":0,"event_name":"Mysterious Sphere","floor":47,"gold_loss":0}],"is_beta":false,"boss_relics":[{"not_picked":["Philosopher\u0027s Stone","Velvet Choker"],"picked":"SlaversCollar"},{"not_picked":["SacredBark","Cursed Key"],"picked":"Fusion Hammer"}],"items_purged_floors":[20,37],"is_endless":false,"potions_floor_spawned":[1,8,10,12,18,21,23,25,36,40,46,48],"killed_by":"Awakened One","ascension_level":0}}