{"host":"75zu4da7xyji8683","time":1614384127,"event":{"mods":["AchievementEnabler","BaseMod","Colored Map","Colored Powertips","Hermit","Hero for Fun","Hubris","Infinite Spire","Marisa????????","Minty Spire (QoL Compilation)","Random Character Button","Relic Stats","Remilia??????","Replay The Spire","StSLib","The Animator","The Cursed","The Disciple","The Hierophant","The Mystic","The Necromancer","The Poker Player","The Runesmith","The Saiyan","The Servant 0.9.4","The Wild Card","Yuri Mod","Yuyuko"],"gold_per_floor":[87,87,101,119,89,89,117,117,117,117,117,132,132,163,174,185,185,287,287,300,300,310,102,114,128,128,143,143,103,133,146,109,126,126,222,222,233,249,269,283,302,302,302,302,328,328,345,363,363,363],"floor_reached":49,"language":"ENG","playtime":4604,"items_purged":[],"score":575,"play_id":"04a4fc0e-f28d-4836-97ec-5e0ecce828c7","local_time":"20210226180207","is_ascension_mode":false,"campfire_choices":[{"data":"Saiyan:KiStrike","floor":6.0,"key":"SMITH"},{"floor":8.0,"key":"REST"},{"floor":17.0,"key":"REST"},{"floor":26.0,"key":"RECALL"},{"floor":34.0,"key":"REST"},{"floor":42,"key":"REST"},{"floor":44,"key":"REST"},{"floor":46,"key":"REST"}],"circlet_count":0,"master_deck":["Saiyan:SAIYA_Strike","Saiyan:SAIYA_Strike","Saiyan:SAIYA_Strike+1","Saiyan:SAIYA_Defend","Saiyan:SAIYA_Defend","Saiyan:SAIYA_Defend","Saiyan:SAIYA_Defend","Saiyan:EnergyBlast+1","Saiyan:KaioKen","Saiyan:RuthlessBlow","Saiyan:KiStrike+1","Saiyan:BurningSoul","Saiyan:UltraInstinct","Saiyan:AugmentedBlast","Saiyan:ExpandingShockwave","Saiyan:MindBoom","Saiyan:DragonFist","Saiyan:DoubleMasenko","Saiyan:TransfigurationBeam","Saiyan:Taunt","Saiyan:Afterimage+1","Saiyan:PowerUp","Saiyan:Quickening","Saiyan:KiStrike+1","Saiyan:Teleport","Saiyan:FingerParry","Saiyan:DragonRadar+1","Saiyan:KiExplosion+1","Saiyan:PowerPole+1","Saiyan:MajinSeal","Saiyan:KameHameHa+1","Saiyan:UltraInstinct+1","Saiyan:Fly+1","Saiyan:DragonRadar","Impatience","Saiyan:Pacing","Saiyan:RemoveWeights"],"relics":["SaiyanSoul","SaiyanHeart","Lizard Tail","infinitespire:Eraser","infinitespire:Broken Mirror","Iron Hammer","Fusion Hammer","Bronze Scales","HornCleat","Molten Egg 2","hubris:TerracottaHorce"],"acts_visited":["Exordium","TheCity","TheBeyond"],"potions_floor_usage":[41,48,49],"damage_taken":[{"damage":0.0,"enemies":"Jaw Worm","floor":1.0,"turns":4.0},{"damage":0.0,"enemies":"Cultist","floor":3.0,"turns":3.0},{"damage":1.0,"enemies":"Small Slimes","floor":4.0,"turns":3.0},{"damage":31.0,"enemies":"Gremlin Nob","floor":7.0,"turns":4.0},{"damage":8.0,"enemies":"Gremlin Gang","floor":12.0,"turns":3.0},{"damage":2.0,"enemies":"Replay:BlueRogue","floor":14.0,"turns":6.0},{"damage":0.0,"enemies":"3 Louse","floor":15.0,"turns":2.0},{"damage":0.0,"enemies":"Lots of Slimes","floor":16.0,"turns":2.0},{"damage":18.0,"enemies":"Hexaghost","floor":18.0,"turns":7.0},{"damage":1.0,"enemies":"Chosen","floor":20.0,"turns":3.0},{"damage":0.0,"enemies":"Spheric Guardian","floor":22.0,"turns":3.0},{"damage":0.0,"enemies":"Centurion and Healer","floor":24.0,"turns":4.0},{"damage":0.0,"enemies":"Shelled Parasite and Fungi","floor":25.0,"turns":3.0},{"damage":18.0,"enemies":"Snake Plant","floor":27.0,"turns":3.0},{"damage":5.0,"enemies":"Replay:Snechameleon","floor":30.0,"turns":3.0},{"damage":0.0,"enemies":"Snecko","floor":31.0,"turns":4.0},{"damage":9.0,"enemies":"Centurion and Healer","floor":33.0,"turns":7.0},{"damage":106.0,"enemies":"Champ","floor":35.0,"turns":13.0},{"damage":0.0,"enemies":"Orb Walker","floor":37.0,"turns":3.0},{"damage":0,"enemies":"3 Shapes","floor":38,"turns":3},{"damage":0,"enemies":"Jaw Worm Horde","floor":39,"turns":2},{"damage":30,"enemies":"Spire Growth","floor":40,"turns":4},{"damage":41,"enemies":"3 Darklings","floor":41,"turns":8},{"damage":9,"enemies":"Maw","floor":47,"turns":8},{"damage":67,"enemies":"Sphere and 2 Shapes","floor":48,"turns":7},{"damage":24,"enemies":"Reptomancer","floor":49,"turns":4}],"seed_played":"6244692991638081380","potions_obtained":[{"floor":1.0,"key":"Death Potion"},{"floor":5.0,"key":"Cursed Concoction"},{"floor":5.0,"key":"Elixir"},{"floor":7.0,"key":"Block Potion"},{"floor":12.0,"key":"Reflective Coating"},{"floor":15.0,"key":"Weak Potion"},{"floor":20.0,"key":"EssenceOfSteel"},{"floor":27.0,"key":"Cursed Concoction"},{"floor":35.0,"key":"Flashbang"},{"floor":38,"key":"Toxic Potion"},{"floor":47,"key":"Block Potion"}],"is_trial":false,"path_per_floor":["M","?","M","M","?","R","E","R","T","PTL","PTL","M","$","E","M","M","R","B",null,"M","?","M","$","M","M","R","M","T","?","E","M","$","M","R","B",null,"M","M","M","M","M","R","?","R","T","R","M","M","E"],"character_chosen":"SAIYAJIN","items_purchased":["Bronze Scales","Saiyan:PowerUp","Saiyan:KiExplosion+1"],"campfire_rested":6,"item_purchase_floors":[23,23,32],"current_hp_per_floor":[67,67,68,69,69,69,38,59,59,59,59,52,52,51,52,53,74,57,75,76,76,78,78,79,80,80,64,64,64,61,63,63,56,82,44,78,79,79,79,51,12,40,40,68,68,94,88,22,0,0],"gold":363,"neow_bonus":"TEN_PERCENT_HP_BONUS","is_daily":false,"chose_seed":false,"campfire_upgraded":1,"win_rate":0.0,"timestamp":1614384127,"path_taken":["M","?","?","M","?","R","E","R","T","PTL","PTL","M","$","E","?","M","R","BOSS","M","?","M","$","M","M","R","?","T","?","E","M","?","M","R","BOSS","M","M","M","M","M","R","?","R","T","R","M","M","E"],"items_purchased_type":["Relic","Card","Card"],"build_version":"2020-12-22","purchased_purges":0,"victory":false,"max_hp_per_floor":[67,67,68,70,70,70,70,70,70,70,70,71,71,72,73,74,74,75,75,77,77,79,79,80,81,81,83,83,83,85,87,87,89,89,89,89,90,90,90,92,94,94,94,94,94,94,97,98,99,99],"relic_stats":{"Lizard Tail":44,"counters":[26,116],"Bronze Scales":[183],"obtain_stats":[{"Lizard Tail":2,"HornCleat":28,"infinitespire:Broken Mirror":9,"Bronze Scales":23,"SaiyanSoul":0,"Molten Egg 2":30,"Iron Hammer":14,"Fusion Hammer":19,"SaiyanHeart":0,"infinitespire:Eraser":7,"hubris:TerracottaHorce":36},{"Lizard Tail":1,"HornCleat":14,"infinitespire:Broken Mirror":4,"Bronze Scales":11,"SaiyanSoul":0,"Molten Egg 2":15,"Iron Hammer":6,"Fusion Hammer":9,"SaiyanHeart":0,"infinitespire:Eraser":4,"hubris:TerracottaHorce":18},{"Lizard Tail":4,"HornCleat":50,"infinitespire:Broken Mirror":14,"Bronze Scales":40,"SaiyanSoul":0,"Molten Egg 2":53,"Iron Hammer":23,"Fusion Hammer":34,"SaiyanHeart":0,"infinitespire:Eraser":14,"hubris:TerracottaHorce":77}]},"card_choices":[{"not_picked":["Saiyan:Quickening","Saiyan:Expend"],"picked":"Saiyan:KiStrike","floor":1.0},{"not_picked":["Saiyan:Flurry","Saiyan:ThirstForFight"],"picked":"Saiyan:BurningSoul","floor":3.0},{"not_picked":["Saiyan:BackAttack","Saiyan:Flurry"],"picked":"Saiyan:UltraInstinct","floor":4.0},{"not_picked":["Saiyan:PlotArmor","Saiyan:PowerUp"],"picked":"Saiyan:AugmentedBlast","floor":7.0},{"not_picked":["Saiyan:Quickening","Saiyan:SaiyanHubris"],"picked":"Saiyan:ExpandingShockwave","floor":12.0},{"not_picked":["Saiyan:PlotArmor","Saiyan:KiExplosion"],"picked":"Saiyan:MindBoom","floor":14.0},{"not_picked":["Saiyan:Quickening","Saiyan:FinalFlash"],"picked":"Saiyan:DragonFist","floor":15.0},{"not_picked":["Saiyan:Quickening","Saiyan:RemoveWeights"],"picked":"Saiyan:DoubleMasenko","floor":16.0},{"not_picked":["Saiyan:HyperTimeChamber","Saiyan:TheBomb"],"picked":"Saiyan:TransfigurationBeam","floor":18.0},{"not_picked":["Saiyan:ExpandingShockwave","Saiyan:Quickening"],"picked":"Saiyan:Taunt","floor":20.0},{"not_picked":["Saiyan:KiExplosion","Saiyan:KiStrike"],"picked":"Saiyan:Afterimage+1","floor":22.0},{"not_picked":["Saiyan:RemoveWeights","Saiyan:Planning"],"picked":"Saiyan:Quickening","floor":24.0},{"not_picked":["Saiyan:RemoveWeights","Saiyan:Quickening"],"picked":"Saiyan:KiStrike+1","floor":25.0},{"not_picked":["Saiyan:TurtleShell","Saiyan:MindBoom"],"picked":"Saiyan:Teleport","floor":27.0},{"not_picked":["Saiyan:SaiyanHubris+1","Saiyan:BurningSoul"],"picked":"Saiyan:FingerParry","floor":30.0},{"not_picked":["Saiyan:Kienzan+1","Saiyan:Pacing"],"picked":"Saiyan:DragonRadar+1","floor":31.0},{"not_picked":["Saiyan:Scouter","Saiyan:PlotArmor"],"picked":"Saiyan:PowerPole+1","floor":33.0},{"not_picked":["Saiyan:SolarFlare","Saiyan:HyperTimeChamber"],"picked":"Saiyan:MajinSeal","floor":35.0},{"not_picked":["Saiyan:DrainingStrike+1","Saiyan:Afterimage"],"picked":"Saiyan:KameHameHa+1","floor":37},{"not_picked":["Saiyan:SpiritSword+1","Saiyan:DragonFist+1"],"picked":"Saiyan:UltraInstinct+1","floor":38},{"not_picked":["Saiyan:WarmUp","Saiyan:ConcussiveBlow+1"],"picked":"Saiyan:Fly+1","floor":39},{"not_picked":["Saiyan:KiExplosion","Saiyan:PowerUp+1"],"picked":"Saiyan:DragonRadar","floor":40},{"not_picked":["Saiyan:KiExplosion+1","Saiyan:ConcussiveBlow+1","Saiyan:Flurry+1"],"picked":"SKIP","floor":41},{"not_picked":["ReplayTheSpireMod:Necrogeddon+1","Forethought"],"picked":"Impatience","floor":43},{"not_picked":["Saiyan:Quickening+1","Saiyan:Flurry+1"],"picked":"Saiyan:Pacing","floor":47},{"not_picked":["Saiyan:WarmUp","Saiyan:CCCapsule+1"],"picked":"Saiyan:RemoveWeights","floor":48}],"player_experience":86592,"relics_obtained":[{"floor":7.0,"key":"infinitespire:Eraser"},{"floor":9.0,"key":"infinitespire:Broken Mirror"},{"floor":14.0,"key":"Iron Hammer"},{"floor":28.0,"key":"HornCleat"},{"floor":30.0,"key":"Molten Egg 2"}],"event_choices":[{"damage_healed":0.0,"max_hp_gain":0.0,"max_hp_loss":0.0,"gold_gain":0.0,"event_name":"WeMeetAgain","player_choice":"Gave Potion","floor":2.0,"gold_loss":0.0,"damage_taken":0.0,"relics_obtained":["Lizard Tail"]},{"damage_healed":0.0,"max_hp_gain":0.0,"max_hp_loss":0.0,"gold_gain":0.0,"event_name":"The Woman in Blue","player_choice":"Bought 2 Potions","floor":5.0,"gold_loss":0.0,"damage_taken":0.0},{"cards_removed":["Saiyan:SAIYA_Strike"],"damage_healed":0.0,"max_hp_gain":0.0,"max_hp_loss":0.0,"gold_gain":0.0,"event_name":"Purifier","player_choice":"Purged","floor":21.0,"gold_loss":0.0,"damage_taken":0.0},{"damage_healed":0.0,"max_hp_gain":0.0,"max_hp_loss":0.0,"gold_gain":0.0,"event_name":"Designer","player_choice":"Upgraded Two","floor":29.0,"gold_loss":40.0,"damage_taken":0.0,"cards_upgraded":["Saiyan:EnergyBlast","Saiyan:SAIYA_Strike"]},{"damage_healed":0,"gold_gain":0,"player_choice":"Memory 1","damage_taken":0,"max_hp_gain":0,"max_hp_loss":0,"event_name":"SensoryStone","floor":43,"gold_loss":0}],"is_beta":false,"boss_relics":[{"not_picked":["Replay:Ancient Bell","Empty Cage"],"picked":"Fusion Hammer"},{"not_picked":["Snecko Eye","Tiny House"],"picked":"hubris:TerracottaHorce"}],"items_purged_floors":[],"is_endless":false,"potions_floor_spawned":[1,7,12,15,20,24,27,31,35,38,47],"killed_by":"Reptomancer","ascension_level":0}}