{"host":"mc5v85iuptizxtr7","time":1614416002,"event":{"mods":["2.2 Compatiblity","Aspiration","Bard","BaseMod","Bestiary","Colored Map","Colored Powertips","Conspire","Curses Come First","Downfall","Duelist Mod","Hermit","Highlight Path","Hubris","Infinite Spire","Jorbs\u0027s Wanderer Trilogy","LagranYue(???·?)","Mad Scientist","Marisa????????","Minty Spire (QoL Compilation)","Permanent Neow","Random Character Button","Relic Stats","Remilia??????","Replay The Spire","StSLib","The Bladedancer","The Bug Knight","The Cursed","The Disciple","The Druid","The Forsaken","The Hierophant","The IronCluck","The Jungle","The Mystic","The Necromancer","The Runesmith","The Servant 0.9.4","The Valiant","The Wild Card","TheBandit","Wandering Minibosses"],"gold_per_floor":[113,127,144,155,168,168,168,168,215,37,67,67,102,102,102,207,207,225,225],"floor_reached":18,"language":"DEU","playtime":1466,"items_purged":[],"score":172,"play_id":"58e0ccf0-8d2f-4495-8a27-da876b4d7c7c","local_time":"20210227095322","is_ascension_mode":false,"campfire_choices":[{"data":"PulseMagic","floor":6,"key":"SMITH"},{"data":"MilkyWay","floor":8,"key":"SMITH"},{"data":"MysteriousBeam","floor":15,"key":"SMITH"}],"circlet_count":0,"master_deck":["Strike_MRS","Strike_MRS","Strike_MRS","Strike_MRS","Defend_MRS","Defend_MRS","Defend_MRS","MasterSpark","UpSweep","MilkyWay+1","TreasureHunter","PulseMagic+1","MysteriousBeam+1","Singularity","CasketOfStar","ReplayTheSpireMod:Trickstab+1","WitchLeyline+1","AsteroidBelt+1"],"relics":["MiniHakkero","LagranYue:RandomDrawCardRelic","hubris:Icosahedron","Akabeko","Pet Ghost","HollowMod:PaleOreRelic","infinitespire:Midas Blood","Astrolabe"],"acts_visited":["Exordium","TheCity"],"potions_floor_usage":[4,11,11,11,11,13,16,18],"damage_taken":[{"damage":1,"enemies":"Cultist","floor":1,"turns":3},{"damage":3,"enemies":"Jaw Worm","floor":2,"turns":3},{"damage":0,"enemies":"2 Louse","floor":3,"turns":2},{"damage":0,"enemies":"2 Fungi Beasts","floor":4,"turns":2},{"damage":1,"enemies":"Exordium Wildlife","floor":5,"turns":3},{"damage":31,"enemies":"3 Sentries","floor":11,"turns":10},{"damage":14,"enemies":"Lagavulin","floor":13,"turns":4},{"damage":23,"enemies":"Slime Boss","floor":16,"turns":7},{"damage":1,"enemies":"Shell Parasite","floor":18,"turns":3}],"seed_played":"-4505834157016340898","potions_obtained":[{"floor":0,"key":"Slimebound:ThreeZeroPotion"},{"floor":0,"key":"Death Potion"},{"floor":0,"key":"Languid Potion"},{"floor":1,"key":"Block Potion"},{"floor":3,"key":"Fire Potion"},{"floor":5,"key":"Venom Potion"}],"is_trial":false,"path_per_floor":["M","M","M","M","M","R","?","R","T","$","E","?","E","?","R","B",null,"M"],"character_chosen":"MARISA","items_purchased":["ReplayTheSpireMod:Brewmster"],"campfire_rested":0,"item_purchase_floors":[10],"current_hp_per_floor":[74,71,71,71,70,70,70,70,70,70,39,39,25,25,25,2,75,74,74],"gold":225,"neow_bonus":"THREE_SMALL_POTIONS","is_daily":false,"chose_seed":false,"campfire_upgraded":3,"win_rate":0.0,"timestamp":1614416002,"path_taken":["M","?","M","M","?","R","?","R","T","$","E","?","E","?","R","BOSS","M"],"items_purchased_type":["Card"],"build_version":"2020-12-22","purchased_purges":0,"victory":false,"max_hp_per_floor":[75,75,75,75,75,75,75,75,75,75,75,75,75,75,75,75,75,75,75],"relic_stats":{"counters":[9,37],"Astrolabe":["ReplayTheSpireMod:Trickstab","WitchLeyline","AsteroidBelt"],"obtain_stats":[{"hubris:Icosahedron":7,"LagranYue:RandomDrawCardRelic":0,"Astrolabe":17,"MiniHakkero":0,"HollowMod:PaleOreRelic":11,"Akabeko":9,"Pet Ghost":11,"infinitespire:Midas Blood":13},{"hubris:Icosahedron":5,"LagranYue:RandomDrawCardRelic":0,"Astrolabe":8,"MiniHakkero":0,"HollowMod:PaleOreRelic":6,"Akabeko":5,"Pet Ghost":6,"infinitespire:Midas Blood":7},{"hubris:Icosahedron":13,"LagranYue:RandomDrawCardRelic":0,"Astrolabe":34,"MiniHakkero":0,"HollowMod:PaleOreRelic":23,"Akabeko":13,"Pet Ghost":23,"infinitespire:Midas Blood":27}]},"card_choices":[{"not_picked":["SporeBomb","DC","Acceleration"],"picked":"SKIP","floor":1},{"not_picked":["SporeBomb","LuminesStrike"],"picked":"SuperPerseids","floor":2},{"not_picked":["MysteriousBeam","EnergyRecoil"],"picked":"MilkyWay","floor":3},{"not_picked":["PowerUp","OortCloud"],"picked":"TreasureHunter","floor":4},{"not_picked":["DragonMeteor","WitchLeyline"],"picked":"PulseMagic","floor":5},{"not_picked":["IllusionStar","DarkSpark"],"picked":"MysteriousBeam","floor":11},{"not_picked":["DarkSpark","DarkMatter"],"picked":"Singularity","floor":13},{"not_picked":["BlazingStar","AbsoluteMagnitude"],"picked":"CasketOfStar","floor":16}],"player_experience":246361,"relics_obtained":[{"floor":9,"key":"Akabeko"},{"floor":11,"key":"Pet Ghost"},{"floor":11,"key":"HollowMod:PaleOreRelic"},{"floor":13,"key":"infinitespire:Midas Blood"}],"event_choices":[{"damage_healed":0,"gold_gain":0,"player_choice":"Ignored","damage_taken":0,"max_hp_gain":0,"max_hp_loss":0,"event_name":"Liars Game","floor":14,"gold_loss":0}],"is_beta":false,"boss_relics":[{"not_picked":["ChewingGum","LagranYue:ContractPerformanceRelic"],"picked":"Astrolabe"}],"items_purged_floors":[],"is_endless":false,"potions_floor_spawned":[1,3,5],"killed_by":"Shell Parasite","ascension_level":0}}