{"host":"w14xfy17z3c5mpoi","time":1614387497,"event":{"mods":["AchievementEnabler","BaseMod","Minty Spire (QoL Compilation)","Relic Stats"],"gold_per_floor":[116,116,15,27,44,72,72,72,72],"floor_reached":8,"language":"ENG","playtime":236,"items_purged":["Strike_G"],"score":104,"play_id":"0dbcbfce-ec06-4554-97ed-df3ed51ae1e5","local_time":"20210226195817","is_ascension_mode":true,"campfire_choices":[{"data":"Wraith Form v2","floor":7,"key":"SMITH"}],"circlet_count":0,"master_deck":["AscendersBane","Strike_G","Strike_G","Strike_G","Strike_G","Defend_G","Defend_G","Defend_G","Defend_G","Defend_G","Survivor","Neutralize","Leg Sweep","Phantasmal Killer","Blade Dance","Wraith Form v2+1"],"relics":["Ring of the Snake","NeowsBlessing","Dream Catcher"],"acts_visited":["Exordium"],"potions_floor_usage":[],"damage_taken":[{"damage":0,"enemies":"Cultist","floor":1,"turns":1},{"damage":0,"enemies":"Jaw Worm","floor":4,"turns":1},{"damage":0,"enemies":"2 Louse","floor":5,"turns":1},{"damage":27,"enemies":"Gremlin Nob","floor":6,"turns":7},{"damage":35,"enemies":"Lagavulin","floor":8,"turns":11}],"seed_played":"6102798000058767473","potions_obtained":[{"floor":6,"key":"Weak Potion"}],"is_trial":false,"path_per_floor":["M","?","$","M","M","E","R","E"],"character_chosen":"THE_SILENT","items_purchased":["Blade Dance"],"campfire_rested":0,"item_purchase_floors":[3],"current_hp_per_floor":[59,59,59,59,59,32,32,0,0],"gold":72,"neow_bonus":"THREE_ENEMY_KILL","is_daily":false,"chose_seed":false,"campfire_upgraded":1,"win_rate":0.0,"timestamp":1614387497,"path_taken":["M","?","$","?","M","E","R","E"],"items_purchased_type":["Card"],"build_version":"2020-12-22","purchased_purges":1,"victory":false,"max_hp_per_floor":[66,66,66,66,66,66,66,66,66],"relic_stats":{"Dream Catcher":0,"counters":[5,21],"obtain_stats":[{"Dream Catcher":6,"NeowsBlessing":0,"Ring of the Snake":0},{"Dream Catcher":4,"NeowsBlessing":0,"Ring of the Snake":0},{"Dream Catcher":10,"NeowsBlessing":0,"Ring of the Snake":0}],"Ring of the Snake":[10]},"card_choices":[{"not_picked":["Acrobatics","Flying Knee"],"picked":"Leg Sweep","floor":1},{"not_picked":["Crippling Poison","Acrobatics","Leg Sweep"],"picked":"SKIP","floor":4},{"not_picked":["Poisoned Stab","Dagger Spray"],"picked":"Wraith Form v2","floor":5},{"not_picked":["Deflect","Dodge and Roll","Distraction"],"picked":"SKIP","floor":6}],"player_experience":835508,"relics_obtained":[{"floor":6,"key":"Dream Catcher"}],"event_choices":[{"damage_healed":0,"gold_gain":0,"player_choice":"1 cards matched","damage_taken":0,"max_hp_gain":0,"max_hp_loss":0,"event_name":"Match and Keep!","floor":2,"gold_loss":0,"cards_obtained":["Phantasmal Killer"]}],"is_beta":false,"boss_relics":[],"items_purged_floors":[3],"is_endless":false,"potions_floor_spawned":[6],"killed_by":"Lagavulin","ascension_level":17}}