{"host":"dkr0dog13pegamnp","time":1614412996,"event":{"mods":["AchievementEnabler","BaseMod","Minty Spire (QoL Compilation)","Rare Cards Sparkle","StSLib","SuperFastMode","everything is the same but u backflip on backflip"],"gold_per_floor":[113,125,125,125,125,156,156,167,167,92,18,36,52,71,71,71,71],"floor_reached":16,"language":"KOR","playtime":316,"items_purged":["Strike_G"],"score":229,"play_id":"67a50669-14d3-4725-a2f3-ef816647b726","local_time":"20210227170316","is_ascension_mode":true,"campfire_choices":[{"data":"Reflex","floor":7.0,"key":"SMITH"},{"data":"Footwork","floor":15,"key":"SMITH"}],"circlet_count":0,"master_deck":["AscendersBane","Strike_G","Strike_G","Strike_G","Defend_G","Defend_G","Defend_G","Defend_G","Defend_G","Survivor","Neutralize","Escape Plan","Dagger Spray","Reflex+1","Grand Finale","Footwork+1","Escape Plan"],"relics":["Ring of the Snake","NeowsBlessing","Lantern","Juzu Bracelet","Meat on the Bone"],"acts_visited":["Exordium"],"potions_floor_usage":[14,16],"damage_taken":[{"damage":0.0,"enemies":"Cultist","floor":1.0,"turns":1.0},{"damage":0.0,"enemies":"2 Louse","floor":2.0,"turns":1.0},{"damage":0.0,"enemies":"3 Sentries","floor":6.0,"turns":2.0},{"damage":2.0,"enemies":"Jaw Worm","floor":8.0,"turns":6.0},{"damage":0.0,"enemies":"Blue Slaver","floor":12.0,"turns":8.0},{"damage":8.0,"enemies":"Large Slime","floor":13.0,"turns":10.0},{"damage":0,"enemies":"Lots of Slimes","floor":14,"turns":1},{"damage":45,"enemies":"Slime Boss","floor":16,"turns":9}],"seed_played":"4178320820917874179","potions_obtained":[{"floor":1.0,"key":"SkillPotion"},{"floor":6.0,"key":"SteroidPotion"},{"floor":13.0,"key":"Weak Potion"}],"is_trial":false,"path_per_floor":["M","M","?","?","T","E","R","M","T","$","$","M","M","M","R","B"],"character_chosen":"THE_SILENT","items_purchased":["Footwork"],"campfire_rested":0,"item_purchase_floors":[11],"current_hp_per_floor":[59,59,54,47,47,47,47,45,45,45,45,45,37,37,37,0,0],"gold":71,"neow_bonus":"THREE_ENEMY_KILL","is_daily":false,"chose_seed":false,"campfire_upgraded":2,"win_rate":0.0,"timestamp":1614412996,"path_taken":["M","?","?","?","?","E","R","M","T","?","$","M","M","M","R","BOSS"],"items_purchased_type":["Card"],"build_version":"2020-12-22","purchased_purges":1,"victory":false,"max_hp_per_floor":[66,66,66,66,66,66,66,66,66,66,66,66,66,66,66,66,66],"card_choices":[{"not_picked":["Outmaneuver","Dodge and Roll"],"picked":"Escape Plan","floor":1.0},{"not_picked":["All Out Attack","Catalyst"],"picked":"Dagger Spray","floor":2.0},{"not_picked":["Sucker Punch","Concentrate"],"picked":"Reflex","floor":6.0},{"not_picked":["Accuracy","Reflex"],"picked":"Grand Finale","floor":8.0},{"not_picked":["Slice","Underhanded Strike","Dagger Spray"],"picked":"SKIP","floor":12.0},{"not_picked":["Accuracy","Skewer","Predator"],"picked":"SKIP","floor":13.0},{"not_picked":["Noxious Fumes","Finisher"],"picked":"Escape Plan","floor":14}],"player_experience":127930,"relics_obtained":[{"floor":6.0,"key":"Juzu Bracelet"},{"floor":9.0,"key":"Meat on the Bone"}],"event_choices":[{"damage_healed":0.0,"max_hp_gain":0.0,"max_hp_loss":0.0,"gold_gain":0.0,"event_name":"Scrap Ooze","player_choice":"Success","floor":3.0,"gold_loss":0.0,"damage_taken":5.0,"relics_obtained":["Lantern"]},{"cards_removed":["Strike_G"],"damage_healed":0.0,"max_hp_gain":0.0,"max_hp_loss":0.0,"gold_gain":0.0,"event_name":"Golden Wing","player_choice":"Card Removal","floor":4.0,"gold_loss":0.0,"damage_taken":7.0}],"is_beta":false,"boss_relics":[],"items_purged_floors":[10],"is_endless":false,"potions_floor_spawned":[1,6,13],"killed_by":"Slime Boss","ascension_level":16}}