{"host":"w71ztq0fmb7m1c2b","time":1614460178,"event":{"mods":["BaseMod","Colored Map","Colored Powertips","Downfall","Hermit","Minty Spire (QoL Compilation)","Replay The Spire","StSLib","The Cursed"],"gold_per_floor":[117,188,214,489,501,519,519,550,550,562,576,610,610,625,625,725,725,737,751,751,666,367,402,416,426,496,496,496,227,253,253,272,285,285,388,388,407,0,14,26,39,74,74,100,100,100,100,126,139,151,151,151,151],"floor_reached":52,"language":"ENG","playtime":10524,"items_purged":["Uppercut","Regret"],"score":1012,"play_id":"fdc6addd-9dd3-495a-86ae-43e8eb86934c","local_time":"20210227220938","is_ascension_mode":true,"campfire_choices":[{"data":"Uppercut","floor":7,"key":"SMITH"},{"floor":15,"key":"RECALL"},{"data":"Apotheosis","floor":34,"key":"SMITH"},{"floor":43,"key":"REST"},{"data":"Flex","floor":47,"key":"SMITH"},{"floor":51,"key":"REST"}],"circlet_count":0,"master_deck":["Strike_R","Strike_R","Strike_R","Strike_R","Strike_R","Defend_R","Defend_R","Defend_R+1","Defend_R","Bash","Regret","Uppercut+1","Flex+1","Life Link+1","Twin Strike","Perfected Strike","Combust","Replay:Undeath\u0027s Touch+1","Feed","Infernal Blade","CurseOfTheBell","Warcry+1","Clothesline+1","ReplayTheSpireMod:Corrosion Curse","Cleave+1","Seeing Red","Replay:Undeath\u0027s Touch+1","Apotheosis+1","Rage+1","Double Tap","Replay:Undeath\u0027s Touch+1","Seeing Red+1","Body Slam+1","Heavy Blade+1","Run Through+1","Headbutt+1","Blood for Blood+1","Iron Wave"],"relics":["Burning Blood","Du-Vu Doll","Replay:Baseball","HornCleat","Replay:Mystery Machine","Nunchaku","Calling Bell","Gremlin Food","Replay:WaspNest","Thread and Needle","Nilry\u0027s Codex","Replay:Bottled Steam","ClockworkSouvenir","Lantern","Singing Bowl","Pen Nib","Divine Protection","Replay:Grab Bag","Sozu","Mark of Pain","Ring of Chaos","Red Mask","Bottled Flame","Pet Ghost","Happy Flower","Juzu Bracelet","Replay:Bottled Eggs"],"acts_visited":["Exordium","TheCity","TheBeyond"],"potions_floor_usage":[16,23,25,35,39,40,50],"damage_taken":[{"damage":0,"enemies":"Small Slimes","floor":1,"turns":3},{"damage":7,"enemies":"Jaw Worm","floor":5,"turns":2},{"damage":0,"enemies":"2 Louse","floor":6,"turns":2},{"damage":30,"enemies":"Lagavulin","floor":8,"turns":5},{"damage":10,"enemies":"Red Slaver","floor":10,"turns":2},{"damage":14,"enemies":"Large Slime","floor":11,"turns":4},{"damage":9,"enemies":"Gremlin Nob","floor":12,"turns":4},{"damage":16,"enemies":"Exordium Wildlife","floor":14,"turns":3},{"damage":21,"enemies":"Fading Forest","floor":16,"turns":11},{"damage":1,"enemies":"Shell Parasite","floor":18,"turns":3},{"damage":14,"enemies":"Chosen","floor":19,"turns":3},{"damage":31,"enemies":"Slavers","floor":23,"turns":4},{"damage":4,"enemies":"3 Cultists","floor":24,"turns":3},{"damage":0,"enemies":"Snake Plant","floor":25,"turns":4},{"damage":12,"enemies":"Book of Stabbing","floor":30,"turns":3},{"damage":0,"enemies":"Snecko","floor":32,"turns":3},{"damage":0,"enemies":"Chosen and Byrds","floor":33,"turns":4},{"damage":26,"enemies":"Pondfish","floor":35,"turns":9},{"damage":0,"enemies":"Orb Walker","floor":37,"turns":3},{"damage":0,"enemies":"3 Shapes","floor":39,"turns":4},{"damage":22,"enemies":"3 Darklings","floor":40,"turns":3},{"damage":32,"enemies":"Transient","floor":41,"turns":5},{"damage":11,"enemies":"R_Hoarder","floor":42,"turns":4},{"damage":16,"enemies":"Nemesis","floor":44,"turns":5},{"damage":61,"enemies":"Giant Head","floor":48,"turns":6},{"damage":4,"enemies":"4 Shapes","floor":49,"turns":6},{"damage":0,"enemies":"Spire Growth","floor":50,"turns":3},{"damage":83,"enemies":"Time Eater","floor":52,"turns":7}],"seed_played":"-7977120236469692797","potions_obtained":[{"floor":1,"key":"SpeedPotion"},{"floor":6,"key":"Energy Potion"},{"floor":8,"key":"FearPotion"},{"floor":11,"key":"BlessingOfTheForge"},{"floor":16,"key":"Fire Potion"},{"floor":23,"key":"Regen Potion"},{"floor":30,"key":"Elixir"},{"floor":33,"key":"Milkshake"},{"floor":35,"key":"Fire Potion"}],"is_trial":false,"path_per_floor":["M","?","T","?","M","M","R","E","T","M","M","E","?","M","R","B",null,"M","M","?","?","$","E","M","M","T","PTL","PTL","$","E","T","M","M","R","B",null,"M","?","M","M","M","E","R","E","T","?","R","E","M","M","R","B"],"character_chosen":"IRONCLAD","items_purchased":["ClockworkSouvenir","ReplayTheSpireMod:Corrosion Curse","Apotheosis"],"campfire_rested":2,"item_purchase_floors":[22,22,29],"current_hp_per_floor":[80,80,80,80,79,80,80,56,56,52,44,41,41,34,34,33,83,86,78,62,62,62,61,63,81,81,81,81,81,75,75,83,90,90,88,90,90,90,94,78,62,57,85,79,79,79,79,24,28,37,67,0,0],"gold":151,"neow_bonus":"RANDOM_EVENT","is_daily":false,"chose_seed":false,"campfire_upgraded":3,"win_rate":0.0,"timestamp":1614460178,"path_taken":["M","?","?","?","?","M","R","E","T","M","M","E","?","M","R","BOSS","M","M","?","?","?","E","?","M","T","PTL","PTL","$","E","?","M","M","R","BOSS","M","?","M","M","M","E","R","E","T","?","R","E","M","M","R","BOSS"],"items_purchased_type":["Relic","Card","Card"],"build_version":"2020-12-22","purchased_purges":2,"victory":false,"max_hp_per_floor":[80,80,80,80,80,80,80,80,80,80,80,80,80,83,83,83,83,86,86,86,86,86,86,86,86,86,86,86,86,86,86,88,90,90,90,90,90,90,94,94,94,94,94,98,98,98,98,98,100,103,103,103,103],"card_choices":[{"not_picked":["Blood for Blood","Hemokinesis"],"picked":"Uppercut","floor":1},{"not_picked":["Massacre","ReplayTheSpireMod:Strike From Hell"],"picked":"Flex","floor":2},{"not_picked":["Twin Strike","Burning Pact"],"picked":"Life Link","floor":2},{"not_picked":["Brutality","ReplayTheSpireMod:Muscle Training"],"picked":"Twin Strike","floor":5},{"not_picked":["Warcry","Iron Wave"],"picked":"Perfected Strike","floor":6},{"not_picked":["Run Through","Carnage"],"picked":"Combust","floor":8},{"not_picked":["Havoc","Whirlwind"],"picked":"Replay:Undeath\u0027s Touch","floor":10},{"not_picked":["Clash","Sword Boomerang"],"picked":"Uppercut","floor":11},{"not_picked":["Exhume","Clothesline"],"picked":"Feed","floor":12},{"not_picked":["ReplayTheSpireMod:LeadingStrike","Run Through"],"picked":"Infernal Blade","floor":14},{"not_picked":["Exhume","Juggernaut"],"picked":"Reaper","floor":16},{"not_picked":["Wild Strike","Metallicize"],"picked":"Warcry+1","floor":18},{"not_picked":["Cleave","Combust"],"picked":"Clothesline+1","floor":19},{"not_picked":["Seeing Red+1","Pummel"],"picked":"Cleave+1","floor":23},{"not_picked":["Twin Strike","Flex"],"picked":"Seeing Red","floor":24},{"not_picked":["Anger","Fire Breathing"],"picked":"Replay:Undeath\u0027s Touch+1","floor":25},{"not_picked":["Sever Soul","Clash"],"picked":"Rage","floor":30},{"not_picked":["Armaments","Body Slam+1","Demonic Infusion"],"picked":"Singing Bowl","floor":32},{"not_picked":["ReplayTheSpireMod:Strike From Hell","Havoc","Searing Blow"],"picked":"Singing Bowl","floor":33},{"not_picked":["Brutality","Fiend Fire"],"picked":"Double Tap","floor":35},{"not_picked":["Warcry+1","Body Slam"],"picked":"Replay:Undeath\u0027s Touch+1","floor":37},{"not_picked":["Rampage+1","Sword Boomerang"],"picked":"Seeing Red+1","floor":39},{"not_picked":["Feel No Pain+1","Headbutt+1"],"picked":"Body Slam+1","floor":40},{"not_picked":["ReplayTheSpireMod:Muscle Training+1","Pommel Strike+1"],"picked":"Heavy Blade+1","floor":41},{"not_picked":["ReplayReversal","ReplayTheSpireMod:Strike From Hell"],"picked":"Run Through+1","floor":42},{"not_picked":["Perfected Strike","Bludgeon"],"picked":"Headbutt+1","floor":44},{"not_picked":["Flex","Anger"],"picked":"Blood for Blood+1","floor":48},{"not_picked":["Run Through","Bloodletting+1","True Grit"],"picked":"Singing Bowl","floor":49},{"not_picked":["Armaments","Flex+1"],"picked":"Iron Wave","floor":50}],"player_experience":235670,"relics_obtained":[{"floor":2,"key":"Replay:Baseball"},{"floor":8,"key":"HornCleat"},{"floor":9,"key":"Replay:Mystery Machine"},{"floor":12,"key":"Nunchaku"},{"floor":17,"key":"Gremlin Food"},{"floor":17,"key":"Replay:WaspNest"},{"floor":17,"key":"Thread and Needle"},{"floor":20,"key":"Nilry\u0027s Codex"},{"floor":23,"key":"Lantern"},{"floor":26,"key":"Singing Bowl"},{"floor":30,"key":"Pen Nib"},{"floor":31,"key":"Divine Protection"},{"floor":42,"key":"Bottled Flame"},{"floor":44,"key":"Pet Ghost"},{"floor":45,"key":"Happy Flower"},{"floor":48,"key":"Replay:Bottled Eggs"}],"event_choices":[{"damage_healed":0,"gold_gain":0,"player_choice":"Box","damage_taken":0,"relics_obtained":["Du-Vu Doll"],"max_hp_gain":0,"max_hp_loss":0,"event_name":"Big Fish","floor":0,"gold_loss":0,"cards_obtained":["Regret"]},{"damage_healed":0,"gold_gain":275,"player_choice":"Desecrate","damage_taken":0,"max_hp_gain":0,"max_hp_loss":0,"event_name":"Golden Shrine","floor":4,"gold_loss":0,"cards_obtained":["Regret"]},{"damage_healed":0,"gold_gain":0,"player_choice":"Grow","damage_taken":0,"max_hp_gain":0,"max_hp_loss":0,"event_name":"Living Wall","floor":13,"gold_loss":0,"cards_upgraded":["Life Link"]},{"damage_healed":0,"gold_gain":0,"player_choice":"Obtained Book","damage_taken":16,"max_hp_gain":0,"max_hp_loss":0,"event_name":"Cursed Tome","floor":20,"gold_loss":0},{"damage_healed":0,"gold_gain":0,"player_choice":"Obtained Relic","damage_taken":0,"relics_obtained":["Replay:Bottled Steam"],"max_hp_gain":0,"max_hp_loss":0,"event_name":"Addict","floor":21,"gold_loss":85},{"damage_healed":0,"gold_gain":0,"player_choice":"Paid","damage_taken":0,"relics_obtained":["Red Mask"],"max_hp_gain":0,"max_hp_loss":0,"event_name":"Tomb of Lord Red Mask","floor":38,"gold_loss":407},{"cards_removed":["Reaper"],"damage_healed":0,"gold_gain":0,"player_choice":"Gave Card","damage_taken":0,"relics_obtained":["Juzu Bracelet"],"max_hp_gain":0,"max_hp_loss":0,"event_name":"WeMeetAgain","floor":46,"gold_loss":0}],"is_beta":false,"boss_relics":[{"not_picked":["Fusion Hammer","Black Blood"],"picked":"Calling Bell"},{"not_picked":["Replay:Drink Me","Electric Blood"],"picked":"Replay:Grab Bag"},{"not_picked":["Ooze Armor","ReplayTheSpireMod:Onyx Gauntlets"],"picked":"Sozu"},{"not_picked":["bronze:MakeshiftBattery","Painkiller Herb"],"picked":"Mark of Pain"},{"not_picked":["Black Star","Runic Cube"],"picked":"Ring of Chaos"}],"items_purged_floors":[22,29],"is_endless":false,"potions_floor_spawned":[1,6,8,11,16,23,30,33,35,37,41,42,48],"killed_by":"Time Eater","ascension_level":3}}