{"host":"l2dnabsh5e0fsksb","time":1614413760,"event":{"mods":["2.2 Compatiblity","BaseMod","Downfall","Minty Spire (QoL Compilation)","Quick Restart","StSLib"],"gold_per_floor":[99,99,99,99,249,282,282,282,82,96,96,6,6,106,122,194,244,244,254,304,304,304,304,327,361,361,361,361,361],"floor_reached":27,"language":"ENG","playtime":788,"items_purged":["Doubt"],"score":387,"play_id":"b6ffacba-fc92-4db0-a265-3589e4621f01","local_time":"20210227184600","is_ascension_mode":true,"campfire_choices":[{"floor":1,"key":"RECALL"},{"floor":9,"key":"REST"},{"floor":11,"key":"REST"},{"data":"hexamod:TimeOfNeed","floor":13,"key":"SMITH"},{"data":"hexamod:HexaLevel","floor":18,"key":"SMITH"},{"data":"hexamod:FlamesFromBeyond","floor":23,"key":"SMITH"},{"floor":26,"key":"REST"}],"circlet_count":0,"master_deck":["AscendersBane","hexamod:Strike","hexamod:Strike","hexamod:Strike","hexamod:Strike","hexamod:Defend","hexamod:Defend","hexamod:Defend","hexamod:Defend","hexamod:Sear+1","hexamod:Float","hexamod:GhostLash","hexamod:Firestarter","hexamod:SkipABeat","hexamod:SwordOfDarkness","hexamod:HeatMetal","hexamod:TimeOfNeed+1","hexamod:EtherealExpedition","hexamod:HexaLevel+1","hexamod:InspiringFlames","hexamod:FlamesFromBeyond+1","downfall:Bewildered","hexamod:HeatMetal","hexamod:SwordOfDarkness"],"relics":["hexamod:SpiritBrand","downfall:HeartsMalice","Akabeko","downfall:BrokenWingStatue","downfall:HeartBlessingRed","downfall:HeartBlessingBlue","Tiny House","sneckomod:BabySnecko","Dream Catcher","Tiny Chest"],"acts_visited":["Exordium","TheCity"],"potions_floor_usage":[16,19,19,25],"damage_taken":[{"damage":0,"enemies":"Jaw Worm","floor":2,"turns":1},{"damage":0,"enemies":"2 Louse","floor":3,"turns":1},{"damage":0,"enemies":"Small Slimes","floor":4,"turns":1},{"damage":45,"enemies":"3 Sentries","floor":6,"turns":9},{"damage":2,"enemies":"2 Fungi Beasts","floor":10,"turns":3},{"damage":0,"enemies":"downfall:FleeingMerchant","floor":12,"turns":4},{"damage":1,"enemies":"downfall:LooterAlt","floor":15,"turns":2},{"damage":31,"enemies":"DF_ARCHETYPE_STREAMLINE","floor":16,"turns":6},{"damage":23,"enemies":"3 Byrds","floor":19,"turns":6},{"damage":45,"enemies":"Slavers","floor":25,"turns":5},{"damage":44,"enemies":"Shell Parasite","floor":27,"turns":6}],"seed_played":"-8527600563412777375","potions_obtained":[{"floor":6,"key":"SkillPotion"},{"floor":10,"key":"Explosive Potion"},{"floor":15,"key":"DistilledChaos"},{"floor":16,"key":"hexamod:EctoCoolerPotion"},{"floor":17,"key":"AttackPotion"},{"floor":19,"key":"Slimebound:ThreeZeroPotion"}],"is_trial":false,"path_per_floor":["R","M","M","M","?","E","T","?","R","M","R","$","R","?","M","B",null,"R","M","?","?","?","R","T","E","R","M"],"character_chosen":"THE_SPIRIT","items_purchased":[],"campfire_rested":3,"item_purchase_floors":[],"current_hp_per_floor":[57,57,57,57,57,12,12,12,43,41,62,62,62,62,61,30,67,67,44,44,44,60,60,60,15,38,0,0,0],"gold":361,"neow_bonus":"THREE_ENEMY_KILL","is_daily":false,"chose_seed":false,"campfire_upgraded":3,"win_rate":0.0,"timestamp":1614413760,"path_taken":["R","M","M","M","?","E","T","?","R","M","R","$","R","?","M","BOSS","R","M","?","?","?","R","T","E","R","M"],"items_purchased_type":[],"build_version":"2020-12-22","purchased_purges":1,"victory":false,"max_hp_per_floor":[63,63,63,63,63,63,63,63,73,73,73,73,73,73,73,73,78,78,78,78,78,78,78,78,78,78,78,78,78],"card_choices":[{"not_picked":["hexamod:CatchUp","hexamod:RecurringNightmare"],"picked":"hexamod:GhostLash","floor":2},{"not_picked":["hexamod:EtherealExpedition","hexamod:NecessarySacrifice"],"picked":"hexamod:Firestarter","floor":3},{"not_picked":["hexamod:Firestarter","hexamod:InspiringFlames"],"picked":"hexamod:SkipABeat","floor":4},{"not_picked":["hexamod:PhantomCloak","hexamod:EtherealExpedition"],"picked":"hexamod:SwordOfDarkness","floor":6},{"not_picked":["hexamod:Again","hexamod:Haunt"],"picked":"hexamod:HeatMetal","floor":10},{"not_picked":["hexamod:Again","hexamod:ShieldOfDarkness"],"picked":"hexamod:TimeOfNeed","floor":12},{"not_picked":["hexamod:DynamicBlow","hexamod:ThirdSeal"],"picked":"hexamod:EtherealExpedition","floor":15},{"not_picked":["hexamod:FlameSwitch","hexamod:TimeOfNeed"],"picked":"hexamod:HexaLevel","floor":16},{"not_picked":["hexamod:HauntingEcho","hexamod:NightmareGuise"],"picked":"hexamod:InspiringFlames","floor":17},{"not_picked":["hexamod:ExtraCrispy","hexamod:Haunt"],"picked":"hexamod:FlamesFromBeyond","floor":19},{"not_picked":["hexamod:HeatShield","hexamod:HauntingEcho"],"picked":"hexamod:HeatMetal","floor":25},{"not_picked":["hexamod:GhostflameBarrier","hexamod:RetreatToShadows"],"picked":"hexamod:SwordOfDarkness","floor":26}],"player_experience":1984014,"relics_obtained":[{"floor":6,"key":"Akabeko"},{"floor":24,"key":"Dream Catcher"},{"floor":25,"key":"Tiny Chest"}],"event_choices":[{"damage_healed":16,"gold_gain":0,"player_choice":"Heal","damage_taken":0,"max_hp_gain":0,"max_hp_loss":0,"event_name":"The Library","floor":22,"gold_loss":0}],"is_beta":false,"boss_relics":[{"not_picked":["hexamod:UnbrokenSoul","Velvet Choker"],"picked":"Tiny House"}],"items_purged_floors":[12],"is_endless":false,"potions_floor_spawned":[6,10,15,16,19],"killed_by":"Shell Parasite","ascension_level":15}}