{"host":"w4b7hmige5bnqipq","time":1614459207,"event":{"mods":["2.2 Compatiblity","BaseMod","Colored Map","DeckTracker","Keyboard Shortcuts","Minty Spire (QoL Compilation)","Permanent Neow","Rare Cards Sparkle","SuperFastMode","everything is the same but u backflip on backflip","slay the spire mod where everything is the same but ironclad has a cowboy hat"],"gold_per_floor":[117,117,137,212,230,230,264,264,288,313,323,323,41,341,341,418,418,436,81,92,107,120,120,153,153,153,172,187,187,187],"floor_reached":29,"language":"KOR","playtime":782,"items_purged":["Strike_B"],"score":497,"play_id":"857599a8-8953-4578-8ccb-2bb30223d4e7","local_time":"20210228045327","is_ascension_mode":true,"campfire_choices":[{"floor":6.0,"key":"REST"},{"data":"Darkness","floor":12.0,"key":"SMITH"},{"floor":15.0,"key":"REST"},{"floor":23.0,"key":"REST"},{"data":"Multi-Cast","floor":25.0,"key":"SMITH"}],"circlet_count":0,"master_deck":["AscendersBane","Strike_B","Strike_B","Defend_B","Defend_B","Defend_B","Defend_B","Zap","Dualcast","Rainbow","Darkness+1","Conserve Battery","Doom and Gloom","Multi-Cast+1","Hologram","Core Surge","Coolheaded","Consume","Double Energy","Coolheaded","Redo+1","Lockon","Recycle"],"relics":["Cracked Core","Anchor","PreservedInsect","Turnip","Symbiotic Virus","Old Coin","SlaversCollar","Bronze Scales","Nunchaku","Singing Bowl"],"acts_visited":["Exordium","TheCity"],"potions_floor_usage":[],"damage_taken":[{"damage":16.0,"enemies":"Small Slimes","floor":1.0,"turns":3.0},{"damage":2.0,"enemies":"2 Louse","floor":3.0,"turns":3.0},{"damage":7.0,"enemies":"Jaw Worm","floor":5.0,"turns":3.0},{"damage":29.0,"enemies":"Gremlin Nob","floor":7.0,"turns":4.0},{"damage":10.0,"enemies":"3 Sentries","floor":10.0,"turns":5.0},{"damage":11.0,"enemies":"Large Slime","floor":11.0,"turns":4.0},{"damage":16.0,"enemies":"The Guardian","floor":16.0,"turns":9.0},{"damage":19.0,"enemies":"3 Byrds","floor":18.0,"turns":4.0},{"damage":1.0,"enemies":"Spheric Guardian","floor":20.0,"turns":3.0},{"damage":12.0,"enemies":"3 Cultists","floor":21.0,"turns":6.0},{"damage":17.0,"enemies":"Snake Plant","floor":22.0,"turns":3.0},{"damage":13.0,"enemies":"Slavers","floor":24.0,"turns":3.0},{"damage":2.0,"enemies":"Cultist and Chosen","floor":27.0,"turns":3.0},{"damage":8.0,"enemies":"Centurion and Healer","floor":28.0,"turns":6.0},{"damage":26,"enemies":"Snecko","floor":29,"turns":4}],"seed_played":"4376645919626491883","potions_obtained":[{"floor":5.0,"key":"CultistPotion"},{"floor":7.0,"key":"EssenceOfDarkness"},{"floor":20.0,"key":"SkillPotion"},{"floor":21.0,"key":"Regen Potion"},{"floor":22.0,"key":"ColorlessPotion"},{"floor":27.0,"key":"SpeedPotion"}],"is_trial":false,"path_per_floor":["M","?","M","?","M","R","E","?","T","E","M","R","$","T","R","B",null,"M","$","M","M","M","R","E","R","T","M","M","M"],"character_chosen":"DEFECT","items_purchased":["Symbiotic Virus","Bronze Scales","Consume","Double Energy"],"campfire_rested":3,"item_purchase_floors":[13,19,19,19],"current_hp_per_floor":[48,41,39,28,21,42,13,36,36,26,15,15,15,15,36,20,58,39,39,38,26,9,30,26,26,26,26,18,0,0],"gold":187,"neow_bonus":"ONE_RANDOM_RARE_CARD","is_daily":false,"chose_seed":false,"campfire_upgraded":2,"win_rate":0.0,"timestamp":1614459207,"path_taken":["M","?","M","?","M","R","E","?","T","E","M","R","$","?","R","BOSS","M","$","M","M","M","R","E","R","T","M","M","M"],"items_purchased_type":["Relic","Relic","Card","Card"],"build_version":"2020-12-22","purchased_purges":1,"victory":false,"max_hp_per_floor":[71,71,71,71,71,71,71,71,71,71,71,71,71,71,71,71,71,71,71,71,71,71,71,71,71,71,73,73,73,73],"card_choices":[{"not_picked":["Steam","Redo"],"picked":"Darkness","floor":1.0},{"not_picked":["Go for the Eyes","Rebound"],"picked":"Conserve Battery","floor":3.0},{"not_picked":["Auto Shields","Chaos"],"picked":"Doom and Gloom","floor":5.0},{"not_picked":["Go for the Eyes","Loop"],"picked":"Multi-Cast","floor":7.0},{"not_picked":["Steam","Ball Lightning","Conserve Battery"],"picked":"SKIP","floor":10.0},{"not_picked":["Storm","Tempest"],"picked":"Hologram","floor":11.0},{"not_picked":["Electrodynamics","Reboot"],"picked":"Core Surge","floor":16.0},{"not_picked":["Cold Snap+1","Chaos"],"picked":"Coolheaded","floor":18.0},{"not_picked":["Compile Driver","Hologram"],"picked":"Coolheaded","floor":20.0},{"not_picked":["Chaos","BootSequence"],"picked":"Redo+1","floor":21.0},{"not_picked":["Stack","Chaos"],"picked":"Lockon","floor":22.0},{"not_picked":["Redo","Reprogram","Ball Lightning"],"picked":"SKIP","floor":24.0},{"not_picked":["Chaos","Fusion","Streamline+1"],"picked":"Singing Bowl","floor":27.0},{"not_picked":["Core Surge","Conserve Battery"],"picked":"Recycle","floor":28.0}],"player_experience":805340,"relics_obtained":[{"floor":7.0,"key":"Anchor"},{"floor":9.0,"key":"PreservedInsect"},{"floor":10.0,"key":"Turnip"},{"floor":14.0,"key":"Old Coin"},{"floor":24.0,"key":"Nunchaku"},{"floor":26.0,"key":"Singing Bowl"}],"event_choices":[{"cards_removed":["Strike_B"],"damage_healed":0.0,"max_hp_gain":0.0,"max_hp_loss":0.0,"gold_gain":0.0,"event_name":"Golden Wing","player_choice":"Card Removal","floor":2.0,"gold_loss":0.0,"damage_taken":7.0},{"damage_healed":0.0,"max_hp_gain":0.0,"max_hp_loss":0.0,"gold_gain":75.0,"event_name":"World of Goop","player_choice":"Gather Gold","floor":4.0,"gold_loss":0.0,"damage_taken":11.0},{"damage_healed":23.0,"max_hp_gain":0.0,"max_hp_loss":0.0,"gold_gain":0.0,"event_name":"Big Fish","player_choice":"Banana","floor":8.0,"gold_loss":0.0,"damage_taken":0.0}],"is_beta":false,"boss_relics":[{"not_picked":["FrozenCore","Nuclear Battery"],"picked":"SlaversCollar"}],"items_purged_floors":[19],"is_endless":false,"potions_floor_spawned":[5,7,20,21,22,27],"killed_by":"Snecko","ascension_level":19}}