{"host":"resql42syj2vwpbb","time":1614439839,"event":{"mods":["BaseMod","BetterRewards","Colored Powertips","Minty Spire (QoL Compilation)","Quick Restart","StSLib","SuperFastMode"],"gold_per_floor":[119,119,119,136,148,175,185,185,185,185,200,75,75,89,89,185,185,196,196,196,295,309,343,343,50,74,99,99,117,128,141,141,141,141],"floor_reached":33,"language":"ZHS","playtime":6016,"items_purged":["Strike_R","Strike_R","Strike_R","Writhe"],"score":394,"play_id":"46faa470-7dab-49ef-8b1f-c3be53ef7d84","local_time":"20210227233039","is_ascension_mode":true,"campfire_choices":[{"data":"Flex","floor":8.0,"key":"SMITH"},{"data":"Juggernaut","floor":10.0,"key":"SMITH"},{"data":"Defend_R","floor":15.0,"key":"SMITH"},{"data":"Entrench","floor":24.0,"key":"SMITH"},{"data":"Flex","floor":32,"key":"SMITH"}],"circlet_count":0,"master_deck":["Defend_R","Defend_R","Defend_R","Defend_R+1","Juggernaut+1","Thunderclap+1","Metallicize+1","Sword Boomerang+1","Flex+1","Evolve+1","Body Slam+1","Brutality+1","Entrench+1","Iron Wave+1","Bite+1","Bite+1","Bite+1","Bite+1","Bite+1","Sword Boomerang+1","Iron Wave+1","Sword Boomerang+1","Sword Boomerang+1","Flex+1"],"relics":["Burning Blood","Molten Egg 2","Frozen Egg 2","Prayer Wheel","Magic Flower","SlaversCollar","StoneCalendar","Regal Pillow","Bag of Marbles","Art of War","Singing Bowl"],"acts_visited":["Exordium","TheCity"],"potions_floor_usage":[30,33],"damage_taken":[{"damage":4.0,"enemies":"Small Slimes","floor":1.0,"turns":4.0},{"damage":1.0,"enemies":"Cultist","floor":4.0,"turns":3.0},{"damage":0.0,"enemies":"2 Louse","floor":5.0,"turns":4.0},{"damage":24.0,"enemies":"3 Sentries","floor":6.0,"turns":7.0},{"damage":9.0,"enemies":"Looter","floor":7.0,"turns":4.0},{"damage":8.0,"enemies":"Blue Slaver","floor":11.0,"turns":3.0},{"damage":0.0,"enemies":"3 Louse","floor":14.0,"turns":3.0},{"damage":34.0,"enemies":"Slime Boss","floor":16.0,"turns":6.0},{"damage":19.0,"enemies":"3 Byrds","floor":18.0,"turns":5.0},{"damage":25.0,"enemies":"Spheric Guardian","floor":22.0,"turns":5.0},{"damage":31.0,"enemies":"Slavers","floor":23.0,"turns":3.0},{"damage":33.0,"enemies":"Book of Stabbing","floor":27.0,"turns":5.0},{"damage":20.0,"enemies":"Centurion and Healer","floor":29.0,"turns":5.0},{"damage":26,"enemies":"3 Cultists","floor":30,"turns":4},{"damage":28,"enemies":"Sentry and Sphere","floor":31,"turns":4},{"damage":92,"enemies":"Champ","floor":33,"turns":7}],"seed_played":"5565471571346567639","potions_obtained":[{"floor":1.0,"key":"Strength Potion"},{"floor":6.0,"key":"ColorlessPotion"},{"floor":11.0,"key":"LiquidMemories"},{"floor":22.0,"key":"Strength Potion"}],"is_trial":false,"path_per_floor":["M","$","?","M","M","E","M","R","T","R","M","$","$","M","R","B",null,"M","?","?","?","M","E","R","$","T","E","?","M","M","M","R","B"],"character_chosen":"IRONCLAD","items_purchased":["Molten Egg 2","Juggernaut","Frozen Egg 2","Thunderclap+1","Bag of Marbles"],"campfire_rested":0,"item_purchase_floors":[0,0,0,0,25],"current_hp_per_floor":[80,80,80,80,80,62,59,59,59,59,60,60,60,69,69,44,80,70,70,56,56,56,49,49,49,49,55,55,46,51,49,49,0,0],"gold":141,"neow_bonus":"","is_daily":false,"chose_seed":false,"campfire_upgraded":5,"win_rate":0.0,"timestamp":1614439839,"path_taken":["M","$","?","?","M","E","M","R","T","R","M","?","$","M","R","BOSS","M","?","?","?","M","E","R","?","T","E","?","M","?","M","R","BOSS"],"items_purchased_type":["Relic","Card","Relic","Card","Relic"],"build_version":"2020-12-22","purchased_purges":4,"victory":false,"max_hp_per_floor":[80,80,80,80,80,80,80,80,80,80,80,80,80,80,80,80,80,80,80,56,56,56,56,56,56,56,56,56,58,60,62,62,62,62],"card_choices":[{"not_picked":["Rampage+1","Intimidate","Blood for Blood+1"],"picked":"SKIP","floor":1.0},{"not_picked":["Clothesline+1","Burning Pact"],"picked":"Metallicize+1","floor":4.0},{"not_picked":["Armaments","Body Slam+1","Combust+1"],"picked":"SKIP","floor":5.0},{"not_picked":["Carnage+1","Infernal Blade","Seeing Red"],"picked":"SKIP","floor":6.0},{"not_picked":["Iron Wave+1","Armaments"],"picked":"Sword Boomerang+1","floor":7.0},{"not_picked":["Pummel+1","Thunderclap+1"],"picked":"Flex","floor":7.0},{"not_picked":["Infernal Blade","Twin Strike+1"],"picked":"Evolve+1","floor":11.0},{"not_picked":["True Grit","Evolve+1"],"picked":"Body Slam+1","floor":11.0},{"not_picked":["Rupture+1","Burning Pact","Dark Embrace+1"],"picked":"SKIP","floor":14.0},{"not_picked":["Perfected Strike+1","Seeing Red","Clothesline+1"],"picked":"SKIP","floor":14.0},{"not_picked":["Berserk+1","Reaper+1"],"picked":"Brutality+1","floor":16.0},{"not_picked":["Flex","Thunderclap+1"],"picked":"Entrench","floor":18.0},{"not_picked":["Cleave+1","Thunderclap+1"],"picked":"Iron Wave+1","floor":18.0},{"not_picked":["Perfected Strike+1","Flame Barrier"],"picked":"Sword Boomerang+1","floor":22.0},{"not_picked":["Armaments","Perfected Strike+1","Headbutt+1"],"picked":"SKIP","floor":22.0},{"not_picked":["Flame Barrier","Carnage+1","Intimidate"],"picked":"SKIP","floor":23.0},{"not_picked":["Impervious","Evolve+1"],"picked":"Iron Wave+1","floor":27.0},{"not_picked":["Searing Blow+1","Perfected Strike+1","Dual Wield"],"picked":"Singing Bowl","floor":29.0},{"not_picked":["Pommel Strike+1","Clothesline+1"],"picked":"Sword Boomerang+1","floor":29.0},{"not_picked":["Bloodletting","Thunderclap+1","Shockwave"],"picked":"Singing Bowl","floor":30},{"not_picked":["Infernal Blade+1","Battle Trance"],"picked":"Sword Boomerang+1","floor":30},{"not_picked":["Thunderclap+1","Anger+1","Feel No Pain+1"],"picked":"Singing Bowl","floor":31},{"not_picked":["Headbutt+1","Feed+1"],"picked":"Flex","floor":31}],"player_experience":85434,"relics_obtained":[{"floor":6.0,"key":"Prayer Wheel"},{"floor":9.0,"key":"Magic Flower"},{"floor":23.0,"key":"Regal Pillow"},{"floor":26.0,"key":"Art of War"},{"floor":27.0,"key":"Singing Bowl"}],"event_choices":[{"cards_removed":["Bash"],"damage_healed":0.0,"max_hp_gain":0.0,"max_hp_loss":0.0,"gold_gain":0.0,"event_name":"Bonfire Elementals","player_choice":"Offered Basic","floor":3.0,"gold_loss":0.0,"damage_taken":0.0},{"damage_healed":0.0,"max_hp_gain":0.0,"max_hp_loss":0.0,"gold_gain":0.0,"event_name":"The Mausoleum","player_choice":"Opened","floor":19.0,"gold_loss":0.0,"damage_taken":0.0,"relics_obtained":["StoneCalendar"],"cards_obtained":["Writhe"]},{"damage_healed":0.0,"max_hp_gain":0.0,"max_hp_loss":24.0,"gold_gain":0.0,"event_name":"Vampires","player_choice":"Became a vampire","floor":20.0,"gold_loss":0.0,"damage_taken":0.0,"cards_obtained":["Bite","Bite","Bite","Bite","Bite"]},{"damage_healed":0.0,"max_hp_gain":0.0,"max_hp_loss":0.0,"gold_gain":99.0,"event_name":"Nest","player_choice":"Stole From Cult","floor":21.0,"gold_loss":0.0,"damage_taken":0.0},{"damage_healed":0.0,"max_hp_gain":0.0,"max_hp_loss":0.0,"gold_gain":0.0,"event_name":"Match and Keep!","player_choice":"0 cards matched","floor":28.0,"gold_loss":0.0,"damage_taken":0.0,"cards_obtained":[]}],"is_beta":false,"boss_relics":[{"not_picked":["Fusion Hammer","Runic Cube"],"picked":"SlaversCollar"}],"items_purged_floors":[0,0,12,25],"is_endless":false,"potions_floor_spawned":[1,6,11,14,18,22,27,29],"killed_by":"Champ","ascension_level":4}}