{"host":"ve9aztkoyqeblvav","time":1614432867,"event":{"mods":["Act Like it!","Aspiration","BaseMod","Colored Map","Colored Powertips","Highlight Path","Marked Mod","Minty Spire (QoL Compilation)","Pale of the Ancients","Quick Restart","Reorder Act Four","StSLib","The Hierophant","Waifu the Spire","[IsaacMod]ÒÔÈö¼âËþ"],"gold_per_floor":[115,129,129,54,71,101,101,129,129,29,41,74,74,85,85,162,162,182,31,45,45],"floor_reached":20,"language":"ZHS","playtime":556,"items_purged":["Strike_G","Strike_G","Corpse Explosion","Corpse Explosion"],"score":568,"play_id":"85a5b374-2d15-4d64-aaeb-ccca97c7d9a4","local_time":"20210227213427","is_ascension_mode":true,"campfire_choices":[{"data":"EpicFetus","floor":7.0,"key":"SMITH"},{"data":"Phantasmal Killer","floor":13.0,"key":"SMITH"},{"data":"Malaise","floor":15.0,"key":"SMITH"}],"circlet_count":0,"master_deck":["AscendersBane","Survivor","Neutralize","EpicFetus+1","Dagger Spray","Malaise+1","Phantasmal Killer+1","Escape Plan","Backflip","Escape Plan","Unload","Die Die Die","Backstab","Wraith Form v2","Acrobatics"],"relics":["Ring of the Snake","HushsDoor","DeathBook","Damocles","BookOfRevelations","SalivaCoin","aspiration:HiddenCompartment","GuppysHead","Tough Bandages","Snake Skull","Pandora\u0027s Box","SatanicBible","White Beast Statue"],"acts_visited":["Exordium","TheCity"],"potions_floor_usage":[16],"damage_taken":[{"damage":4.0,"enemies":"Cultist","floor":1.0,"turns":5.0},{"damage":5.0,"enemies":"Small Slimes","floor":2.0,"turns":5.0},{"damage":3.0,"enemies":"Jaw Worm","floor":5.0,"turns":5.0},{"damage":0.0,"enemies":"3 Sentries","floor":6.0,"turns":1.0},{"damage":0.0,"enemies":"Lagavulin","floor":8.0,"turns":4.0},{"damage":0.0,"enemies":"3 Louse","floor":11.0,"turns":1.0},{"damage":10.0,"enemies":"Exordium Thugs","floor":12.0,"turns":4.0},{"damage":0.0,"enemies":"Blue Slaver","floor":14.0,"turns":3.0},{"damage":0,"enemies":"The Guardian","floor":16,"turns":7},{"damage":0,"enemies":"Chosen","floor":18,"turns":3}],"seed_played":"-7337893348605023489","potions_obtained":[{"floor":6.0,"key":"AttackPotion"},{"floor":12.0,"key":"DistilledChaos"},{"floor":16,"key":"GamblersBrew"}],"is_trial":false,"path_per_floor":["M","M","?","$","M","E","R","E","T","$","M","M","R","M","R","B",null,"M","$","?"],"character_chosen":"THE_SILENT","items_purchased":["Wraith Form v2","SatanicBible","Acrobatics"],"campfire_rested":0,"item_purchase_floors":[17,17,19],"current_hp_per_floor":[55,50,50,50,47,47,47,47,47,47,47,37,37,37,37,37,41,41,41,0,0],"gold":45,"neow_bonus":"REMOVE_TWO","is_daily":false,"chose_seed":false,"campfire_upgraded":3,"win_rate":0.0,"timestamp":1614432867,"path_taken":["M","M","?","$","M","E","R","E","T","?","M","M","R","M","R","BOSS","M","$","?"],"items_purchased_type":["Card","Relic","Card"],"build_version":"2020-12-22","purchased_purges":4,"victory":false,"max_hp_per_floor":[60,60,60,60,60,60,60,60,60,60,60,60,60,60,60,60,42,42,42,42,42],"card_choices":[{"not_picked":[],"picked":"EpicFetus","floor":0.0},{"not_picked":["Prepared","Deadly Poison"],"picked":"Dagger Spray","floor":1.0},{"not_picked":["Sucker Punch","Deadly Poison","Underhanded Strike"],"picked":"SKIP","floor":2.0},{"not_picked":["Blade Dance","Dodge and Roll"],"picked":"Malaise","floor":5.0},{"not_picked":["Prepared","Dagger Throw"],"picked":"Bomb","floor":6.0},{"not_picked":["Flying Knee","Escape Plan"],"picked":"Bomb","floor":8.0},{"not_picked":["Cloak And Dagger","Bane"],"picked":"Phantasmal Killer","floor":11.0},{"not_picked":["PiercingWail","Deadly Poison"],"picked":"Escape Plan","floor":12.0},{"not_picked":["Calculated Gamble","Dagger Throw"],"picked":"Backflip","floor":14.0},{"not_picked":["Terror","Slice","Riddle With Holes"],"picked":"SKIP","floor":18}],"player_experience":1738958,"relics_obtained":[{"floor":6.0,"key":"Damocles"},{"floor":8.0,"key":"BookOfRevelations"},{"floor":8.0,"key":"SalivaCoin"},{"floor":9.0,"key":"aspiration:HiddenCompartment"},{"floor":11.0,"key":"GuppysHead"},{"floor":12.0,"key":"Tough Bandages"},{"floor":14.0,"key":"Snake Skull"},{"floor":18,"key":"White Beast Statue"}],"event_choices":[{"damage_healed":0.0,"max_hp_gain":0.0,"max_hp_loss":0.0,"gold_gain":0.0,"event_name":"Liars Game","player_choice":"Ignored","floor":3.0,"gold_loss":0.0,"damage_taken":0.0}],"is_beta":false,"boss_relics":[{"not_picked":["Cursed Key","Velvet Choker"],"picked":"Pandora\u0027s Box"},{"not_picked":[]}],"items_purged_floors":[4,10,17,19],"is_endless":false,"potions_floor_spawned":[6,12,16],"ascension_level":20}}