{"host":"k919bq8mkuzdqhzi","time":1614458908,"event":{"mods":["AchievementEnabler","BaseMod","Colored Map","Colored Powertips","DeckTracker","Minty Spire (QoL Compilation)","Relic Sorter","SuperFastMode"],"gold_per_floor":[115,132,132,146,163,163,178,148,148,148,182,26,26,44,44,149,149,161,161,82,82,82,82,92,17,17,17,17,29,29,40,40,135,135,146,196,196,196,211,221,221,235,235,235,235],"floor_reached":44,"language":"ENG","playtime":2509,"items_purged":["Strike_P"],"score":458,"play_id":"b6e2ee52-c15c-4d90-81d9-dd17b9665763","local_time":"20210227154828","is_ascension_mode":false,"campfire_choices":[{"data":"Eruption","floor":6.0,"key":"SMITH"},{"floor":10.0,"key":"REST"},{"data":"Vigilance","floor":15.0,"key":"SMITH"},{"data":"SignatureMove","floor":23.0,"key":"SMITH"},{"floor":27.0,"key":"REST"},{"data":"PathToVictory","floor":30.0,"key":"SMITH"},{"data":"FlurryOfBlows","floor":32.0,"key":"SMITH"},{"floor":41,"key":"REST"}],"circlet_count":0,"master_deck":["Defend_P+1","Defend_P+1","Defend_P+1","Defend_P+1","Eruption+1","Vigilance+1","Tantrum","PathToVictory+1","Protect","Evaluate","Crescendo","Wish+1","PathToVictory+1","FlyingSleeves","Perseverance+1","Alpha+1","EmptyBody+1","SignatureMove+1","Bite","Bite","Bite","Bite","Bite","PathToVictory+1","Indignation+1","FlurryOfBlows+1","Halt+1","EmptyFist+1","Judgement+1","ClearTheMind+1","PathToVictory+1"],"relics":["Black Star","CultistMask","Gremlin Horn","Letter Opener","Toxic Egg 2","Mummified Hand","Philosopher\u0027s Stone","Prayer Wheel","Fusion Hammer","Peace Pipe","Dead Branch"],"acts_visited":["Exordium","TheCity","TheBeyond"],"potions_floor_usage":[36,39,42],"damage_taken":[{"damage":5.0,"enemies":"Small Slimes","floor":1.0,"turns":4.0},{"damage":0.0,"enemies":"Cultist","floor":2.0,"turns":2.0},{"damage":10.0,"enemies":"2 Louse","floor":4.0,"turns":2.0},{"damage":0.0,"enemies":"Large Slime","floor":5.0,"turns":3.0},{"damage":3.0,"enemies":"3 Louse","floor":7.0,"turns":5.0},{"damage":16.0,"enemies":"Lagavulin","floor":11.0,"turns":5.0},{"damage":4.0,"enemies":"2 Fungi Beasts","floor":14.0,"turns":2.0},{"damage":23.0,"enemies":"Hexaghost","floor":16.0,"turns":10.0},{"damage":11.0,"enemies":"Shell Parasite","floor":18.0,"turns":5.0},{"damage":39.0,"enemies":"Spheric Guardian","floor":24.0,"turns":8.0},{"damage":12.0,"enemies":"3 Cultists","floor":29.0,"turns":5.0},{"damage":5.0,"enemies":"Snecko","floor":31.0,"turns":5.0},{"damage":40.0,"enemies":"Automaton","floor":33.0,"turns":9.0},{"damage":25.0,"enemies":"3 Darklings","floor":35.0,"turns":5.0},{"damage":17,"enemies":"Mind Bloom Boss Battle","floor":36,"turns":8},{"damage":2,"enemies":"3 Shapes","floor":39,"turns":3},{"damage":56,"enemies":"Writhing Mass","floor":40,"turns":4},{"damage":15,"enemies":"Sphere and 2 Shapes","floor":42,"turns":4},{"damage":28,"enemies":"Jaw Worm Horde","floor":44,"turns":2}],"seed_played":"-5408876092889149393","potions_obtained":[{"floor":1.0,"key":"CultistPotion"},{"floor":7.0,"key":"CultistPotion"},{"floor":14.0,"key":"Explosive Potion"},{"floor":16.0,"key":"DuplicationPotion"},{"floor":24.0,"key":"Fire Potion"},{"floor":29.0,"key":"StancePotion"},{"floor":31.0,"key":"ColorlessPotion"},{"floor":35.0,"key":"Weak Potion"},{"floor":36,"key":"AttackPotion"},{"floor":40,"key":"Explosive Potion"}],"is_trial":false,"path_per_floor":["M","M","?","M","M","R","M","?","T","R","E","$","?","M","R","B",null,"M","?","$","?","?","R","M","$","T","R","?","M","R","M","R","B",null,"M","?","?","?","M","M","R","M","T","M"],"character_chosen":"WATCHER","items_purchased":["PathToVictory+1","FlyingSleeves","SignatureMove","Indignation+1"],"campfire_rested":3,"item_purchase_floors":[12,12,20,25],"current_hp_per_floor":[67,67,67,57,57,57,54,54,54,72,56,56,56,52,52,29,72,61,61,61,61,61,61,40,40,40,61,61,59,59,60,60,32,72,55,52,52,52,54,4,25,14,14,0,0],"gold":235,"neow_bonus":"BOSS_RELIC","is_daily":false,"chose_seed":false,"campfire_upgraded":5,"win_rate":0.0,"timestamp":1614458908,"path_taken":["M","M","?","M","?","R","M","?","T","R","E","$","?","M","R","BOSS","M","?","$","?","?","R","M","$","T","R","?","M","R","M","R","BOSS","M","?","?","?","M","M","R","?","T","M"],"items_purchased_type":["Card","Card","Card","Card"],"build_version":"2020-12-22","purchased_purges":1,"victory":false,"max_hp_per_floor":[72,72,72,72,72,72,72,72,72,72,72,72,72,72,72,72,72,72,72,72,72,72,72,72,72,72,72,72,72,72,72,72,72,72,72,72,72,72,72,72,72,72,72,72,72],"card_choices":[{"not_picked":["SandsOfTime","FlurryOfBlows"],"picked":"Tantrum","floor":1.0},{"not_picked":["ThirdEye","MentalFortress"],"picked":"PathToVictory","floor":2.0},{"not_picked":["ForeignInfluence","EmptyFist"],"picked":"Protect","floor":4.0},{"not_picked":["Consecrate","WaveOfTheHand"],"picked":"Evaluate","floor":5.0},{"not_picked":["Halt","ThirdEye"],"picked":"Crescendo","floor":7.0},{"not_picked":["CrushJoints","EmptyFist"],"picked":"Wish+1","floor":11.0},{"not_picked":["Crescendo+1","Consecrate"],"picked":"Perseverance+1","floor":14.0},{"not_picked":["Devotion","DevaForm"],"picked":"Alpha+1","floor":16.0},{"not_picked":["Swivel+1","Sanctity+1"],"picked":"EmptyBody+1","floor":18.0},{"not_picked":["Nirvana","LikeWater"],"picked":"PathToVictory+1","floor":24.0},{"not_picked":["Nirvana+1","BowlingBash"],"picked":"FlurryOfBlows","floor":29.0},{"not_picked":["Protect+1","FlyingSleeves","Halt+1"],"picked":"SKIP","floor":29.0},{"not_picked":["Protect+1","FlyingSleeves"],"picked":"Halt+1","floor":29.0},{"not_picked":["Weave","SashWhip"],"picked":"EmptyFist+1","floor":31.0},{"not_picked":["CutThroughFate","TalkToTheHand+1","Prostrate+1"],"picked":"SKIP","floor":31.0},{"not_picked":["DeusExMachina+1","LessonLearned"],"picked":"Judgement+1","floor":33.0},{"not_picked":["Crescendo+1","ThirdEye+1","Wallop"],"picked":"SKIP","floor":35.0},{"not_picked":["Consecrate+1","Prostrate+1","CutThroughFate"],"picked":"SKIP","floor":35.0},{"not_picked":["Protect+1","EmptyFist+1"],"picked":"ClearTheMind+1","floor":36},{"not_picked":["EmptyFist","DevaForm","Indignation+1"],"picked":"SKIP","floor":39},{"not_picked":["EmptyBody+1","BattleHymn","ThirdEye+1"],"picked":"SKIP","floor":39},{"not_picked":["Sanctity+1","Swivel+1","FlyingSleeves"],"picked":"SKIP","floor":40},{"not_picked":["Indignation+1","EmptyFist","JustLucky+1"],"picked":"SKIP","floor":40},{"not_picked":["Collect+1","Tantrum+1","CutThroughFate+1"],"picked":"SKIP","floor":42},{"not_picked":["ClearTheMind+1","CrushJoints","Nirvana"],"picked":"SKIP","floor":42}],"player_experience":183535,"relics_obtained":[{"floor":9.0,"key":"Gremlin Horn"},{"floor":11.0,"key":"Letter Opener"},{"floor":11.0,"key":"Toxic Egg 2"},{"floor":26.0,"key":"Prayer Wheel"},{"floor":36,"key":"Peace Pipe"},{"floor":43,"key":"Dead Branch"}],"event_choices":[{"damage_healed":0.0,"max_hp_gain":0.0,"max_hp_loss":0.0,"gold_gain":0.0,"event_name":"FaceTrader","player_choice":"Trade","floor":3.0,"gold_loss":0.0,"damage_taken":0.0,"relics_obtained":["CultistMask"]},{"damage_healed":0.0,"max_hp_gain":0.0,"max_hp_loss":0.0,"gold_gain":0.0,"event_name":"World of Goop","player_choice":"Left Gold","floor":8.0,"gold_loss":30.0,"damage_taken":0.0},{"damage_healed":0.0,"max_hp_gain":0.0,"max_hp_loss":0.0,"gold_gain":0.0,"event_name":"Dead Adventurer","player_choice":"Searched \u00271\u0027 times","floor":13.0,"gold_loss":0.0,"damage_taken":0.0,"relics_obtained":["Mummified Hand"]},{"damage_healed":0.0,"max_hp_gain":0.0,"max_hp_loss":0.0,"gold_gain":0.0,"event_name":"Back to Basics","player_choice":"Simplicity","floor":19.0,"gold_loss":0.0,"damage_taken":0.0,"cards_upgraded":["Strike_P","Strike_P","Strike_P","Defend_P","Defend_P","Defend_P","Defend_P"]},{"damage_healed":0.0,"max_hp_gain":0.0,"max_hp_loss":0.0,"gold_gain":0.0,"event_name":"The Mausoleum","player_choice":"Opened","floor":21.0,"gold_loss":0.0,"damage_taken":0.0,"relics_obtained":["Blood Vial"]},{"damage_healed":0.0,"max_hp_gain":0.0,"max_hp_loss":0.0,"gold_gain":0.0,"event_name":"Vampires","player_choice":"Became a vampire (Vial)","floor":22.0,"relics_lost":["Blood Vial"],"gold_loss":0.0,"damage_taken":0.0,"cards_obtained":["Bite","Bite","Bite","Bite","Bite"]},{"damage_healed":0.0,"max_hp_gain":0.0,"max_hp_loss":0.0,"gold_gain":0.0,"event_name":"Cursed Tome","player_choice":"Ignored","floor":28.0,"gold_loss":0.0,"damage_taken":0.0},{"damage_healed":0,"gold_gain":0,"player_choice":"Fight","damage_taken":0,"max_hp_gain":0,"max_hp_loss":0,"event_name":"MindBloom","floor":36,"gold_loss":0},{"damage_healed":0,"gold_gain":0,"player_choice":"Memory 1","damage_taken":0,"max_hp_gain":0,"max_hp_loss":0,"event_name":"SensoryStone","floor":37,"gold_loss":0},{"damage_healed":0,"gold_gain":0,"player_choice":"Copied","damage_taken":0,"max_hp_gain":0,"max_hp_loss":0,"event_name":"Duplicator","floor":38,"gold_loss":0,"cards_obtained":["PathToVictory"]}],"is_beta":false,"boss_relics":[{"not_picked":["Calling Bell","Coffee Dripper"],"picked":"Philosopher\u0027s Stone"},{"not_picked":["SacredBark","SlaversCollar"],"picked":"Fusion Hammer"}],"items_purged_floors":[12],"is_endless":false,"potions_floor_spawned":[1,7,14,16,24,29,31,35,36,40],"killed_by":"Jaw Worm Horde","ascension_level":0}}