{"host":"or8fr2mp0k3eluj8","time":1614432234,"event":{"mods":["AchievementEnabler","BaseMod","Colored Map","DeckTracker","Keyboard Shortcuts","Minty Spire (QoL Compilation)","StSLib","SuperFastMode","everything is the same but u backflip on backflip"],"gold_per_floor":[119,119,135,148,166,166,72,72,72,101,111,124,124,124,124,219,219,237,268,268,268,279,279,312,312,338,355,63,63,92,102,102,203,203,214,233,158,158,176,176,211,225,225,241,276,276,74,116,116,116,116,116,16,57,57,57],"floor_reached":55,"language":"KOR","playtime":1320,"items_purged":["Defend_R"],"score":988,"play_id":"c8d4cbf3-df51-4946-b610-f8dd9b10323d","local_time":"20210227222354","is_ascension_mode":true,"campfire_choices":[{"data":"Perfected Strike","floor":6.0,"key":"SMITH"},{"floor":13.0,"key":"REST"},{"data":"Bash","floor":15.0,"key":"SMITH"},{"data":"Perfected Strike","floor":23.0,"key":"SMITH"},{"floor":25.0,"key":"REST"},{"data":"Perfected Strike","floor":29.0,"key":"SMITH"},{"data":"Battle Trance","floor":32.0,"key":"SMITH"},{"floor":40.0,"key":"REST"},{"floor":46,"key":"REST"},{"floor":49,"key":"RECALL"},{"floor":52,"key":"DIG"}],"circlet_count":0,"master_deck":["Strike_R","Strike_R","Strike_R","Strike_R","Strike_R","Defend_R","Defend_R","Defend_R","Bash+1","Perfected Strike+1","Perfected Strike+1","Swift Strike","Pommel Strike","Double Tap","Perfected Strike+1","Twin Strike","Battle Trance+1","Perfected Strike+1","True Grit+1","Pommel Strike+1","Pommel Strike","Twin Strike+1"],"relics":["Black Blood","NeowsBlessing","White Beast Statue","Self Forming Clay","Regal Pillow","SacredBark","Red Mask","Vajra","Lantern","Brimstone","Nunchaku","Gremlin Horn","Shovel","Happy Flower","Art of War","CeramicFish","Kunai","Blood Vial"],"acts_visited":["Exordium","TheCity","TheBeyond","TheEnding"],"potions_floor_usage":[45,45,48,50,50,50,53,54,54,55,55,55,55,55],"damage_taken":[{"damage":0.0,"enemies":"Cultist","floor":1.0,"turns":1.0},{"damage":0.0,"enemies":"Small Slimes","floor":3.0,"turns":2.0},{"damage":0.0,"enemies":"2 Louse","floor":4.0,"turns":1.0},{"damage":40.0,"enemies":"Gremlin Gang","floor":5.0,"turns":5.0},{"damage":16.0,"enemies":"Gremlin Nob","floor":10.0,"turns":3.0},{"damage":9.0,"enemies":"Red Slaver","floor":11.0,"turns":2.0},{"damage":11.0,"enemies":"3 Louse","floor":12.0,"turns":3.0},{"damage":60.0,"enemies":"Hexaghost","floor":16.0,"turns":8.0},{"damage":33.0,"enemies":"Shell Parasite","floor":18.0,"turns":4.0},{"damage":16.0,"enemies":"Masked Bandits","floor":19.0,"turns":3.0},{"damage":3.0,"enemies":"Chosen","floor":22.0,"turns":3.0},{"damage":30.0,"enemies":"Gremlin Leader","floor":24.0,"turns":5.0},{"damage":36.0,"enemies":"Shelled Parasite and Fungi","floor":27.0,"turns":3.0},{"damage":6.0,"enemies":"Slavers","floor":30.0,"turns":2.0},{"damage":5.0,"enemies":"Cultist and Chosen","floor":31.0,"turns":3.0},{"damage":26.0,"enemies":"Collector","floor":33.0,"turns":4.0},{"damage":24.0,"enemies":"3 Darklings","floor":35.0,"turns":2.0},{"damage":13.0,"enemies":"3 Shapes","floor":36.0,"turns":5.0},{"damage":28.0,"enemies":"3 Darklings","floor":39.0,"turns":2.0},{"damage":49.0,"enemies":"Nemesis","floor":41.0,"turns":5.0},{"damage":37.0,"enemies":"Spire Growth","floor":42.0,"turns":3.0},{"damage":16,"enemies":"Writhing Mass","floor":44,"turns":2},{"damage":12,"enemies":"Giant Head","floor":45,"turns":4},{"damage":0,"enemies":"Reptomancer","floor":48,"turns":2},{"damage":53,"enemies":"Donu and Deca","floor":50,"turns":5},{"damage":14,"enemies":"Shield and Spear","floor":54,"turns":2},{"damage":76,"enemies":"The Heart","floor":55,"turns":5}],"seed_played":"-4645734606447819735","potions_obtained":[{"floor":3.0,"key":"SteroidPotion"},{"floor":4.0,"key":"FearPotion"},{"floor":5.0,"key":"BlessingOfTheForge"},{"floor":19.0,"key":"DuplicationPotion"},{"floor":24.0,"key":"EntropicBrew"},{"floor":27.0,"key":"Fire Potion"},{"floor":30.0,"key":"BlessingOfTheForge"},{"floor":31.0,"key":"DistilledChaos"},{"floor":33.0,"key":"Fire Potion"},{"floor":42,"key":"Dexterity Potion"},{"floor":44,"key":"LiquidMemories"},{"floor":45,"key":"AttackPotion"},{"floor":48,"key":"Fire Potion"},{"floor":54,"key":"SpeedPotion"}],"is_trial":false,"path_per_floor":["M","?","M","M","M","R","$","?","T","E","M","M","R","?","R","B",null,"M","?","?","?","M","R","E","R","T","M","$","R","E","M","R","B",null,"M","M","$","?","M","R","E","M","T","M","E","R","$","E","R","B",null,"R","$","E","B"],"character_chosen":"IRONCLAD","items_purchased":["Swift Strike","Lantern","Brimstone","Art of War","Weak Potion","EntropicBrew"],"campfire_rested":4,"item_purchase_floors":[7,28,28,47,47,53],"current_hp_per_floor":[80,80,80,80,46,46,46,46,46,36,33,28,67,72,72,18,68,41,31,31,31,34,34,10,50,50,54,54,54,54,55,55,35,73,61,60,60,60,44,84,47,22,22,18,18,58,58,70,70,29,71,71,71,69,0,0],"gold":57,"neow_bonus":"THREE_ENEMY_KILL","is_daily":false,"chose_seed":false,"campfire_upgraded":5,"win_rate":0.0,"timestamp":1614432234,"path_taken":["M","?","?","M","M","R","?","?","T","E","M","?","R","?","R","BOSS","M","?","?","?","M","R","E","R","T","M","$","R","E","M","R","BOSS","M","?","?","?","M","R","E","?","T","M","E","R","$","E","R","BOSS","R","$","E","BOSS"],"items_purchased_type":["Card","Relic","Relic","Relic","Potion","Potion"],"build_version":"2020-12-22","purchased_purges":1,"victory":false,"max_hp_per_floor":[80,80,80,80,80,80,80,80,80,80,80,80,80,85,85,85,85,85,85,85,85,85,85,85,85,85,85,85,85,85,85,85,85,85,85,85,85,85,85,85,85,85,85,85,85,85,85,85,85,85,85,85,85,85,85,85],"card_choices":[{"not_picked":["Thunderclap","Dark Embrace"],"picked":"Clash","floor":1.0},{"not_picked":["Flex","Combust"],"picked":"Whirlwind","floor":3.0},{"not_picked":["Thunderclap","True Grit"],"picked":"Perfected Strike","floor":4.0},{"not_picked":["True Grit","Reaper"],"picked":"Perfected Strike","floor":5.0},{"not_picked":["Spot Weakness","Burning Pact"],"picked":"Pommel Strike","floor":10.0},{"not_picked":["Headbutt","Havoc","Reckless Charge"],"picked":"SKIP","floor":11.0},{"not_picked":["Thunderclap","Havoc","Armaments"],"picked":"SKIP","floor":12.0},{"not_picked":["Bludgeon","Corruption"],"picked":"Double Tap","floor":16.0},{"not_picked":["True Grit","Rampage+1"],"picked":"Perfected Strike","floor":18.0},{"not_picked":["Clothesline","Clash","Pummel"],"picked":"SKIP","floor":22.0},{"not_picked":["Sever Soul+1","Armaments","Iron Wave"],"picked":"SKIP","floor":24.0},{"not_picked":["Feed","Rupture"],"picked":"Perfected Strike","floor":27.0},{"not_picked":["Corruption","Battle Trance","Ghostly Armor"],"picked":"SKIP","floor":30.0},{"not_picked":["Flex","Body Slam","Armaments"],"picked":"SKIP","floor":31.0},{"not_picked":["Iron Wave+1","Body Slam"],"picked":"Shockwave+1","floor":35.0},{"not_picked":["Warcry+1","Shrug It Off","Havoc"],"picked":"SKIP","floor":36.0},{"not_picked":["Armaments","Warcry","Brutality"],"picked":"SKIP","floor":39.0},{"not_picked":["Corruption","Entrench+1"],"picked":"True Grit+1","floor":41.0},{"not_picked":["Infernal Blade+1","Heavy Blade+1"],"picked":"Pommel Strike+1","floor":42},{"not_picked":["Inflame+1","Clash","Rupture"],"picked":"SKIP","floor":44},{"not_picked":["Clothesline","Cleave+1","Corruption"],"picked":"SKIP","floor":45},{"not_picked":["Thunderclap+1","Body Slam+1"],"picked":"Pommel Strike","floor":48},{"not_picked":["Body Slam","Cleave+1"],"picked":"Twin Strike+1","floor":54}],"player_experience":492108,"relics_obtained":[{"floor":9.0,"key":"Self Forming Clay"},{"floor":10.0,"key":"Regal Pillow"},{"floor":19.0,"key":"Red Mask"},{"floor":24.0,"key":"Vajra"},{"floor":30.0,"key":"Nunchaku"},{"floor":41.0,"key":"Gremlin Horn"},{"floor":43,"key":"Shovel"},{"floor":45,"key":"Happy Flower"},{"floor":48,"key":"CeramicFish"},{"floor":52,"key":"Kunai"},{"floor":54,"key":"Blood Vial"}],"event_choices":[{"cards_removed":["Clash"],"damage_healed":0.0,"max_hp_gain":0.0,"max_hp_loss":0.0,"gold_gain":0.0,"event_name":"WeMeetAgain","player_choice":"Gave Card","floor":2.0,"gold_loss":0.0,"damage_taken":0.0,"relics_obtained":["White Beast Statue"]},{"damage_healed":0.0,"max_hp_gain":0.0,"max_hp_loss":0.0,"gold_gain":0.0,"event_name":"Accursed Blacksmith","player_choice":"Forge","floor":8.0,"gold_loss":0.0,"damage_taken":0.0,"cards_upgraded":["Perfected Strike"]},{"damage_healed":0.0,"max_hp_gain":5.0,"max_hp_loss":0.0,"gold_gain":0.0,"event_name":"Big Fish","player_choice":"Donut","floor":14.0,"gold_loss":0.0,"damage_taken":0.0},{"damage_healed":0.0,"max_hp_gain":0.0,"max_hp_loss":0.0,"gold_gain":0.0,"event_name":"Masked Bandits","player_choice":"Fought Bandits","floor":19.0,"gold_loss":0.0,"damage_taken":0.0},{"damage_healed":0.0,"max_hp_gain":0.0,"max_hp_loss":0.0,"gold_gain":0.0,"event_name":"The Library","player_choice":"Read","floor":20.0,"gold_loss":0.0,"damage_taken":0.0,"cards_obtained":["Twin Strike"]},{"damage_healed":0.0,"max_hp_gain":0.0,"max_hp_loss":0.0,"gold_gain":0.0,"cards_transformed":["Whirlwind"],"event_name":"Transmorgrifier","player_choice":"Transformed","floor":21.0,"gold_loss":0.0,"damage_taken":0.0,"cards_obtained":["Battle Trance"]},{"cards_removed":["Shockwave"],"damage_healed":0.0,"max_hp_gain":0.0,"max_hp_loss":0.0,"gold_gain":0.0,"event_name":"Falling","player_choice":"Removed Skill","floor":38.0,"gold_loss":0.0,"damage_taken":0.0}],"is_beta":false,"boss_relics":[{"not_picked":["Coffee Dripper","Runic Dome"],"picked":"SacredBark"},{"not_picked":["Calling Bell","Empty Cage"],"picked":"Black Blood"}],"items_purged_floors":[37],"is_endless":false,"potions_floor_spawned":[3,4,5,10,11,12,16,18,19,22,24,27,30,31,33,35,36,39,41,42,44,45,48,54],"killed_by":"The Heart","ascension_level":5}}