{"host":"338bkdl2yirdp2ct","time":1614442522,"event":{"mods":["AchievementEnabler","BaseMod","Colored Powertips","Highlight Path","Minty Spire (QoL Compilation)","Quick Restart","Relic Sorter","Unceasing Turn Reminder","slay the spire mod where everything is the same but ironclad has a cowboy hat"],"gold_per_floor":[133,133,52,52,92,177,177,217,217,217,260,260,260,325,325,325,325],"floor_reached":16,"language":"ENG","playtime":383,"items_purged":[],"score":100,"play_id":"7dbf34b9-adbc-43ce-9567-2e48939a4c25","local_time":"20210227081522","is_ascension_mode":false,"campfire_choices":[{"data":"HandOfGreed","floor":7,"key":"SMITH"},{"data":"Offering","floor":10,"key":"SMITH"},{"floor":13,"key":"REST"},{"floor":15,"key":"REST"}],"circlet_count":0,"master_deck":["Strike_R","Strike_R","Strike_R","Strike_R","Strike_R","Defend_R","Defend_R","Defend_R","Defend_R","Bash","Regret","HandOfGreed+1","Offering+1","Entrench","Rupture"],"relics":["Burning Blood","CultistMask","White Beast Statue","Akabeko","Pen Nib"],"acts_visited":["Exordium"],"potions_floor_usage":[8,16,16],"damage_taken":[{"damage":11,"enemies":"Jaw Worm","floor":1,"turns":3},{"damage":16,"enemies":"Cultist","floor":5,"turns":4},{"damage":53,"enemies":"3 Sentries","floor":6,"turns":12},{"damage":8,"enemies":"Small Slimes","floor":8,"turns":3},{"damage":15,"enemies":"Blue Slaver","floor":11,"turns":2},{"damage":26,"enemies":"Large Slime","floor":14,"turns":5},{"damage":59,"enemies":"The Guardian","floor":16,"turns":8}],"seed_played":"-5497509308170190487","potions_obtained":[{"floor":5,"key":"FearPotion"},{"floor":6,"key":"DistilledChaos"},{"floor":8,"key":"BloodPotion"},{"floor":11,"key":"SteroidPotion"}],"is_trial":false,"path_per_floor":["M","?","$","T","M","E","R","M","T","R","M","?","R","M","R","B"],"character_chosen":"IRONCLAD","items_purchased":["Offering"],"campfire_rested":2,"item_purchase_floors":[3],"current_hp_per_floor":[75,75,75,75,65,18,18,32,32,32,23,28,53,33,58,0,0],"gold":325,"neow_bonus":"RANDOM_COLORLESS_2","is_daily":false,"chose_seed":false,"campfire_upgraded":2,"win_rate":0.0,"timestamp":1614442522,"path_taken":["M","?","$","?","M","E","R","M","T","R","M","?","R","?","R","BOSS"],"items_purchased_type":["Card"],"build_version":"2020-12-22","purchased_purges":0,"victory":false,"max_hp_per_floor":[80,80,80,80,80,80,80,80,80,80,80,85,85,85,85,85,85],"card_choices":[{"not_picked":["Panache","Magnetism"],"picked":"HandOfGreed","floor":0},{"not_picked":["Clash","Infernal Blade","Armaments"],"picked":"SKIP","floor":1},{"not_picked":["Perfected Strike","Anger","Whirlwind"],"picked":"SKIP","floor":5},{"not_picked":["Flex","Clothesline"],"picked":"Entrench","floor":6},{"not_picked":["Sword Boomerang","Clash"],"picked":"Rupture","floor":8},{"not_picked":["Rage","Pommel Strike","Sentinel"],"picked":"SKIP","floor":11},{"not_picked":["Havoc","Clash","Bludgeon"],"picked":"SKIP","floor":14}],"player_experience":1178584,"relics_obtained":[{"floor":4,"key":"White Beast Statue"},{"floor":6,"key":"Akabeko"},{"floor":9,"key":"Pen Nib"}],"event_choices":[{"damage_healed":0,"gold_gain":0,"player_choice":"Trade","damage_taken":0,"relics_obtained":["CultistMask"],"max_hp_gain":0,"max_hp_loss":0,"event_name":"FaceTrader","floor":2,"gold_loss":0},{"damage_healed":0,"gold_gain":0,"player_choice":"Donut","damage_taken":0,"max_hp_gain":5,"max_hp_loss":0,"event_name":"Big Fish","floor":12,"gold_loss":0}],"is_beta":false,"boss_relics":[],"items_purged_floors":[],"is_endless":false,"potions_floor_spawned":[5,6,8,11,14],"killed_by":"The Guardian","ascension_level":0}}