{"host":"bf5upntvbdompq33","time":1614449140,"event":{"mods":["BaseMod","Bestiary","Colored Map","Colored Powertips","Curses Come First","Highlight Path","Minty Spire (QoL Compilation)","StSLib","ojb\u0027s Info Mod"],"gold_per_floor":[110,120,16,26,37,64,64,64,64,94,105,105,30,48,48,120,120,131,150,150,150,150],"floor_reached":21,"language":"ENG","playtime":2987,"items_purged":["Normality"],"score":344,"play_id":"c05c86fa-795e-475c-bf6c-08478deafcfe","local_time":"20210227110540","is_ascension_mode":true,"campfire_choices":[{"data":"Pommel Strike","floor":7,"key":"SMITH"},{"data":"Flex","floor":12,"key":"SMITH"},{"data":"Entrench","floor":15,"key":"SMITH"}],"circlet_count":0,"master_deck":["AscendersBane","Strike_R","Strike_R","Strike_R","Strike_R","Defend_R","Defend_R","Defend_R","Defend_R","Bash","Fiend Fire","Spot Weakness","Shrug It Off","Power Through","Pommel Strike+1","Flex+1","Twin Strike","Iron Wave","Entrench+1","Barricade","CurseOfTheBell","Pommel Strike+1","Reaper"],"relics":["Burning Blood","Turnip","InkBottle","StrikeDummy","Calling Bell","Omamori","Frozen Egg 2","Champion Belt"],"acts_visited":["Exordium","TheCity"],"potions_floor_usage":[6,10],"damage_taken":[{"damage":2,"enemies":"Jaw Worm","floor":1,"turns":3},{"damage":2,"enemies":"2 Louse","floor":2,"turns":4},{"damage":18,"enemies":"Small Slimes","floor":4,"turns":3},{"damage":9,"enemies":"Exordium Thugs","floor":5,"turns":4},{"damage":20,"enemies":"Lagavulin","floor":6,"turns":5},{"damage":26,"enemies":"Gremlin Nob","floor":10,"turns":4},{"damage":0,"enemies":"2 Fungi Beasts","floor":11,"turns":2},{"damage":6,"enemies":"Red Slaver","floor":14,"turns":2},{"damage":51,"enemies":"Slime Boss","floor":16,"turns":12},{"damage":40,"enemies":"3 Byrds","floor":18,"turns":8},{"damage":15,"enemies":"Spheric Guardian","floor":19,"turns":9},{"damage":12,"enemies":"Snake Plant","floor":21,"turns":1}],"seed_played":"1456331579301372659","potions_obtained":[{"floor":4,"key":"FearPotion"},{"floor":5,"key":"SteroidPotion"},{"floor":6,"key":"ElixirPotion"},{"floor":18,"key":"EssenceOfSteel"}],"is_trial":false,"path_per_floor":["M","M","$","M","M","E","R","?","T","E","M","R","?","M","R","B",null,"M","M","?","M"],"character_chosen":"IRONCLAD","items_purchased":["Shrug It Off"],"campfire_rested":0,"item_purchase_floors":[3],"current_hp_per_floor":[72,75,75,63,60,46,46,71,71,51,57,57,57,57,57,12,59,25,16,10,0,0],"gold":150,"neow_bonus":"THREE_RARE_CARDS","is_daily":false,"chose_seed":false,"campfire_upgraded":3,"win_rate":0.0,"timestamp":1614449140,"path_taken":["M","M","$","M","M","E","R","?","T","E","M","R","?","M","R","BOSS","M","M","?","M"],"items_purchased_type":["Card"],"build_version":"2020-12-22","purchased_purges":1,"victory":false,"max_hp_per_floor":[75,75,75,75,75,75,75,75,75,75,75,75,75,75,75,75,75,75,75,75,75,75],"card_choices":[{"not_picked":["Brutality","Juggernaut"],"picked":"Fiend Fire","floor":0},{"not_picked":["True Grit","Clash"],"picked":"Spot Weakness","floor":1},{"not_picked":["Havoc","Fiend Fire","Rupture"],"picked":"SKIP","floor":2},{"not_picked":["Flex","Headbutt"],"picked":"Power Through","floor":4},{"not_picked":["Battle Trance","Body Slam"],"picked":"Pommel Strike","floor":5},{"not_picked":["Combust","Heavy Blade"],"picked":"Flex","floor":6},{"not_picked":["Iron Wave","Heavy Blade"],"picked":"Twin Strike","floor":10},{"not_picked":["True Grit","Pommel Strike"],"picked":"Iron Wave","floor":11},{"not_picked":["Combust","Bloodletting"],"picked":"Entrench","floor":14},{"not_picked":["Demon Form","Impervious"],"picked":"Barricade","floor":16},{"not_picked":["Intimidate","Wild Strike"],"picked":"Pommel Strike+1","floor":18},{"not_picked":["Iron Wave","Havoc"],"picked":"Reaper","floor":19}],"player_experience":1775963,"relics_obtained":[{"floor":6,"key":"Turnip"},{"floor":9,"key":"InkBottle"},{"floor":10,"key":"StrikeDummy"},{"floor":17,"key":"Omamori"},{"floor":17,"key":"Frozen Egg 2"},{"floor":17,"key":"Champion Belt"}],"event_choices":[{"damage_healed":25,"gold_gain":0,"player_choice":"Banana","damage_taken":0,"max_hp_gain":0,"max_hp_loss":0,"event_name":"Big Fish","floor":8,"gold_loss":0},{"cards_removed":["Strike_R"],"damage_healed":0,"gold_gain":0,"player_choice":"Card Removal","damage_taken":0,"max_hp_gain":0,"max_hp_loss":0,"event_name":"The Cleric","floor":13,"gold_loss":75},{"damage_healed":0,"gold_gain":0,"player_choice":"","damage_taken":6,"max_hp_gain":0,"max_hp_loss":0,"event_name":"Knowing Skull","floor":20,"potions_obtained":[],"gold_loss":0,"cards_obtained":[]}],"is_beta":false,"boss_relics":[{"not_picked":["Black Star","Black Blood"],"picked":"Calling Bell"}],"items_purged_floors":[3],"is_endless":false,"potions_floor_spawned":[4,5,6,18],"killed_by":"Snake Plant","ascension_level":16}}