{"host":"7zq0fgva91iwgkd5","time":1614438123,"event":{"mods":["AchievementEnabler","BaseMod","Bestiary","Card Forge","Colored Map","Curses Come First","DeckTracker","Minty Spire (QoL Compilation)","Quick Restart","Rare Cards Sparkle","Remove Card Discount Mod","StSLib"],"gold_per_floor":[117,34,59,59,73,100,100,100,100,100,134,151,185,24,24,97,97,117,131,131,131,158,187,205,239,293,293,293,308,322,339,339,415,415,428,94,113,128,153,153,183,183,208,238,0,31,109,109,109,109,109,109,11,37,37],"floor_reached":56,"language":"ENG","playtime":1520,"items_purged":[],"score":2539,"play_id":"7e1a5140-348e-4c27-b6bb-15db2bce02f6","local_time":"20210227160203","is_ascension_mode":true,"campfire_choices":[{"floor":7,"key":"RECALL"},{"data":"Carnage","floor":15,"key":"SMITH"},{"floor":28,"key":"REST"},{"floor":32,"key":"REST"},{"floor":40,"key":"REST"},{"floor":42,"key":"REST"},{"floor":49,"key":"REST"},{"floor":52,"key":"REST"}],"circlet_count":0,"master_deck":["AscendersBane","Strike_R+1","Strike_R+1","Defend_R+1","Bash+1","Spot Weakness+1","Cleave+1","Feed+1","Ghostly Armor+1","Flame Barrier+1","Immolate+1","Iron Wave+1","Pommel Strike+1","Seeing Red+1","Uppercut+1","Whirlwind+1","Dramatic Entrance+1","Carnage+1","Barricade+1","Shrug It Off+1","Spot Weakness+1","RitualDagger+1","Ghostly Armor+1","Entrench+1","Reaper+1","Cleave+1","Transmutation+1","Dramatic Entrance+1","Shrug It Off+1","Searing Blow+20"],"relics":["Burning Blood","Hammer of Thor","Seething Fire","Anvil of the Gods","NeowsBlessing","Smiling Mask","Tiny Chest","Shuriken","PreservedInsect","Mummified Hand","Lee\u0027s Waffle","Cursed Key","White Beast Statue","Happy Flower","Self Forming Clay","Regal Pillow","Anchor","Philosopher\u0027s Stone","Sling","Bag of Preparation","Ginger","Dead Branch","Centennial Puzzle","Red Skull","Red Mask","Charon\u0027s Ashes","Darkstone Periapt","Oddly Smooth Stone"],"acts_visited":["Exordium","TheCity","TheBeyond","TheEnding"],"potions_floor_usage":[35,39,50,55],"damage_taken":[{"damage":0,"enemies":"Cultist","floor":1,"turns":1},{"damage":0,"enemies":"Small Slimes","floor":5,"turns":1},{"damage":0,"enemies":"Gremlin Nob","floor":6,"turns":1},{"damage":10,"enemies":"3 Sentries","floor":11,"turns":3},{"damage":0,"enemies":"2 Louse","floor":12,"turns":1},{"damage":35,"enemies":"Lagavulin","floor":13,"turns":4},{"damage":0,"enemies":"Slime Boss","floor":16,"turns":4},{"damage":0,"enemies":"3 Byrds","floor":18,"turns":3},{"damage":11,"enemies":"Spheric Guardian","floor":19,"turns":3},{"damage":3,"enemies":"Book of Stabbing","floor":23,"turns":4},{"damage":0,"enemies":"Snake Plant","floor":24,"turns":4},{"damage":0,"enemies":"Slavers","floor":25,"turns":1},{"damage":0,"enemies":"Snecko","floor":29,"turns":3},{"damage":18,"enemies":"Chosen and Byrds","floor":30,"turns":6},{"damage":0,"enemies":"Sentry and Sphere","floor":31,"turns":3},{"damage":19,"enemies":"Champ","floor":33,"turns":14},{"damage":0,"enemies":"3 Darklings","floor":35,"turns":2},{"damage":0,"enemies":"Orb Walker","floor":37,"turns":2},{"damage":37,"enemies":"Sphere and 2 Shapes","floor":38,"turns":4},{"damage":0,"enemies":"Mind Bloom Boss Battle","floor":39,"turns":5},{"damage":0,"enemies":"Reptomancer","floor":41,"turns":3},{"damage":10,"enemies":"Giant Head","floor":44,"turns":4},{"damage":8,"enemies":"Nemesis","floor":46,"turns":3},{"damage":37,"enemies":"Donu and Deca","floor":50,"turns":8},{"damage":0,"enemies":"Shield and Spear","floor":54,"turns":1},{"damage":55,"enemies":"The Heart","floor":55,"turns":8}],"seed_played":"-7076410660708396000","potions_obtained":[{"floor":1,"key":"Swift Potion"},{"floor":11,"key":"ElixirPotion"},{"floor":12,"key":"Swift Potion"},{"floor":23,"key":"HeartOfIron"},{"floor":35,"key":"Fire Potion"},{"floor":39,"key":"Weak Potion"},{"floor":54,"key":"SteroidPotion"}],"is_trial":false,"path_per_floor":["M","$","T","?","M","E","R","?","T","T","E","M","E","$","R","B",null,"M","M","?","?","T","E","M","E","T","?","R","M","M","M","R","B",null,"M","$","M","M","?","R","E","R","T","E","?","E","T","?","R","B",null,"R","$","E","B",null],"character_chosen":"IRONCLAD","items_purchased":["Spot Weakness","Lee\u0027s Waffle","Sling","Bag of Preparation","Dramatic Entrance"],"campfire_rested":6,"item_purchase_floors":[2,14,36,36,53],"current_hp_per_floor":[74,74,74,79,80,80,80,80,80,80,80,84,55,91,91,91,91,95,90,90,84,84,91,97,99,99,99,99,99,87,93,99,86,96,99,99,103,72,84,103,103,103,103,99,99,97,97,97,103,76,99,107,107,107,77],"gold":37,"neow_bonus":"THREE_ENEMY_KILL","is_daily":false,"chose_seed":false,"campfire_upgraded":1,"win_rate":0.0,"timestamp":1614438123,"path_taken":["M","$","?","?","M","E","R","?","T","?","E","M","E","$","R","BOSS","M","M","?","?","?","E","M","E","T","?","R","M","M","M","R","BOSS","M","$","M","M","?","R","E","R","T","E","?","E","?","?","R","BOSS","R","$","E","BOSS"],"items_purchased_type":["Card","Relic","Relic","Relic","Card"],"build_version":"2020-12-22","purchased_purges":0,"victory":true,"max_hp_per_floor":[75,75,75,80,80,80,80,80,80,80,84,84,84,91,91,91,91,95,95,95,95,95,99,99,99,99,99,99,99,99,99,99,99,99,99,99,103,103,103,103,103,103,103,103,103,103,103,103,103,107,107,107,107,107,107],"card_choices":[{"not_picked":["Clash","Dark Embrace","Havoc"],"picked":"SKIP","floor":1},{"not_picked":["Rupture","Searing Blow","Flex"],"picked":"SKIP","floor":5},{"not_picked":["Seeing Red","Heavy Blade","Armaments"],"picked":"SKIP","floor":6},{"not_picked":["Dual Wield","Sentinel","Berserk"],"picked":"SKIP","floor":11},{"not_picked":["Burning Pact","Armaments","Combust"],"picked":"SKIP","floor":12},{"not_picked":["Juggernaut","Headbutt"],"picked":"Carnage","floor":13},{"not_picked":["Fiend Fire","Immolate"],"picked":"Barricade","floor":16},{"not_picked":["True Grit","Second Wind"],"picked":"Shrug It Off","floor":18},{"not_picked":["Havoc","Rupture"],"picked":"Spot Weakness","floor":19},{"not_picked":["Immolate","Flex"],"picked":"Ghostly Armor","floor":23},{"not_picked":["Entrench","Body Slam","Battle Trance+1"],"picked":"SKIP","floor":24},{"not_picked":["Clothesline","Sword Boomerang"],"picked":"Entrench","floor":25},{"not_picked":["Body Slam","Headbutt","Clothesline"],"picked":"SKIP","floor":29},{"not_picked":["Headbutt","True Grit","Flex"],"picked":"SKIP","floor":30},{"not_picked":["Flex","Rage","Havoc"],"picked":"SKIP","floor":31},{"not_picked":["Fiend Fire","Berserk"],"picked":"Reaper","floor":33},{"not_picked":["Sever Soul","Hemokinesis","Flex"],"picked":"SKIP","floor":35},{"not_picked":["Infernal Blade+1","Pommel Strike+1","Perfected Strike"],"picked":"SKIP","floor":37},{"not_picked":["Body Slam","True Grit+1","Warcry"],"picked":"SKIP","floor":38},{"not_picked":["Infernal Blade","Power Through+1"],"picked":"Cleave+1","floor":39},{"not_picked":["Reaper","Sword Boomerang","Anger"],"picked":"SKIP","floor":41},{"not_picked":["Warcry","Shrug It Off","Infernal Blade"],"picked":"SKIP","floor":44},{"not_picked":["Havoc","Heavy Blade","Flex"],"picked":"SKIP","floor":46},{"not_picked":["Magnetism","Thinking Ahead"],"picked":"Transmutation","floor":48},{"not_picked":["Sword Boomerang+1","Havoc","Spot Weakness+1"],"picked":"SKIP","floor":54}],"player_experience":187736,"relics_obtained":[{"floor":6,"key":"Smiling Mask"},{"floor":9,"key":"Tiny Chest"},{"floor":10,"key":"Shuriken"},{"floor":11,"key":"PreservedInsect"},{"floor":13,"key":"Mummified Hand"},{"floor":22,"key":"Happy Flower"},{"floor":23,"key":"Self Forming Clay"},{"floor":25,"key":"Regal Pillow"},{"floor":26,"key":"Anchor"},{"floor":39,"key":"Ginger"},{"floor":41,"key":"Dead Branch"},{"floor":43,"key":"Centennial Puzzle"},{"floor":44,"key":"Red Skull"},{"floor":46,"key":"Charon\u0027s Ashes"},{"floor":47,"key":"Darkstone Periapt"},{"floor":54,"key":"Oddly Smooth Stone"}],"event_choices":[{"damage_healed":0,"gold_gain":0,"player_choice":"Donut","damage_taken":0,"max_hp_gain":5,"max_hp_loss":0,"event_name":"Big Fish","floor":4,"gold_loss":0},{"damage_healed":0,"gold_gain":0,"player_choice":"Ignored","damage_taken":0,"max_hp_gain":0,"max_hp_loss":0,"event_name":"Shining Light","floor":8,"gold_loss":0},{"damage_healed":0,"gold_gain":0,"player_choice":"Opened","damage_taken":0,"relics_obtained":["White Beast Statue"],"max_hp_gain":0,"max_hp_loss":0,"event_name":"The Mausoleum","floor":20,"gold_loss":0,"cards_obtained":["Writhe"]},{"damage_healed":0,"gold_gain":0,"player_choice":"Joined the Cult","damage_taken":6,"max_hp_gain":0,"max_hp_loss":0,"event_name":"Nest","floor":21,"gold_loss":0,"cards_obtained":["RitualDagger"]},{"damage_healed":0,"gold_gain":0,"player_choice":"Ignored","damage_taken":0,"max_hp_gain":0,"max_hp_loss":0,"event_name":"Ghosts","floor":27,"gold_loss":0},{"damage_healed":0,"gold_gain":0,"player_choice":"Fight","damage_taken":0,"max_hp_gain":0,"max_hp_loss":0,"event_name":"MindBloom","floor":39,"gold_loss":0},{"damage_healed":0,"gold_gain":0,"player_choice":"Paid","damage_taken":0,"relics_obtained":["Red Mask"],"max_hp_gain":0,"max_hp_loss":0,"event_name":"Tomb of Lord Red Mask","floor":45,"gold_loss":238},{"damage_healed":0,"gold_gain":0,"player_choice":"Memory 1","damage_taken":0,"max_hp_gain":0,"max_hp_loss":0,"event_name":"SensoryStone","floor":48,"gold_loss":0}],"is_beta":false,"boss_relics":[{"not_picked":["Calling Bell","Black Star"],"picked":"Cursed Key"},{"not_picked":["Black Blood","Snecko Eye"],"picked":"Philosopher\u0027s Stone"}],"items_purged_floors":[],"is_endless":false,"potions_floor_spawned":[1,11,12,18,23,24,25,29,30,31,33,35,37,38,39,41,44,46,54],"ascension_level":18}}