{"host":"gg","time":1614405101,"event":{"mods":["AchievementEnabler","BaseMod","Colored Map","Googly Eyes","Minty Spire (QoL Compilation)","Permanent Neow","Relic Stats","The IronCluck"],"gold_per_floor":[114,114,128,128,138,166,184,184,184,184,201,215,247,112,112,183,183,193,209,209,220,220,220,220,220],"floor_reached":24,"language":"ENG","playtime":974,"items_purged":[],"score":466,"play_id":"9f55a999-5c81-43cd-af1d-6ecb3306da77","local_time":"20210226215141","is_ascension_mode":true,"campfire_choices":[{"floor":10.0,"key":"REST"},{"data":"1","floor":15,"key":"LIFT"},{"data":"2","floor":23,"key":"LIFT"}],"circlet_count":0,"master_deck":["AscendersBane","Strike_P","Strike_P","Defend_P","Eruption","Vigilance","Fasting2+1","SpiritShield+1","Tantrum+1","CrushJoints","ThirdEye","Prostrate","ClearTheMind","SandsOfTime","FearNoEvil","BowlingBash","FlurryOfBlows","Protect","Conclude","Omniscience","CrushJoints+1","MentalFortress","Ghostly","Ghostly","Ghostly","FlurryOfBlows"],"relics":["Astrolabe","Girya","White Beast Statue","Matryoshka","Philosopher\u0027s Stone","MutagenicStrength"],"acts_visited":["Exordium","TheCity"],"potions_floor_usage":[13,16,18,18,21,21],"damage_taken":[{"damage":7.0,"enemies":"2 Louse","floor":1.0,"turns":4.0},{"damage":0.0,"enemies":"Cultist","floor":3.0,"turns":2.0},{"damage":7.0,"enemies":"Jaw Worm","floor":5.0,"turns":3.0},{"damage":16.0,"enemies":"Lagavulin","floor":6.0,"turns":5.0},{"damage":11.0,"enemies":"Large Slime","floor":7.0,"turns":7.0},{"damage":0.0,"enemies":"2 Fungi Beasts","floor":11.0,"turns":3.0},{"damage":0.0,"enemies":"Gremlin Gang","floor":12.0,"turns":2.0},{"damage":0,"enemies":"3 Sentries","floor":13,"turns":3},{"damage":21,"enemies":"Hexaghost","floor":16,"turns":6},{"damage":36,"enemies":"3 Byrds","floor":18,"turns":3},{"damage":0,"enemies":"Spheric Guardian","floor":19,"turns":1},{"damage":6,"enemies":"Snake Plant","floor":21,"turns":4},{"damage":29,"enemies":"Gremlin Leader","floor":24,"turns":4}],"seed_played":"-6200613850579236738","potions_obtained":[{"floor":6.0,"key":"BottledMiracle"},{"floor":11.0,"key":"BottledMiracle"},{"floor":12.0,"key":"CultistPotion"},{"floor":13,"key":"Fire Potion"},{"floor":16,"key":"Dexterity Potion"},{"floor":18,"key":"BottledMiracle"},{"floor":19,"key":"DistilledChaos"},{"floor":21,"key":"SpeedPotion"}],"is_trial":false,"path_per_floor":["M","?","M","?","M","E","M","?","T","R","M","M","E","$","R","B",null,"M","M","?","M","?","R","E"],"character_chosen":"WATCHER","items_purchased":["Protect","Conclude"],"campfire_rested":1,"item_purchase_floors":[14,14],"current_hp_per_floor":[54,47,47,47,40,24,13,13,13,33,33,33,33,33,33,12,54,18,18,18,12,12,12,0,0],"gold":220,"neow_bonus":"BOSS_RELIC","is_daily":false,"chose_seed":false,"campfire_upgraded":0,"win_rate":0.0,"timestamp":1614405101,"path_taken":["M","?","M","?","M","E","M","?","T","R","M","?","E","?","R","BOSS","M","M","?","M","?","R","E"],"items_purchased_type":["Card","Card"],"build_version":"2020-12-18","purchased_purges":0,"victory":false,"max_hp_per_floor":[68,68,68,68,68,68,68,68,68,68,68,68,68,68,68,68,68,68,68,34,34,34,34,34,34],"relic_stats":{"counters":[13,47],"Astrolabe":["Fasting2","SpiritShield","Tantrum"],"obtain_stats":[{"Girya":6,"Matryoshka":13,"Astrolabe":0,"MutagenicStrength":22,"Philosopher\u0027s Stone":17,"PureWater":0,"White Beast Statue":9},{"Girya":4,"Matryoshka":8,"Astrolabe":0,"MutagenicStrength":12,"Philosopher\u0027s Stone":9,"PureWater":0,"White Beast Statue":5},{"Girya":14,"Matryoshka":29,"Astrolabe":0,"MutagenicStrength":43,"Philosopher\u0027s Stone":35,"PureWater":0,"White Beast Statue":21}]},"card_choices":[{"not_picked":["ClearTheMind","Collect"],"picked":"CrushJoints","floor":1.0},{"not_picked":["EmptyFist","Halt"],"picked":"ThirdEye","floor":3.0},{"not_picked":["Tantrum","PathToVictory"],"picked":"Prostrate","floor":5.0},{"not_picked":["CrushJoints","FlyingSleeves"],"picked":"ClearTheMind","floor":6.0},{"not_picked":["JustLucky","ForeignInfluence"],"picked":"SandsOfTime","floor":7.0},{"not_picked":["Pray","Evaluate"],"picked":"FearNoEvil","floor":11.0},{"not_picked":["Study","CutThroughFate"],"picked":"BowlingBash","floor":12.0},{"not_picked":["CarveReality","FlyingSleeves"],"picked":"FlurryOfBlows","floor":13},{"not_picked":["ConjureBlade","Establishment"],"picked":"Omniscience","floor":16},{"not_picked":["ThirdEye","Crescendo"],"picked":"CrushJoints+1","floor":18},{"not_picked":["ReachHeaven","Halt"],"picked":"MentalFortress","floor":19},{"not_picked":["BowlingBash","SandsOfTime"],"picked":"FlurryOfBlows","floor":21}],"player_experience":1371767,"relics_obtained":[{"floor":6.0,"key":"Girya"},{"floor":9.0,"key":"White Beast Statue"},{"floor":13,"key":"Matryoshka"}],"event_choices":[{"cards_removed":["Defend_P"],"damage_healed":0.0,"max_hp_gain":0.0,"max_hp_loss":0.0,"gold_gain":0.0,"event_name":"Golden Wing","player_choice":"Card Removal","floor":2.0,"gold_loss":0.0,"damage_taken":7.0},{"damage_healed":0.0,"max_hp_gain":0.0,"max_hp_loss":0.0,"gold_gain":0.0,"event_name":"Liars Game","player_choice":"Ignored","floor":4.0,"gold_loss":0.0,"damage_taken":0.0},{"cards_removed":["Strike_P"],"damage_healed":0.0,"max_hp_gain":0.0,"max_hp_loss":0.0,"gold_gain":0.0,"event_name":"Purifier","player_choice":"Purged","floor":8.0,"gold_loss":0.0,"damage_taken":0.0},{"damage_healed":0,"gold_gain":0,"player_choice":"Became a Ghost","damage_taken":0,"max_hp_gain":0,"max_hp_loss":34,"event_name":"Ghosts","floor":20,"gold_loss":0,"cards_obtained":["Ghostly","Ghostly","Ghostly"]},{"damage_healed":0,"gold_gain":0,"player_choice":"Inject Mutagens","damage_taken":0,"relics_obtained":["MutagenicStrength"],"max_hp_gain":0,"max_hp_loss":0,"event_name":"Drug Dealer","floor":22,"gold_loss":0}],"is_beta":true,"boss_relics":[{"not_picked":["VioletLotus","Empty Cage"],"picked":"Philosopher\u0027s Stone"}],"items_purged_floors":[],"is_endless":false,"potions_floor_spawned":[6,11,12,13,16,18,19,21],"killed_by":"Gremlin Leader","ascension_level":20}}