{"host":"v63m4f6t57xrjbnq","time":1614446737,"event":{"mods":["100% Spire Juice","ATMod(阿瑾Mod)","Act Like it!","Arknights","BaseMod","Colored Powertips","Dota2Spire","Downfall","Energized Spire","Gensokyo","Hallownest","KinomotoSakuraMod(木之本樱)","KomeijiMod","LagranYue(拉格朗・月)","Lobotomy","LobotomyExtend","Marisa（F雨　魔理沙）","Marked Mod","Minty Spire (QoL Compilation)","Quick Restart","Reimu（博丽灵梦）","Relic Filter Mod","Remilia（蕾米莉亚）","Replay The Spire","RumiaBox-露米娅的神秘盒子","StSLib","The Administrix","The Marked","The Senshi","The Servant 0.9.4","Waifu the Spire","WarShipGirlsR/战舰少女R mod","Yakumo Yukari mod","Youmu（魂魄妖梦）","Yuyuko","【遗物卡牌】REMEMod"],"gold_per_floor":[359,181,281,281,97,97,97,97,97],"floor_reached":8,"language":"ZHS","playtime":186,"items_purged":[],"score":71,"play_id":"3d00cadc-43ec-413e-8f3d-6dff02bb431c","local_time":"20210228012537","is_ascension_mode":true,"campfire_choices":[{"data":"ats:Explosion Area Strengthen","floor":6,"key":"SMITH"}],"circlet_count":0,"master_deck":["AscendersBane","ats:Strike C","ats:Strike G","ats:Strike S","ats:Strike V","ats:Armor Crushing Shot","ats:Defend","ats:Defend","ats:Defend","ats:Defend","ats:Emotion Absorption","Absorbed","Defend_RM","ats:Revitalization","ats:Explosion Area Strengthen","ats:Explosion Area Strengthen+1","Gensokyo:BlemishedSteel","Gensokyo:TarnishedGold","Gensokyo:DepletedGenerator","Gensokyo:CrescentMoonSlash","AdministrixMod:BegetEternity"],"relics":["ats:Sanity","AT_ATBox","REME_ComplimentaryCards","LagranYue:RandomDrawCardRelic","Dota2Spire:EchoSabre","Mango"],"acts_visited":["Gensokyo:Gensokyo"],"potions_floor_usage":[],"damage_taken":[{"damage":12,"enemies":"Gensokyo:Python","floor":1,"turns":5},{"damage":55,"enemies":"Gensokyo:Mamizou","floor":8,"turns":8}],"seed_played":"-1671684684962717231","potions_obtained":[],"is_trial":false,"path_per_floor":["M","$","?","?","COS","R","?","E"],"character_chosen":"DOCTOR_CLASS","items_purchased":["Dota2Spire:EchoSabre","ats:Explosion Area Strengthen"],"campfire_rested":0,"item_purchase_floors":[2,2],"current_hp_per_floor":[53,53,53,46,46,46,34,0,0],"gold":97,"neow_bonus":"TWO_FIFTY_GOLD","is_daily":false,"chose_seed":false,"campfire_upgraded":1,"win_rate":0.0,"timestamp":1614446737,"path_taken":["M","$","?","?","COS","R","?","E"],"items_purchased_type":["Relic","Card"],"build_version":"2020-12-22","purchased_purges":0,"victory":false,"max_hp_per_floor":[72,72,72,86,86,86,86,86,86],"card_choices":[{"not_picked":["ats:Powerful Strike","ats:Apocalypse"],"picked":"ats:Revitalization","floor":1}],"player_experience":284916,"relics_obtained":[],"event_choices":[],"is_beta":false,"boss_relics":[],"items_purged_floors":[],"is_endless":false,"potions_floor_spawned":[],"killed_by":"Gensokyo:Mamizou","ascension_level":14}}