{"host":"pnjthw6sukprvbcr","time":1614385424,"event":{"mods":["AchievementEnabler","BaseMod","Block Reminder","Highlight Path","Minty Spire (QoL Compilation)","Relic Stats"],"gold_per_floor":[119,37,53,66,66,98,98,117,140,140,158,158,186,159,159,257,257,276,205,205,223,223,223,241,241,241,258,258,287,287,287,287,387,387,399,399,399,171,188,219,219,246,314,171,183,183,196,196,196,196,196,196,43,76,76,76],"floor_reached":55,"language":"ENG","playtime":3873,"items_purged":["Writhe"],"score":814,"play_id":"fb2416c0-e45a-4c5e-911c-1938440bd089","local_time":"20210226192344","is_ascension_mode":true,"campfire_choices":[{"floor":7.0,"key":"REST"},{"data":"Turbo","floor":10.0,"key":"SMITH"},{"data":"Defragment","floor":12.0,"key":"SMITH"},{"floor":15.0,"key":"RECALL"},{"floor":23.0,"key":"REST"},{"floor":25.0,"key":"REST"},{"floor":30.0,"key":"REST"},{"data":"Loop","floor":32.0,"key":"SMITH"},{"data":"Thunder Strike","floor":41,"key":"SMITH"},{"floor":46,"key":"REST"},{"data":"Defragment","floor":49,"key":"SMITH"},{"data":"Defragment","floor":52,"key":"SMITH"}],"circlet_count":0,"master_deck":["Defend_B","Defend_B","Defend_B","Zap","Dualcast","Loop+1","Defragment+1","Turbo+1","Cold Snap","Force Field","Cold Snap","Machine Learning","Redo","Thunder Strike+1","Seek+1","Core Surge+1","Chill+1","Sunder+1","Defragment+1","Fusion","Hologram+1","Coolheaded","Electrodynamics","Zap","Meteor Strike","Sunder+1","White Noise","Defragment+1","Tempest","Defragment","Redo","Blind"],"relics":["Snecko Eye","Lantern","Nunchaku","Astrolabe","Peace Pipe","Pen Nib","Thread and Needle","Ginger","Runic Dome","PreservedInsect","Strawberry","Pantograph","Medical Kit","Blue Candle"],"acts_visited":["Exordium","TheCity","TheBeyond","TheEnding"],"potions_floor_usage":[40,47,50,55],"damage_taken":[{"damage":6.0,"enemies":"Jaw Worm","floor":1.0,"turns":4.0},{"damage":12.0,"enemies":"2 Louse","floor":3.0,"turns":4.0},{"damage":5.0,"enemies":"Small Slimes","floor":4.0,"turns":3.0},{"damage":17.0,"enemies":"Lagavulin","floor":6.0,"turns":8.0},{"damage":0.0,"enemies":"3 Louse","floor":8.0,"turns":6.0},{"damage":4.0,"enemies":"Blue Slaver","floor":11.0,"turns":4.0},{"damage":9.0,"enemies":"3 Sentries","floor":13.0,"turns":8.0},{"damage":24.0,"enemies":"Slime Boss","floor":16.0,"turns":18.0},{"damage":41.0,"enemies":"3 Byrds","floor":18.0,"turns":10.0},{"damage":3.0,"enemies":"Shell Parasite","floor":21.0,"turns":8.0},{"damage":16.0,"enemies":"3 Cultists","floor":24.0,"turns":7.0},{"damage":9.0,"enemies":"Shelled Parasite and Fungi","floor":27.0,"turns":6.0},{"damage":14.0,"enemies":"Gremlin Leader","floor":29.0,"turns":8.0},{"damage":24.0,"enemies":"Champ","floor":33.0,"turns":11.0},{"damage":0,"enemies":"3 Darklings","floor":35,"turns":4},{"damage":0,"enemies":"Orb Walker","floor":39,"turns":4},{"damage":0,"enemies":"Reptomancer","floor":40,"turns":5},{"damage":46,"enemies":"Nemesis","floor":42,"turns":5},{"damage":3,"enemies":"Jaw Worm Horde","floor":45,"turns":3},{"damage":13,"enemies":"Sphere and 2 Shapes","floor":47,"turns":4},{"damage":40,"enemies":"Awakened One","floor":50,"turns":9},{"damage":0,"enemies":"Shield and Spear","floor":54,"turns":2},{"damage":89,"enemies":"The Heart","floor":55,"turns":6}],"seed_played":"7959262567579674349","potions_obtained":[{"floor":3.0,"key":"Strength Potion"},{"floor":4.0,"key":"BlessingOfTheForge"},{"floor":11.0,"key":"SkillPotion"},{"floor":24.0,"key":"FocusPotion"},{"floor":33.0,"key":"LiquidMemories"},{"floor":40,"key":"ColorlessPotion"},{"floor":47,"key":"Fruit Juice"}],"is_trial":false,"path_per_floor":["M","$","M","M","?","E","R","M","T","R","M","R","E","$","R","B",null,"M","$","?","M","?","R","M","R","T","M","T","E","R","?","R","B",null,"M","?","?","$","M","E","R","E","T","$","M","R","M","?","R","B",null,"R","$","E","B"],"character_chosen":"DEFECT","items_purchased":["Defragment","Redo","Defragment","Meteor Strike","Tempest","PotionOfCapacity","Medical Kit"],"campfire_rested":5,"item_purchase_floors":[2,14,19,38,44,44,53],"current_hp_per_floor":[69,69,57,52,52,35,57,57,57,57,53,53,44,44,44,20,75,34,34,34,31,31,53,37,59,59,50,50,36,58,58,58,34,75,75,75,75,75,75,75,75,36,36,36,33,57,49,49,49,34,87,87,87,87,0,0],"gold":76,"neow_bonus":"BOSS_RELIC","is_daily":false,"chose_seed":false,"campfire_upgraded":6,"win_rate":0.0,"timestamp":1614385424,"path_taken":["M","$","M","M","?","E","R","M","T","R","M","R","E","$","R","BOSS","M","$","?","M","?","R","M","R","T","M","?","E","R","?","R","BOSS","M","?","?","$","?","E","R","E","T","?","M","R","M","?","R","BOSS","R","$","E","BOSS"],"items_purchased_type":["Card","Card","Card","Card","Card","Potion","Relic"],"build_version":"2020-12-22","purchased_purges":1,"victory":false,"max_hp_per_floor":[75,75,75,75,75,75,75,75,75,75,75,75,75,75,75,75,75,75,75,75,75,75,75,75,75,75,75,75,75,75,75,75,75,75,75,75,75,75,75,75,75,82,82,82,82,82,87,87,87,87,87,87,87,87,87,87],"relic_stats":{"Peace Pipe":0,"Nunchaku":[15],"counters":[23,145],"Astrolabe":["Seek","Core Surge","Chill"],"Pantograph":25,"Blue Candle":[0],"Snecko Eye":[257,273,230,260],"Pen Nib":[10],"PreservedInsect":115,"Ginger":[4],"Medical Kit":[0],"obtain_stats":[{"Lantern":6,"Astrolabe":17,"Blue Candle":54,"Thread and Needle":28,"Pen Nib":26,"PreservedInsect":40,"Ginger":29,"Medical Kit":53,"Peace Pipe":22,"Runic Dome":34,"Nunchaku":13,"Strawberry":42,"Pantograph":43,"Snecko Eye":0,"Cracked Core":0},{"Lantern":4,"Astrolabe":8,"Blue Candle":22,"Thread and Needle":12,"Pen Nib":11,"PreservedInsect":17,"Ginger":13,"Medical Kit":21,"Peace Pipe":10,"Runic Dome":14,"Nunchaku":7,"Strawberry":18,"Pantograph":18,"Snecko Eye":0,"Cracked Core":0},{"Lantern":19,"Astrolabe":54,"Blue Candle":139,"Thread and Needle":84,"Pen Nib":78,"PreservedInsect":116,"Ginger":92,"Medical Kit":137,"Peace Pipe":71,"Runic Dome":103,"Nunchaku":36,"Strawberry":121,"Pantograph":121,"Snecko Eye":0,"Cracked Core":0}]},"card_choices":[{"not_picked":["Steam","Hologram"],"picked":"Loop","floor":1.0},{"not_picked":["Conserve Battery","Beam Cell"],"picked":"Turbo","floor":3.0},{"not_picked":["Hologram","BootSequence"],"picked":"Cold Snap","floor":4.0},{"not_picked":["White Noise","Gash"],"picked":"Force Field","floor":6.0},{"not_picked":["Melter","Barrage","Cold Snap"],"picked":"SKIP","floor":8.0},{"not_picked":["Aggregate","Gash"],"picked":"Cold Snap","floor":11.0},{"not_picked":["Stack","Hologram"],"picked":"Machine Learning","floor":13.0},{"not_picked":["Fission","Multi-Cast"],"picked":"Thunder Strike","floor":16.0},{"not_picked":["Coolheaded+1","Leap"],"picked":"Sunder+1","floor":18.0},{"not_picked":["Double Energy","Reprogram"],"picked":"Fusion","floor":21.0},{"not_picked":["Compile Driver","Chill"],"picked":"Hologram+1","floor":24.0},{"not_picked":["Hello World","Cold Snap","Compile Driver"],"picked":"SKIP","floor":27.0},{"not_picked":["Hello World","Cold Snap","Compile Driver"],"picked":"SKIP","floor":27.0},{"not_picked":["Force Field","Gash","Amplify"],"picked":"SKIP","floor":29.0},{"not_picked":["Buffer","Hyperbeam"],"picked":"Electrodynamics","floor":33.0},{"not_picked":["Barrage","Steam"],"picked":"Rebound+1","floor":35},{"not_picked":["Consume","Steam+1"],"picked":"Sunder+1","floor":39},{"not_picked":["Aggregate","Reinforced Body+1"],"picked":"White Noise","floor":40},{"not_picked":["Skim+1","Leap"],"picked":"Defragment","floor":42},{"not_picked":["Redo","Gash+1"],"picked":"Defragment","floor":45},{"not_picked":["Chill","Sweeping Beam+1"],"picked":"Redo","floor":47},{"not_picked":["Transmutation","Master of Strategy"],"picked":"Blind","floor":48},{"not_picked":["Heatsinks","FTL","Recycle"],"picked":"SKIP","floor":54}],"player_experience":208651,"relics_obtained":[{"floor":6.0,"key":"Lantern"},{"floor":13.0,"key":"Nunchaku"},{"floor":26.0,"key":"Pen Nib"},{"floor":28.0,"key":"Thread and Needle"},{"floor":29.0,"key":"Ginger"},{"floor":40,"key":"PreservedInsect"},{"floor":42,"key":"Strawberry"},{"floor":43,"key":"Pantograph"},{"floor":54,"key":"Blue Candle"}],"event_choices":[{"cards_removed":["Strike_B"],"damage_healed":0.0,"max_hp_gain":0.0,"max_hp_loss":0.0,"gold_gain":0.0,"event_name":"Living Wall","player_choice":"Forget","floor":5.0,"gold_loss":0.0,"damage_taken":0.0},{"cards_removed":["Strike_B"],"damage_healed":0.0,"max_hp_gain":0.0,"max_hp_loss":0.0,"gold_gain":0.0,"event_name":"Back to Basics","player_choice":"Elegance","floor":20.0,"gold_loss":0.0,"damage_taken":0.0},{"damage_healed":0.0,"max_hp_gain":0.0,"max_hp_loss":0.0,"gold_gain":0.0,"event_name":"The Mausoleum","player_choice":"Opened","floor":22.0,"gold_loss":0.0,"damage_taken":0.0,"relics_obtained":["Peace Pipe"],"cards_obtained":["Writhe"]},{"damage_healed":0.0,"max_hp_gain":0.0,"max_hp_loss":0.0,"gold_gain":0.0,"event_name":"The Library","player_choice":"Read","floor":31.0,"gold_loss":0.0,"damage_taken":0.0,"cards_obtained":["Coolheaded"]},{"damage_healed":0,"gold_gain":0,"player_choice":"Ignored","damage_taken":0,"max_hp_gain":0,"max_hp_loss":0,"event_name":"Tomb of Lord Red Mask","floor":36,"gold_loss":0},{"cards_removed":["Rebound"],"damage_healed":0,"gold_gain":0,"player_choice":"Took Card","damage_taken":0,"max_hp_gain":0,"max_hp_loss":0,"event_name":"NoteForYourself","floor":37,"gold_loss":0,"cards_obtained":["Zap"]},{"damage_healed":0,"gold_gain":0,"player_choice":"Memory 1","damage_taken":0,"max_hp_gain":0,"max_hp_loss":0,"event_name":"SensoryStone","floor":48,"gold_loss":0}],"is_beta":false,"boss_relics":[{"not_picked":["Calling Bell","Black Star"],"picked":"Astrolabe"},{"not_picked":["Cursed Key","Pandora\u0027s Box"],"picked":"Runic Dome"}],"items_purged_floors":[38],"is_endless":false,"potions_floor_spawned":[3,4,11,24,33,40,47],"killed_by":"The Heart","ascension_level":1}}