{"host":"or8fr2mp0k3eluj8","time":1614403623,"event":{"mods":["AchievementEnabler","BaseMod","Colored Map","DeckTracker","Keyboard Shortcuts","Minty Spire (QoL Compilation)","StSLib","SuperFastMode","everything is the same but u backflip on backflip"],"gold_per_floor":[115,115,126,138,148,148,179,67,67,67,67],"floor_reached":10,"language":"KOR","playtime":183,"items_purged":["Strike_P"],"score":71,"play_id":"4604b8d7-32c1-4af7-bca8-0a7373aae0fb","local_time":"20210227142703","is_ascension_mode":true,"campfire_choices":[{"data":"Eruption","floor":6,"key":"SMITH"}],"circlet_count":0,"master_deck":["Strike_P","Strike_P","Strike_P","Defend_P","Defend_P","Defend_P","Eruption+1","Vigilance","CrushJoints","FearNoEvil","MentalFortress"],"relics":["PureWater","NeowsBlessing","Kunai","Ginger"],"acts_visited":["Exordium"],"potions_floor_usage":[],"damage_taken":[{"damage":0,"enemies":"2 Louse","floor":1,"turns":1},{"damage":0,"enemies":"Cultist","floor":3,"turns":1},{"damage":0,"enemies":"Small Slimes","floor":4,"turns":1},{"damage":9,"enemies":"Exordium Wildlife","floor":5,"turns":5},{"damage":31,"enemies":"3 Sentries","floor":7,"turns":5},{"damage":24,"enemies":"Gremlin Nob","floor":10,"turns":3}],"seed_played":"8011172122352953792","potions_obtained":[{"floor":1,"key":"SpeedPotion"},{"floor":5,"key":"Energy Potion"}],"is_trial":false,"path_per_floor":["M","?","M","M","M","R","E","$","T","E"],"character_chosen":"WATCHER","items_purchased":["MentalFortress"],"campfire_rested":0,"item_purchase_floors":[8],"current_hp_per_floor":[72,72,72,72,63,63,32,32,32,8,8],"gold":67,"neow_bonus":"THREE_ENEMY_KILL","is_daily":false,"chose_seed":false,"campfire_upgraded":1,"win_rate":0.0,"timestamp":1614403623,"path_taken":["M","?","M","?","M","R","E","$","T","E"],"items_purchased_type":["Card"],"build_version":"2020-12-22","purchased_purges":1,"victory":false,"max_hp_per_floor":[72,72,72,72,72,72,72,72,72,72,72],"card_choices":[{"not_picked":["DeceiveReality","Evaluate","FlurryOfBlows"],"picked":"SKIP","floor":1},{"not_picked":["PathToVictory","SashWhip","Evaluate"],"picked":"SKIP","floor":3},{"not_picked":["WheelKick","PathToVictory"],"picked":"CrushJoints","floor":4},{"not_picked":["Indignation","SpiritShield"],"picked":"FearNoEvil","floor":5},{"not_picked":["Fasting2","BowlingBash","ThirdEye"],"picked":"SKIP","floor":7}],"player_experience":474693,"relics_obtained":[{"floor":7,"key":"Kunai"},{"floor":9,"key":"Ginger"}],"event_choices":[{"cards_removed":["Defend_P"],"damage_healed":0,"gold_gain":0,"player_choice":"Purged","damage_taken":0,"max_hp_gain":0,"max_hp_loss":0,"event_name":"Purifier","floor":2,"gold_loss":0}],"is_beta":false,"boss_relics":[],"items_purged_floors":[8],"is_endless":false,"potions_floor_spawned":[1,5],"killed_by":"Gremlin Nob","ascension_level":1}}