{"host":"nihqlga4zpmrcpl9","time":1614457373,"event":{"mods":["BaseMod","Downfall","LagranYue(拉格朗・月)","Marisa（F雨　魔理沙）","Minty Spire (QoL Compilation)","Replay The Spire","Shop Mod","StSLib","The Bug Knight","The Cursed","The Hierophant","The Servant 0.9.4"],"gold_per_floor":[99,109,120,143,143,173,219,236,254,154,182,43,59,159,172,172,172,172],"floor_reached":16,"language":"ZHS","playtime":853,"items_purged":[],"score":112,"play_id":"956f9e47-abb1-4e5b-b5c8-7c066e6af7d7","local_time":"20210228042253","is_ascension_mode":false,"campfire_choices":[{"data":"Guardian:CurlUp","floor":1,"key":"SMITH"},{"data":"Guardian:DonusPower","floor":10,"key":"SMITH"}],"circlet_count":0,"master_deck":["Guardian:Strike_Guardian","Guardian:Strike_Guardian","Guardian:Strike_Guardian+1","Guardian:Strike_Guardian","Guardian:Defend_Guardian","Guardian:Defend_Guardian","Guardian:Defend_Guardian","Guardian:Defend_Guardian","Guardian:CurlUp+1","Guardian:TwinSlam","Guardian:DonusPower+1","Guardian:PrismaticBarrier","Guardian:ArmoredProtocol","Guardian:PrismaticBarrier","Guardian:EvasiveProtocol","Guardian:PiercingHide","Guardian:DecasProtection","Guardian:Recover","Guardian:Gem_Fragmented","Guardian:Gem_Blue"],"relics":["Guardian:ModeShifter","LagranYue:RandomDrawCardRelic","Bag of Marbles","Happy Flower","Vajra","downfall:HeartBlessingBlue","HollowMod:LifeEnderRelic"],"acts_visited":["Exordium"],"potions_floor_usage":[11],"damage_taken":[{"damage":1,"enemies":"Cultist","floor":2,"turns":3},{"damage":1,"enemies":"Jaw Worm","floor":3,"turns":4},{"damage":7,"enemies":"3 Sentries","floor":6,"turns":5},{"damage":0,"enemies":"Small Slimes","floor":8,"turns":3},{"damage":0,"enemies":"3 Louse","floor":9,"turns":4},{"damage":14,"enemies":"Lagavulin","floor":11,"turns":6},{"damage":0,"enemies":"downfall:FleeingMerchant","floor":12,"turns":4},{"damage":12,"enemies":"Lots of Slimes","floor":13,"turns":6},{"damage":11,"enemies":"Large Slime","floor":15,"turns":7},{"damage":45,"enemies":"WA_ARCHETYPE_RETAIN","floor":16,"turns":10}],"seed_played":"5732600239899801569","potions_obtained":[{"floor":2,"key":"PowerPotion"},{"floor":3,"key":"champ:CounterPotion"},{"floor":8,"key":"BlessingOfTheForge"},{"floor":11,"key":"Weak Potion"}],"is_trial":false,"path_per_floor":["R","M","M","T","?","E","T","M","M","R","E","$","M","?","M","B"],"character_chosen":"GUARDIAN","items_purchased":["Guardian:DecasProtection","Guardian:Recover"],"campfire_rested":0,"item_purchase_floors":[12,12],"current_hp_per_floor":[80,79,78,78,78,71,71,71,71,81,67,67,55,55,44,0,0,0],"gold":172,"neow_bonus":"RANDOM_COMMON_RELIC","is_daily":false,"chose_seed":false,"campfire_upgraded":2,"win_rate":0.0,"timestamp":1614457373,"path_taken":["R","M","M","?","?","E","T","M","M","R","E","$","M","?","M","BOSS"],"items_purchased_type":["Card","Card"],"build_version":"2020-12-22","purchased_purges":0,"victory":false,"max_hp_per_floor":[80,80,80,80,80,80,80,80,80,90,90,90,90,90,90,90,90,90],"card_choices":[{"not_picked":["Guardian:Gem_Fragmented","Guardian:SpikerProtocol"],"picked":"Guardian:DonusPower","floor":2},{"not_picked":["Guardian:Gem_Green","Guardian:Gem_Lightblue"],"picked":"Guardian:PrismaticBarrier","floor":3},{"not_picked":["Guardian:RefractedBeam","Guardian:Gem_Fragmented"],"picked":"Guardian:Gem_White","floor":6},{"not_picked":["Guardian:Suspension","Guardian:PiercingHide"],"picked":"Guardian:ArmoredProtocol","floor":8},{"not_picked":["Guardian:WalkerClaw","Guardian:PolyBeam"],"picked":"Guardian:PrismaticBarrier","floor":9},{"not_picked":["Guardian:Gem_Blue","Guardian:Gem_Green"],"picked":"Guardian:EvasiveProtocol","floor":11},{"not_picked":["Guardian:BodySlam","Guardian:TemporalShield"],"picked":"Guardian:PiercingHide","floor":12},{"not_picked":["Guardian:ArmoredProtocol","Guardian:Recover"],"picked":"Guardian:Gem_Fragmented","floor":13},{"not_picked":["Guardian:CrystalBeam","Guardian:PolyBeam"],"picked":"Guardian:Gem_Blue","floor":15}],"player_experience":925480,"relics_obtained":[{"floor":6,"key":"Happy Flower"},{"floor":7,"key":"Vajra"},{"floor":11,"key":"HollowMod:LifeEnderRelic"}],"event_choices":[],"is_beta":false,"boss_relics":[],"items_purged_floors":[],"is_endless":false,"potions_floor_spawned":[2,3,8,11,13],"killed_by":"WA_ARCHETYPE_RETAIN","ascension_level":0}}