{"host":"cizwai1hr4r8wn74","time":1614410113,"event":{"mods":["Act Like it!","Arknights","BaseMod","Friendly Minions","Kiyohime（清姬）","Koishi","LagranYue(拉格朗・月)","Lobotomy","LobotomyExtend","Marisa（F雨　魔理沙）","Minty Spire (QoL Compilation)","Replay The Spire","StSLib","SuperFastMode","TestMod","The Servant 0.9.4","Youmu（魂魄妖梦）","Yuri Mod","【功能Mod】混沌之环修复补丁"],"gold_per_floor":[14,14,27,27,44,72,72,104,127,127,165,193,230,155,155,255,255,273,273,473,373,390,415,415,429,429,429,429],"floor_reached":27,"language":"ZHS","playtime":1309,"items_purged":["ats:Strike G","ats:Strike C"],"score":268,"play_id":"09306f43-5c3f-49fa-8cd9-4b4241631adf","local_time":"20210227151513","is_ascension_mode":false,"campfire_choices":[{"data":"ats:Assault Order","floor":7,"key":"SMITH"},{"floor":10,"key":"RECALL"},{"floor":15,"key":"REST"},{"floor":24,"key":"REST"}],"circlet_count":0,"master_deck":["ats:Strike S","ats:Strike V","ats:Armor Crushing Shot","ats:Defend","ats:Defend","ats:Defend","ats:Defend","ats:Emotion Absorption","HandOfGreed","ats:Neurotoxin","ats:Very Hot Blade+1","ats:Assault Order+1","ats:Powerful Strike","ats:Hook Shot","Pot Of Greed","Pot Of Greed","ats:Poison Spread","ats:Flexible Camouflage","ats:Roar Of Ursus","ats:Rapid Magazine"],"relics":["ats:Sanity","testmod-TestBox","LetterFromLob","NeowsBlessing","ats:Originium","Anchor","Grinning Jar","Pen Nib","Fusion Hammer","ats:Hidden Killer","Replay:WaspNest","ReplayFunnel"],"acts_visited":["Exordium","TheCity"],"potions_floor_usage":[13,16,18,23],"damage_taken":[{"damage":6,"enemies":"Jaw Worm","floor":1,"turns":4},{"damage":0,"enemies":"2 Louse","floor":3,"turns":1},{"damage":0,"enemies":"Cultist","floor":5,"turns":1},{"damage":0,"enemies":"Replay:BlueRogue","floor":6,"turns":1},{"damage":1,"enemies":"Large Slime","floor":8,"turns":6},{"damage":10,"enemies":"Looter","floor":11,"turns":3},{"damage":16,"enemies":"3 Sentries","floor":12,"turns":9},{"damage":6,"enemies":"Lots of Slimes","floor":13,"turns":4},{"damage":18,"enemies":"Fading Forest","floor":16,"turns":11},{"damage":17,"enemies":"Spheric Guardian","floor":18,"turns":4},{"damage":0,"enemies":"Chosen","floor":22,"turns":4},{"damage":45,"enemies":"Slavers","floor":23,"turns":7},{"damage":14,"enemies":"Centurion and Healer","floor":25,"turns":5},{"damage":23,"enemies":"Shelled Parasite and Fungi","floor":27,"turns":3}],"seed_played":"7441624271087039559","potions_obtained":[{"floor":8,"key":"ats:Emergency Sanity Potion"},{"floor":13,"key":"SneckoOil"},{"floor":16,"key":"ColorlessPotion"},{"floor":18,"key":"SkillPotion"}],"is_trial":false,"path_per_floor":["M","?","M","?","M","E","R","M","T","R","M","E","M","$","R","B",null,"M","?","?","$","M","E","R","M","T","M"],"character_chosen":"DOCTOR_CLASS","items_purchased":[],"campfire_rested":2,"item_purchase_floors":[],"current_hp_per_floor":[66,66,66,66,66,66,66,65,65,65,55,39,33,33,54,36,72,55,55,55,55,55,10,31,17,17,0,0],"gold":429,"neow_bonus":"RANDOM_COLORLESS_2","is_daily":false,"chose_seed":false,"campfire_upgraded":1,"win_rate":0.0,"timestamp":1614410113,"path_taken":["M","?","M","?","M","E","R","M","T","R","?","E","M","$","R","BOSS","M","?","?","$","?","E","R","M","T","M"],"items_purchased_type":[],"build_version":"2020-12-22","purchased_purges":2,"victory":false,"max_hp_per_floor":[72,72,72,72,72,72,72,72,72,72,72,72,72,72,72,72,72,72,72,72,72,72,72,72,72,72,72,72],"card_choices":[{"not_picked":["Secret Weapon","ReplayUltimateDefense"],"picked":"HandOfGreed","floor":0},{"not_picked":["ats:Cat Scratch","ats:Consecutive Shot Auto"],"picked":"ats:Neurotoxin","floor":1},{"not_picked":["ats:Revitalization","ats:Apocalypse"],"picked":"ats:Very Hot Blade","floor":3},{"not_picked":["ats:Part Time Job","ats:Sword Rain"],"picked":"ats:Assault Order","floor":5},{"not_picked":["ats:Roar Of Ursus","ats:Steam Pump"],"picked":"ats:Powerful Strike","floor":6},{"not_picked":["ats:Ignite","ats:Red Shift"],"picked":"ats:Hook Shot","floor":8},{"not_picked":["ats:Apocalypse","ats:Shell Defense","ats:Ignite"],"picked":"SKIP","floor":11},{"not_picked":["ats:Defend Order","ats:Healing Drone"],"picked":"ats:Poison Spread","floor":12},{"not_picked":["ats:Steam Pump","ats:Hook Shot"],"picked":"ats:Flexible Camouflage","floor":13},{"not_picked":["ats:Volcano","ats:Disruption Kick"],"picked":"ats:Roar Of Ursus","floor":16},{"not_picked":["ats:Guard Mode","ats:Assault Order+1","ats:Counter Healing Mode"],"picked":"SKIP","floor":18},{"not_picked":["ats:Magnetic Hammer+1","ats:Steam Pump","ats:Shell Defense+1"],"picked":"SKIP","floor":22},{"not_picked":["ats:Poison Spread","ats:Sword Rain","ats:Ignite"],"picked":"SKIP","floor":23},{"not_picked":["ats:Revitalization","ats:Hammer On"],"picked":"ats:Rapid Magazine","floor":25}],"player_experience":80453,"relics_obtained":[{"floor":1,"key":"LetterFromLob"},{"floor":6,"key":"ats:Originium"},{"floor":6,"key":"Anchor"},{"floor":9,"key":"Grinning Jar"},{"floor":12,"key":"ats:Originium"},{"floor":12,"key":"Pen Nib"},{"floor":23,"key":"ats:Originium"},{"floor":23,"key":"Replay:WaspNest"},{"floor":26,"key":"ReplayFunnel"}],"event_choices":[{"damage_healed":0,"gold_gain":0,"player_choice":"Swap Relic","damage_taken":0,"relics_obtained":["NeowsBlessing"],"max_hp_gain":0,"max_hp_loss":0,"event_name":"给自己的盒子","floor":2,"relics_lost":["LagranYue:RandomDrawCardRelic"],"gold_loss":0},{"damage_healed":0,"gold_gain":0,"player_choice":"Forge","damage_taken":0,"max_hp_gain":0,"max_hp_loss":0,"event_name":"Accursed Blacksmith","floor":4,"gold_loss":0,"cards_upgraded":["ats:Very Hot Blade"]},{"damage_healed":0,"gold_gain":250,"player_choice":"Bet on Owner","damage_taken":0,"max_hp_gain":0,"max_hp_loss":0,"event_name":"The Joust","floor":20,"gold_loss":50}],"is_beta":false,"boss_relics":[{"not_picked":["testmod-EnergyCheck","testmod-BloodSacrificeSpiritualization"],"picked":"Fusion Hammer"}],"items_purged_floors":[14,21],"is_endless":false,"potions_floor_spawned":[8,13,16,18],"killed_by":"Shelled Parasite and Fungi","ascension_level":0}}