{"host":"w11d5xug8ost5klq","time":1614395587,"event":{"mods":["100% Spire Juice","2.2 Compatiblity","BaseMod","Better Third Choice","Emptier Cage","Highlight Path","KinomotoSakuraMod(????)","Minty Spire (QoL Compilation)","Quick Restart","Reliquary","Shapeshifter Mod","Spicy Shops","StSLib","The Alterego","The Hierophant","WarShipGirlsR/????R mod"],"gold_per_floor":[112,112,16,36,36,36,68,68,120,120,149,149,218,249,249,349,349,348,361,139,144,194,168,124,124,196,346,390,357,102,111,111,193,193,149,161,211,205,255,255,140,140],"floor_reached":41,"language":"ENG","playtime":1943,"items_purged":[],"score":575,"play_id":"e430cd43-a15f-4325-8186-33649d111f8b","local_time":"20210226211307","is_ascension_mode":true,"campfire_choices":[{"floor":6,"key":"REST"},{"data":"hierophant:ChurchCoffers","floor":8,"key":"SMITH"},{"data":"hierophant:Martyrdom","floor":10,"key":"SMITH"},{"floor":15,"key":"REST"},{"data":"hierophant:Exaltation","floor":25,"key":"SMITH"},{"floor":32,"key":"REST"},{"floor":40,"key":"DIG"}],"circlet_count":0,"master_deck":["hierophant:Strike_Hierophant","hierophant:Strike_Hierophant","hierophant:Strike_Hierophant","hierophant:Strike_Hierophant","hierophant:Punish+1","hierophant:Defend_Hierophant+1","hierophant:Defend_Hierophant","hierophant:Defend_Hierophant+1","hierophant:Defend_Hierophant+1","hierophant:ChurchCoffers+1","hierophant:Encroach","hierophant:Martyrdom+1","hierophant:FlamingChariot","hierophant:Encroach","hierophant:Exaltation+1","hierophant:AuricForm","hierophant:FlamingChariot","hierophant:TollTheBells","hierophant:SolarFlare","hierophant:FaithHealing+1","hierophant:Doubloon+1","hierophant:Invocation+1","hierophant:AuricForm"],"relics":["hierophant:PropheticMaskRelic","NeowsBlessing","Bag of Marbles","War Paint","Pen Nib","Potion Belt","SsserpentHead","Pantograph","Sozu","Vajra","Shovel","Toxic Egg 2","Bottled Lightning","Medical Kit","Busted Crown","Shuriken"],"acts_visited":["Exordium","TheCity","TheBeyond"],"potions_floor_usage":[16,16,16,31],"damage_taken":[{"damage":0,"enemies":"2 Louse","floor":1,"turns":1},{"damage":0,"enemies":"Cultist","floor":4,"turns":1},{"damage":0,"enemies":"Lagavulin","floor":7,"turns":1},{"damage":10,"enemies":"3 Sentries","floor":11,"turns":5},{"damage":0,"enemies":"Jaw Worm","floor":13,"turns":2},{"damage":23,"enemies":"Lagavulin","floor":14,"turns":4},{"damage":72,"enemies":"Hexaghost","floor":16,"turns":12},{"damage":4,"enemies":"Shell Parasite","floor":18,"turns":4},{"damage":12,"enemies":"3 Byrds","floor":19,"turns":5},{"damage":1,"enemies":"Snecko","floor":21,"turns":3},{"damage":15,"enemies":"Book of Stabbing","floor":23,"turns":4},{"damage":0,"enemies":"Snake Plant","floor":24,"turns":3},{"damage":1,"enemies":"Centurion and Healer","floor":28,"turns":2},{"damage":0,"enemies":"Gremlin Leader","floor":29,"turns":4},{"damage":3,"enemies":"Snecko","floor":31,"turns":3},{"damage":50,"enemies":"Automaton","floor":33,"turns":8},{"damage":4,"enemies":"3 Darklings","floor":35,"turns":3},{"damage":5,"enemies":"Orb Walker","floor":36,"turns":3},{"damage":14,"enemies":"Jaw Worm Horde","floor":38,"turns":4},{"damage":68,"enemies":"Giant Head","floor":41,"turns":7}],"seed_played":"1647237749235431607","potions_obtained":[{"floor":7,"key":"SpeedPotion"},{"floor":11,"key":"FearPotion"},{"floor":13,"key":"ColorlessPotion"},{"floor":16,"key":"AttackPotion"}],"is_trial":false,"path_per_floor":["M","?","$","M","?","R","E","R","T","R","E","?","M","E","R","B",null,"M","M","$","M","?","E","M","R","T","?","M","E","$","M","R","B",null,"M","M","?","M","?","R","E"],"character_chosen":"HIEROPHANT","items_purchased":["hierophant:Martyrdom","hierophant:FlamingChariot","hierophant:SolarFlare","Vajra","hierophant:Invocation+1","Medical Kit"],"campfire_rested":3,"item_purchase_floors":[3,3,20,20,30,30],"current_hp_per_floor":[75,72,72,72,57,75,75,75,75,75,65,65,65,42,64,3,75,71,59,59,58,75,60,60,60,60,60,59,59,59,56,75,25,75,71,66,66,52,52,52,0,0],"gold":140,"neow_bonus":"THREE_ENEMY_KILL","is_daily":false,"chose_seed":false,"campfire_upgraded":3,"win_rate":0.0,"timestamp":1614395587,"path_taken":["M","?","$","M","?","R","E","R","T","R","E","?","?","E","R","BOSS","M","M","$","M","?","E","M","R","T","?","?","E","?","M","R","BOSS","M","M","?","M","?","R","E"],"items_purchased_type":["Card","Card","Card","Relic","Card","Relic"],"build_version":"2020-12-22","purchased_purges":0,"victory":false,"max_hp_per_floor":[75,75,75,75,75,75,75,75,75,75,75,75,75,75,75,75,75,75,75,75,75,75,75,75,75,75,75,75,75,75,75,75,75,75,75,75,71,71,71,71,71,71],"card_choices":[{"not_picked":["hierophant:DisplayOfPower","hierophant:Flagellation"],"picked":"hierophant:Encroach","floor":1},{"not_picked":["hierophant:Patience","hierophant:Rebuild","hierophant:Remorse"],"picked":"SKIP","floor":4},{"not_picked":["hierophant:Shelter","hierophant:Batter"],"picked":"hierophant:Encroach","floor":7},{"not_picked":["hierophant:PassingBell","hierophant:FieryStrike"],"picked":"hierophant:Exaltation","floor":11},{"not_picked":["hierophant:HammerAndAnvil","hierophant:FieryStrike","hierophant:PassingBell"],"picked":"SKIP","floor":13},{"not_picked":["hierophant:DisplayOfPower","hierophant:Encroach","hierophant:Community"],"picked":"SKIP","floor":14},{"not_picked":["hierophant:Generosity","hierophant:Anathema"],"picked":"hierophant:AuricForm","floor":16},{"not_picked":["hierophant:Embezzle","hierophant:Refuge+1"],"picked":"hierophant:FlamingChariot","floor":18},{"not_picked":["hierophant:FieryStrike+1","hierophant:DisplayOfPower+1"],"picked":"hierophant:TollTheBells","floor":19},{"not_picked":["hierophant:Encroach","hierophant:OrnateBuckler","hierophant:Shelter"],"picked":"SKIP","floor":21},{"not_picked":["hierophant:SealAway+1","hierophant:RepressedViolence+1","hierophant:PassingBell"],"picked":"SKIP","floor":23},{"not_picked":["hierophant:Batter","hierophant:Smite"],"picked":"hierophant:FaithHealing+1","floor":24},{"not_picked":["hierophant:PassingBell+1","hierophant:RepressedViolence+1","hierophant:Shelter+1"],"picked":"SKIP","floor":28},{"not_picked":["hierophant:HolyVerse+1","hierophant:Zeal"],"picked":"hierophant:Doubloon+1","floor":29},{"not_picked":["hierophant:Remorse+1","hierophant:Refuge+1","hierophant:PassingBell"],"picked":"SKIP","floor":31},{"not_picked":["hierophant:DeathKnell+1","hierophant:WrathOfGod"],"picked":"hierophant:AuricForm","floor":33},{"not_picked":["hierophant:DisplayOfPower"],"picked":"SKIP","floor":35},{"not_picked":["hierophant:ThreeLashes"],"picked":"SKIP","floor":36},{"not_picked":["hierophant:RustyCrate+1"],"picked":"SKIP","floor":38}],"player_experience":147050,"relics_obtained":[{"floor":7,"key":"War Paint"},{"floor":9,"key":"Pen Nib"},{"floor":11,"key":"Potion Belt"},{"floor":14,"key":"Pantograph"},{"floor":23,"key":"Shovel"},{"floor":26,"key":"Toxic Egg 2"},{"floor":29,"key":"Bottled Lightning"},{"floor":40,"key":"Shuriken"}],"event_choices":[{"damage_healed":0,"gold_gain":0,"player_choice":"Relic ","damage_taken":3,"max_hp_gain":0,"max_hp_loss":0,"event_name":"betterThird:BetterScrap","floor":2,"gold_loss":0,"cards_obtained":["EmptyMind"]},{"damage_healed":72,"gold_gain":0,"player_choice":"Upgrade","damage_taken":15,"max_hp_gain":0,"max_hp_loss":75,"event_name":"betterThird:BetterShining","floor":5,"gold_loss":0,"cards_upgraded":["hierophant:Defend_Hierophant","hierophant:Punish"]},{"damage_healed":0,"gold_gain":0,"player_choice":"Trade","damage_taken":0,"relics_obtained":["SsserpentHead"],"max_hp_gain":0,"max_hp_loss":0,"event_name":"FaceTrader","floor":12,"gold_loss":0},{"damage_healed":25,"gold_gain":0,"player_choice":"Heal","damage_taken":0,"max_hp_gain":0,"max_hp_loss":0,"event_name":"The Library","floor":22,"gold_loss":0},{"damage_healed":0,"gold_gain":100,"player_choice":"Pray","damage_taken":0,"max_hp_gain":0,"max_hp_loss":0,"event_name":"Golden Shrine","floor":27,"gold_loss":0},{"damage_healed":0,"gold_gain":0,"player_choice":"Max HP","damage_taken":0,"max_hp_gain":0,"max_hp_loss":4,"event_name":"Winding Halls","floor":37,"gold_loss":0},{"damage_healed":0,"gold_gain":0,"player_choice":"Memory 1","damage_taken":0,"max_hp_gain":0,"max_hp_loss":0,"event_name":"SensoryStone","floor":39,"gold_loss":0}],"is_beta":false,"boss_relics":[{"not_picked":["reliquary:ThirdArm","Cursed Key"],"picked":"Sozu"},{"not_picked":["reliquary:Ember","reliquary:RedPaperclip"],"picked":"Busted Crown"}],"items_purged_floors":[],"is_endless":false,"potions_floor_spawned":[7,11,13,16,19,28,36],"killed_by":"Giant Head","ascension_level":1}}