{"host":"313mh4uoe5sucao3","time":1614420332,"event":{"mods":["BaseMod","Dota2Spire","Downfall","Good Game Mod","Hero for Fun","LagranYue(拉格朗・月)","Minty Spire (QoL Compilation)","Quick Restart","Reimu（博丽灵梦）","Remilia（蕾米莉亚）","Ryuuou龙王","Shop Mod","Spicy Shops","StSLib","Td1madao Mod","The Bladedancer","The Invoker Mod","UnlockEverythingMod","WarShipGirlsR/战舰少女R mod","[IsaacMod]以撒尖塔","noobMod"],"gold_per_floor":[110,126,201,215,215,243,243,271,295,321,335,295,88,104,104,209,209,225,235,166,183,217,246,264,276,353,382,135,170,170,201,201,297,297,316,416,416,426,436,467,467,467,467,467,497,513,316,334,334,334,334,334,69,97,97],"floor_reached":56,"language":"ZHS","playtime":6307,"items_purged":["Normality","Strike_C","Strike_C","Injury"],"score":1818,"play_id":"50d0e308-c18d-4154-9db7-e64c32247604","local_time":"20210227180532","is_ascension_mode":true,"campfire_choices":[{"floor":7.0,"key":"REST"},{"data":"EpicFetus","floor":15.0,"key":"SMITH"},{"floor":30.0,"key":"REST"},{"floor":32.0,"key":"RECALL"},{"data":"Here Defend Chip","floor":42.0,"key":"SMITH"},{"data":"Here Defend Chip","floor":44.0,"key":"SMITH"},{"data":"Here Defend Chip","floor":49.0,"key":"SMITH"},{"data":"Here Defend Chip","floor":52.0,"key":"SMITH"}],"circlet_count":0,"master_deck":["Strike_C","Strike_C","Defend_C","Defend_C","Defend_C","Defend_C","Knight Kick","Chip","EpicFetus+1","Reboot","Here Defend Chip","Here Defend Chip+1","CurseOfTheBell","Cooling Song+1","Here Defend Chip+1","Here Defend Chip+1","Here Defend Chip+1","Here Defend Chip","Here Defend Chip+1","Here Defend Chip","Here Defend Chip","Preloading+1","Parasite"],"relics":["Apod","REME:ComplimentaryCards","HushsDoor","ice","DoctorsRemote","Dota2Spire:EchoSabre","Boot","Dota2Spire:UrnOfShadows","LagranYue:MagicReflectiveArmorRelic","Toxic Egg 2","PaintedHorse:ReiMu","Tiny Chest","Anchor","Kunai","Prayer Wheel","SteamSale","MerchantsRug","Red Mask","Letter Opener","Dota2Spire:Vanguard","Bronze Scales","DeathBook","Philosopher\u0027s Stone","Succubus","SatanicBible","Orichalcum","Mercury Hourglass","Molten Egg 2","CrazyTorch:ReiMu","Dota2Spire:PowerTreads","BlankCard","BFFS","HowToJump","Sundial"],"acts_visited":["Exordium","TheCity","TheBeyond","TheEnding"],"potions_floor_usage":[55,55,55],"damage_taken":[{"damage":7.0,"enemies":"2 Louse","floor":1.0,"turns":3.0},{"damage":0.0,"enemies":"Jaw Worm","floor":2.0,"turns":5.0},{"damage":6.0,"enemies":"Small Slimes","floor":4.0,"turns":3.0},{"damage":2.0,"enemies":"Lagavulin","floor":6.0,"turns":4.0},{"damage":6.0,"enemies":"Gremlin Nob","floor":8.0,"turns":3.0},{"damage":15.0,"enemies":"3 Sentries","floor":10.0,"turns":5.0},{"damage":15.0,"enemies":"Looter","floor":11.0,"turns":3.0},{"damage":0.0,"enemies":"Large Slime","floor":14.0,"turns":6.0},{"damage":0.0,"enemies":"Slime Boss","floor":16.0,"turns":4.0},{"damage":0.0,"enemies":"3 Byrds","floor":18.0,"turns":2.0},{"damage":13.0,"enemies":"2 Thieves","floor":19.0,"turns":5.0},{"damage":0.0,"enemies":"Snake Plant","floor":21.0,"turns":6.0},{"damage":40.0,"enemies":"Masked Bandits","floor":22.0,"turns":6.0},{"damage":10.0,"enemies":"Gremlin Leader","floor":23.0,"turns":6.0},{"damage":0.0,"enemies":"Centurion and Healer","floor":24.0,"turns":6.0},{"damage":0.0,"enemies":"Snecko","floor":25.0,"turns":6.0},{"damage":2.0,"enemies":"Slavers","floor":27.0,"turns":5.0},{"damage":0.0,"enemies":"Gremlin Leader","floor":29.0,"turns":7.0},{"damage":1.0,"enemies":"Slavers","floor":31.0,"turns":5.0},{"damage":0.0,"enemies":"Collector","floor":33.0,"turns":10.0},{"damage":0.0,"enemies":"Orb Walker","floor":35.0,"turns":4.0},{"damage":6.0,"enemies":"3 Shapes","floor":38.0,"turns":5.0},{"damage":17.0,"enemies":"Transient","floor":39.0,"turns":5.0},{"damage":20.0,"enemies":"Reptomancer","floor":40.0,"turns":7.0},{"damage":0.0,"enemies":"Nemesis","floor":45.0,"turns":7.0},{"damage":0.0,"enemies":"4 Shapes","floor":46.0,"turns":5.0},{"damage":0.0,"enemies":"Spire Growth","floor":48.0,"turns":5.0},{"damage":28.0,"enemies":"Awakened One","floor":50.0,"turns":12.0},{"damage":21.0,"enemies":"Shield and Spear","floor":54.0,"turns":3.0},{"damage":0,"enemies":"Delirium","floor":55,"turns":27}],"seed_played":"6915773235598586007","potions_obtained":[{"floor":1.0,"key":"Swift Potion"},{"floor":6.0,"key":"Energy Potion"},{"floor":14.0,"key":"ColorlessPotion"},{"floor":16.0,"key":"GrandPatriotsElixir:ReiMu"},{"floor":19.0,"key":"Fire Potion"},{"floor":23.0,"key":"Slimebound:ThreeZeroPotion"},{"floor":24.0,"key":"FearPotion"},{"floor":35.0,"key":"FearPotion"},{"floor":39.0,"key":"DuplicationPotion"}],"is_trial":false,"path_per_floor":["M","M","?","M","?","E","R","E","T","E","M","?","$","M","R","B",null,"M","M","$","M","?","E","M","M","T","E","$","E","R","E","R","B",null,"M","?","?","M","M","E","T","R","T","R","E","M","$","M","R","B",null,"R","$","E","B",null],"character_chosen":"TD1MADAO_CLASS","items_purchased":["Here Defend Chip","Tiny Chest","Cooling Song+1","SteamSale","MerchantsRug","Bronze Scales","Succubus","SatanicBible","CrazyTorch:ReiMu","Dota2Spire:PowerTreads","Here Defend Chip","BlankCard","BFFS","Here Defend Chip","HowToJump"],"campfire_rested":2,"item_purchase_floors":[13,13,17,20,20,28,34,34,47,47,53,53,53,53,53],"current_hp_per_floor":[70,70,59,53,41,39,62,56,56,41,26,26,26,26,26,26,74,74,61,61,61,21,11,11,11,11,9,9,9,31,30,30,30,49,49,49,49,43,26,49,49,49,49,49,49,49,49,49,49,21,95,95,95,74,74],"gold":97,"neow_bonus":"TEN_PERCENT_HP_BONUS","is_daily":false,"chose_seed":false,"campfire_upgraded":5,"win_rate":0.0,"timestamp":1614420332,"path_taken":["M","M","?","M","?","E","R","E","T","E","M","?","$","M","R","BOSS","M","M","$","M","?","E","M","M","T","E","$","E","R","E","R","BOSS","M","?","?","M","M","E","?","R","T","R","E","?","$","M","R","BOSS","R","$","E","BOSS"],"items_purchased_type":["Card","Relic","Card","Relic","Relic","Relic","Relic","Relic","Relic","Relic","Card","Relic","Relic","Card","Relic"],"build_version":"2020-12-22","purchased_purges":4,"victory":true,"max_hp_per_floor":[77,77,77,77,77,77,77,77,77,77,77,77,77,77,77,77,74,74,74,74,74,74,74,74,74,74,74,74,74,74,74,74,74,49,49,49,49,49,49,53,53,53,53,53,64,70,70,73,73,95,95,95,95,95,95],"card_choices":[{"not_picked":[],"picked":"EpicFetus","floor":0.0},{"not_picked":["Cursed Blade","Machining"],"picked":"Here Defend Chip","floor":1.0},{"not_picked":["Black Dance","Black Execution"],"picked":"Bomb","floor":2.0},{"not_picked":["Pod Laser","Afterwards","Lore"],"picked":"SKIP","floor":4.0},{"not_picked":["Preparedness","Awareness","Reflection Mechanism"],"picked":"SKIP","floor":6.0},{"not_picked":["Cursed Blade","Preparedness","Ruin Defend"],"picked":"SKIP","floor":8.0},{"not_picked":["Cursed Blade","Preparedness","Ruin Defend"],"picked":"SKIP","floor":8.0},{"not_picked":["Resistance","Lunge","Fire Blade"],"picked":"SKIP","floor":10.0},{"not_picked":["Revenge","Black Spear"],"picked":"Bomb","floor":11.0},{"not_picked":["Trader+1","Rupture"],"picked":"Bomb","floor":14.0},{"not_picked":["Fire Blade","Black Shadow","Pod Fire"],"picked":"SKIP","floor":18.0},{"not_picked":["Awareness","Money Cant Rescue+1","Light Attack"],"picked":"SKIP","floor":18.0},{"not_picked":["White Contract+1","Thunder Jump+1"],"picked":"Here Defend Chip","floor":19.0},{"not_picked":["Rupture","Weapon Shift+1","Black Execution"],"picked":"SKIP","floor":19.0},{"not_picked":["Machining+1","Money Cant Rescue+1","Sub Weapons+1"],"picked":"SKIP","floor":21.0},{"not_picked":["Reinforcement Parts+1","Trader+1","Rupture"],"picked":"SKIP","floor":21.0},{"not_picked":["Bugfix+1","Perfect Defend","Black Warm Hole+1"],"picked":"SKIP","floor":23.0},{"not_picked":["Black Execution","Transfer Energy+1"],"picked":"Here Defend Chip","floor":24.0},{"not_picked":["Black Shadow","Winding Magic+1","Weapon Shift+1"],"picked":"SKIP","floor":24.0},{"not_picked":["Provocative+1","Reflection Mechanism+1"],"picked":"Here Defend Chip","floor":25.0},{"not_picked":["Lunge+1","Black Execution","New Defend Magic+1"],"picked":"SKIP","floor":25.0},{"not_picked":["E MP+1","Chip Synthesis+1","Provocative+1"],"picked":"SKIP","floor":27.0},{"not_picked":["Three Hit","Rupture+1"],"picked":"Here Defend Chip","floor":29.0},{"not_picked":["De Ware Chip+1","Energy Supply+1","Overclocking+1"],"picked":"SKIP","floor":31.0},{"not_picked":["Afterwards+1","Floating Swing Kick+1","Provocative+1"],"picked":"SKIP","floor":35.0},{"not_picked":["Afterwards+1","Three Hit+1","Floating Swing Kick+1"],"picked":"SKIP","floor":35.0},{"not_picked":["Afterwards+1","Floating Swing Kick+1","Provocative+1"],"picked":"SKIP","floor":35.0},{"not_picked":["Afterwards+1","Three Hit+1","Floating Swing Kick+1"],"picked":"SKIP","floor":35.0},{"not_picked":["Preloading+1","Black Warm Hole+1"],"picked":"Here Defend Chip+1","floor":38.0},{"not_picked":["Money Cant Rescue+1","Twin Teeth+1","E MP+1"],"picked":"SKIP","floor":38.0},{"not_picked":["Judgment+1","Fire Blade","Transfer Energy"],"picked":"SKIP","floor":39.0},{"not_picked":["Money Cant Rescue+1","White Contract+1","Light Attack+1"],"picked":"SKIP","floor":39.0},{"not_picked":["Light Attack+1","Afterwards+1","Recovery Mechanism+1"],"picked":"SKIP","floor":40.0},{"not_picked":["Revenge+1","White Contract+1","Twin Teeth+1"],"picked":"SKIP","floor":45.0},{"not_picked":["Cursed Blade+1","Bugfix+1","Oblique Hack+1"],"picked":"SKIP","floor":46.0},{"not_picked":["Provocative+1","Rupture+1","Black Shadow+1"],"picked":"SKIP","floor":46.0},{"not_picked":["Lore+1","Black Execution+1","Overclocking+1"],"picked":"SKIP","floor":48.0},{"not_picked":["Three Hit+1","Fixing+1","Provocative+1"],"picked":"SKIP","floor":48.0},{"not_picked":["Thunder Jump+1","Oblique Hack+1"],"picked":"Preloading+1","floor":54.0}],"player_experience":81635,"relics_obtained":[{"floor":6.0,"key":"Boot"},{"floor":8.0,"key":"Dota2Spire:UrnOfShadows"},{"floor":9.0,"key":"LagranYue:MagicReflectiveArmorRelic"},{"floor":10.0,"key":"Toxic Egg 2"},{"floor":17.0,"key":"Anchor"},{"floor":17.0,"key":"Kunai"},{"floor":17.0,"key":"Prayer Wheel"},{"floor":22.0,"key":"Red Mask"},{"floor":23.0,"key":"Letter Opener"},{"floor":27.0,"key":"Dota2Spire:Vanguard"},{"floor":29.0,"key":"D6"},{"floor":31.0,"key":"DeathBook"},{"floor":41.0,"key":"Orichalcum"},{"floor":43.0,"key":"Mercury Hourglass"},{"floor":45.0,"key":"Molten Egg 2"},{"floor":54.0,"key":"Sundial"}],"event_choices":[{"damage_healed":0.0,"max_hp_gain":0.0,"max_hp_loss":0.0,"gold_gain":75.0,"event_name":"World of Goop","player_choice":"Gather Gold","floor":3.0,"gold_loss":0.0,"damage_taken":11.0},{"damage_healed":0.0,"max_hp_gain":0.0,"max_hp_loss":0.0,"gold_gain":0.0,"event_name":"Scrap Ooze","player_choice":"Success","floor":5.0,"gold_loss":0.0,"damage_taken":12.0,"relics_obtained":["Dota2Spire:EchoSabre"]},{"damage_healed":0.0,"max_hp_gain":0.0,"max_hp_loss":0.0,"gold_gain":0.0,"event_name":"yidonshenshe","player_choice":"塞钱","floor":12.0,"gold_loss":40.0,"damage_taken":0.0,"relics_obtained":["PaintedHorse:ReiMu"]},{"damage_healed":0.0,"max_hp_gain":0.0,"max_hp_loss":0.0,"gold_gain":0.0,"event_name":"Masked Bandits","player_choice":"Fought Bandits","floor":22.0,"gold_loss":0.0,"damage_taken":0.0},{"damage_healed":0.0,"max_hp_gain":0.0,"max_hp_loss":0.0,"gold_gain":100.0,"event_name":"Golden Shrine","player_choice":"Pray","floor":36.0,"gold_loss":0.0,"damage_taken":0.0}],"is_beta":false,"boss_relics":[{"not_picked":["Runic Dome","Pandora\u0027s Box"],"picked":"Calling Bell"},{"not_picked":[]},{"not_picked":["Snecko Eye","SacredBark"],"picked":"Philosopher\u0027s Stone"},{"not_picked":[]}],"items_purged_floors":[20,28,28,53],"is_endless":false,"potions_floor_spawned":[1,6,14,16,19,23,24,35,39,45,54],"ascension_level":3}}