{"host":"vlqej45p0v31lhdi","time":1614417013,"event":{"mods":["AchievementEnabler","BaseMod","Bestiary","Colored Powertips","Minty Spire (QoL Compilation)","Relic Stats"],"gold_per_floor":[112,112,129,148,113,113,139,150,150,161,161,187,187,199,199,297,297,317,317,332,105,118,118,143,143,143,163,176,176,7,25,25,122,122,135,135,135,146,201,201,201,201,225,238,0,28,3,3,3,3],"floor_reached":51,"language":"ENG","playtime":2474,"items_purged":["Blizzard"],"score":1017,"play_id":"fe4c6d60-f8e3-49b4-a892-94ab5b9e7c89","local_time":"20210227031013","is_ascension_mode":true,"campfire_choices":[{"data":"Zap","floor":6,"key":"SMITH"},{"data":"Scrape","floor":13,"key":"SMITH"},{"data":"Scrape","floor":15,"key":"SMITH"},{"floor":23,"key":"REST"},{"data":"Self Repair","floor":25,"key":"SMITH"},{"floor":32,"key":"REST"},{"data":"Beam Cell","floor":40,"key":"SMITH"},{"data":"Sweeping Beam","floor":42,"key":"SMITH"},{"floor":49,"key":"REST"}],"circlet_count":0,"master_deck":["Zap+1","Dualcast","Sweeping Beam","Gash","Scrape+1","Self Repair+1","Hologram","Gash","Scrape+1","Rebound","Electrodynamics","Storm","Darkness","Steam Power","Auto Shields","Sweeping Beam","Gash","Leap","Leap","Go for the Eyes","Steam+1","All For One","Beam Cell+1","Capacitor","Sweeping Beam+1","Reinforced Body","Core Surge","Streamline+1","Swift Strike","Gash+1","Madness","Madness","Beam Cell+1","Loop","Turbo","Bandage Up","All For One","Steam"],"relics":["Cracked Core","Eternal Feather","Question Card","Shuriken","Pandora\u0027s Box","PreservedInsect","Tiny Chest","InkBottle","Nilry\u0027s Codex","SlaversCollar","Pen Nib","Regal Pillow","Boot"],"acts_visited":["Exordium","TheCity","TheBeyond"],"potions_floor_usage":[7,10,16,20,24,24,33,33,38,44,50,50,50],"damage_taken":[{"damage":1,"enemies":"2 Louse","floor":1,"turns":2},{"damage":5,"enemies":"Small Slimes","floor":3,"turns":3},{"damage":12,"enemies":"Jaw Worm","floor":4,"turns":2},{"damage":16,"enemies":"Gremlin Nob","floor":7,"turns":3},{"damage":8,"enemies":"Blue Slaver","floor":8,"turns":3},{"damage":11,"enemies":"2 Fungi Beasts","floor":10,"turns":3},{"damage":37,"enemies":"3 Sentries","floor":12,"turns":6},{"damage":6,"enemies":"Looter","floor":14,"turns":2},{"damage":29,"enemies":"The Guardian","floor":16,"turns":7},{"damage":0,"enemies":"Spheric Guardian","floor":18,"turns":3},{"damage":14,"enemies":"Shell Parasite","floor":20,"turns":3},{"damage":16,"enemies":"Snake Plant","floor":22,"turns":4},{"damage":16,"enemies":"Book of Stabbing","floor":24,"turns":4},{"damage":3,"enemies":"Centurion and Healer","floor":27,"turns":4},{"damage":20,"enemies":"3 Cultists","floor":28,"turns":4},{"damage":11,"enemies":"Snecko","floor":31,"turns":3},{"damage":38,"enemies":"Collector","floor":33,"turns":6},{"damage":39,"enemies":"3 Shapes","floor":35,"turns":6},{"damage":32,"enemies":"3 Darklings","floor":38,"turns":5},{"damage":9,"enemies":"Maw","floor":44,"turns":5},{"damage":31,"enemies":"Giant Head","floor":46,"turns":6},{"damage":60,"enemies":"Donu and Deca","floor":50,"turns":4}],"seed_played":"5920373217558143605","potions_obtained":[{"floor":3,"key":"AttackPotion"},{"floor":8,"key":"SkillPotion"},{"floor":12,"key":"LiquidBronze"},{"floor":14,"key":"Block Potion"},{"floor":16,"key":"LiquidMemories"},{"floor":18,"key":"Block Potion"},{"floor":20,"key":"Dexterity Potion"},{"floor":27,"key":"SteroidPotion"},{"floor":31,"key":"Fire Potion"},{"floor":33,"key":"LiquidMemories"},{"floor":35,"key":"Fruit Juice"},{"floor":38,"key":"LiquidBronze"}],"is_trial":false,"path_per_floor":["M","?","M","M","?","R","E","M","T","M","?","E","R","M","R","B",null,"M","?","M","$","M","R","E","R","T","M","M","?","$","M","R","B",null,"M","?","?","M","T","R","?","R","T","M","$","E","$","?","R","B",null],"character_chosen":"DEFECT","items_purchased":["PreservedInsect","Leap","Go for the Eyes","Capacitor","Sweeping Beam","Strength Potion","Loop","Turbo","Bandage Up","Steam"],"campfire_rested":3,"item_purchase_floors":[21,21,21,30,30,45,45,45,45,47],"current_hp_per_floor":[49,49,44,32,50,50,34,33,33,29,54,24,33,34,43,21,62,62,48,34,34,25,61,45,57,57,54,44,28,28,17,56,18,65,36,31,31,14,14,32,21,39,39,30,30,13,13,13,74,18],"gold":3,"neow_bonus":"REMOVE_TWO","is_daily":false,"chose_seed":false,"campfire_upgraded":6,"win_rate":0.0,"timestamp":1614417013,"path_taken":["M","?","M","M","?","R","E","M","T","M","?","E","R","M","R","BOSS","M","?","M","$","M","R","E","R","T","M","M","?","$","M","R","BOSS","M","?","?","M","?","R","?","R","T","M","$","E","?","?","R","BOSS"],"items_purchased_type":["Relic","Card","Card","Card","Card","Potion","Card","Card","Card","Card"],"build_version":"2020-12-22","purchased_purges":1,"victory":true,"max_hp_per_floor":[75,75,75,75,75,75,75,75,75,75,75,75,75,75,75,75,75,75,80,80,80,80,80,80,80,80,80,80,80,80,80,80,80,80,80,80,80,85,85,85,85,85,85,85,85,85,85,85,85,85],"relic_stats":{"Regal Pillow":15,"counters":[22,88],"Shuriken":[47],"Eternal Feather":114,"Pandora\u0027s Box":["Storm","Darkness","Steam Power","Auto Shields","Blizzard","Sweeping Beam"],"Tiny Chest":1,"PreservedInsect":173,"Pen Nib":[6],"Question Card":18,"Boot":[3],"obtain_stats":[{"Regal Pillow":43,"Nilry\u0027s Codex":29,"Eternal Feather":7,"PreservedInsect":21,"Pen Nib":39,"Question Card":9,"Boot":46,"SlaversCollar":34,"Shuriken":12,"Pandora\u0027s Box":17,"Tiny Chest":24,"Cracked Core":0,"InkBottle":26},{"Regal Pillow":19,"Nilry\u0027s Codex":15,"Eternal Feather":4,"PreservedInsect":11,"Pen Nib":19,"Question Card":5,"Boot":21,"SlaversCollar":17,"Shuriken":7,"Pandora\u0027s Box":9,"Tiny Chest":13,"Cracked Core":0,"InkBottle":13},{"Regal Pillow":73,"Nilry\u0027s Codex":53,"Eternal Feather":10,"PreservedInsect":37,"Pen Nib":73,"Question Card":13,"Boot":84,"SlaversCollar":62,"Shuriken":22,"Pandora\u0027s Box":31,"Tiny Chest":45,"Cracked Core":0,"InkBottle":45}],"InkBottle":[25]},"card_choices":[{"not_picked":["Stack","Steam"],"picked":"Sweeping Beam","floor":1},{"not_picked":["Force Field","Auto Shields"],"picked":"Gash","floor":3},{"not_picked":["Double Energy","Static Discharge"],"picked":"Scrape","floor":4},{"not_picked":["Darkness","Thunder Strike"],"picked":"Self Repair","floor":7},{"not_picked":["Melter","Redo"],"picked":"Hologram","floor":8},{"not_picked":["Skim","Cold Snap","Go for the Eyes"],"picked":"Gash","floor":10},{"not_picked":["Capacitor","Aggregate","Coolheaded"],"picked":"Scrape","floor":12},{"not_picked":["Undo","Hello World","Aggregate"],"picked":"Rebound","floor":14},{"not_picked":["Meteor Strike","Seek","Core Surge"],"picked":"Electrodynamics","floor":16},{"not_picked":["Chill","White Noise+1","Loop"],"picked":"Gash","floor":18},{"not_picked":["Conserve Battery","Loop","Force Field"],"picked":"Leap","floor":20},{"not_picked":["Redo","Lockon","Beam Cell"],"picked":"Steam+1","floor":22},{"not_picked":["Steam Power","Hologram","Conserve Battery+1"],"picked":"All For One","floor":24},{"not_picked":["Steam","Turbo","Reprogram"],"picked":"Beam Cell","floor":27},{"not_picked":["Ball Lightning+1","Lockon","Redo","Melter+1"],"picked":"SKIP","floor":28},{"not_picked":["Steam+1","Redo","Melter"],"picked":"Reinforced Body","floor":31},{"not_picked":["Fission","Reboot","Thunder Strike"],"picked":"Core Surge","floor":33},{"not_picked":["Compile Driver+1","Steam Power","Hologram"],"picked":"Streamline+1","floor":35},{"not_picked":["Sadistic Nature","Chrysalis","Purity"],"picked":"Swift Strike","floor":36},{"not_picked":["Thinking Ahead","Secret Technique","Discovery"],"picked":"Secret Weapon","floor":36},{"not_picked":["Cold Snap+1","Rip and Tear+1","Leap"],"picked":"Gash+1","floor":38},{"not_picked":["Redo","Stack+1","Auto Shields+1"],"picked":"Beam Cell+1","floor":44},{"not_picked":["Defragment","Rebound","Hologram"],"picked":"All For One","floor":46}],"player_experience":3124391,"relics_obtained":[{"floor":7,"key":"Eternal Feather"},{"floor":9,"key":"Question Card"},{"floor":12,"key":"Shuriken"},{"floor":24,"key":"Tiny Chest"},{"floor":26,"key":"InkBottle"},{"floor":29,"key":"Nilry\u0027s Codex"},{"floor":39,"key":"Pen Nib"},{"floor":43,"key":"Regal Pillow"},{"floor":46,"key":"Boot"}],"event_choices":[{"damage_healed":0,"gold_gain":0,"player_choice":"Ignored","damage_taken":0,"max_hp_gain":0,"max_hp_loss":0,"event_name":"Liars Game","floor":2,"gold_loss":0},{"damage_healed":18,"gold_gain":0,"player_choice":"Healed","damage_taken":0,"max_hp_gain":0,"max_hp_loss":0,"event_name":"The Cleric","floor":5,"gold_loss":35},{"damage_healed":25,"gold_gain":0,"player_choice":"Banana","damage_taken":0,"max_hp_gain":0,"max_hp_loss":0,"event_name":"Big Fish","floor":11,"gold_loss":0},{"damage_healed":0,"gold_gain":0,"player_choice":"Shed Blood","damage_taken":19,"max_hp_gain":5,"max_hp_loss":0,"event_name":"Forgotten Altar","floor":19,"gold_loss":0},{"damage_healed":0,"gold_gain":0,"player_choice":"Obtained Book","damage_taken":16,"max_hp_gain":0,"max_hp_loss":0,"event_name":"Cursed Tome","floor":29,"gold_loss":0},{"damage_healed":0,"gold_gain":0,"player_choice":"Memory 2","damage_taken":5,"max_hp_gain":0,"max_hp_loss":0,"event_name":"SensoryStone","floor":36,"gold_loss":0},{"cards_removed":["Secret Weapon"],"damage_healed":0,"gold_gain":0,"player_choice":"Removed Skill","damage_taken":0,"max_hp_gain":0,"max_hp_loss":0,"event_name":"Falling","floor":37,"gold_loss":0},{"damage_healed":0,"gold_gain":0,"player_choice":"Embrace Madness","damage_taken":11,"max_hp_gain":0,"max_hp_loss":0,"event_name":"Winding Halls","floor":41,"gold_loss":0,"cards_obtained":["Madness","Madness"]},{"damage_healed":0,"gold_gain":0,"player_choice":"Ignored","damage_taken":0,"max_hp_gain":0,"max_hp_loss":0,"event_name":"Mysterious Sphere","floor":48,"gold_loss":0}],"is_beta":false,"boss_relics":[{"not_picked":["Velvet Choker","Coffee Dripper"],"picked":"Pandora\u0027s Box"},{"not_picked":["Calling Bell","Sozu"],"picked":"SlaversCollar"}],"items_purged_floors":[30],"is_endless":false,"potions_floor_spawned":[3,8,12,14,16,18,20,27,31,33,35,38],"ascension_level":8}}