{"host":"hxbbrccw7ig68b38","time":1614436838,"event":{"mods":["BaseMod","Hermit","Minty Spire (QoL Compilation)","Replay The Spire","StSLib","The Cursed"],"gold_per_floor":[119,219,237,253,253,253,272,302,348,348,367,379,379,418,418,517,517,532,549,549,549,549,549,579,596,596,82,82,82,113,123,123,223,323,335,335,34,52,82,82,94,113,113,132,132,132,152,152,152,152,152],"floor_reached":50,"language":"KOR","playtime":2155,"items_purged":["Flex"],"score":591,"play_id":"d9bf42e5-75ff-4796-bfa0-d78abb4fac6b","local_time":"20210227234038","daily_mods":["Shiny","Allstar","Colorless Cards","Heirloom"],"is_ascension_mode":false,"campfire_choices":[{"data":"Offering","floor":6,"key":"SMITH"},{"floor":10,"key":"REST"},{"floor":23,"key":"REST"},{"floor":29,"key":"REST"},{"floor":32,"key":"REST"},{"floor":40,"key":"REST"},{"floor":46,"key":"REST"},{"floor":49,"key":"REST"}],"circlet_count":0,"master_deck":["Double Tap","Demon Form+1","Fiend Fire","Eclipse+1","Berserk","Impervious","Juggernaut","Demonic Infusion","Offering+1","Bludgeon","Feed","Replay:Many Hands","Limit Break+1","Corruption","Barricade","Hemogenesis+1","Reaper","Immolate","Thinking Ahead","Metamorphosis","Master of Strategy","Magnetism","Mayhem","Secret Weapon","Midas Touch","Poisoned Strike","Sadistic Nature","ReplayUltimateDefense","Transmutation+1","HandOfGreed","ReplayTheSpireMod:Necrogeddon+1","Apotheosis","Panache","Violence","Secret Technique","The Bomb","Crow Ritual","Panacea","Flash of Steel","Replay:Sssssssssshield","Good Instincts","Jack Of All Trades","Spot Weakness","Havoc+1","Cleave","Pommel Strike","Impervious","Flex","ReplayTheSpireMod:Strike From Hell","Good Instincts","Inflame","Flex+1","Dark Shackles+1","Reaper","Armaments+1","Inflame","Twin Strike","Whirlwind+1","Flex+1","Sword Boomerang+1","Twin Strike+1","Specialist"],"relics":["Burning Blood","Incense Burner","The Courier","ReplayTheSpireMod:Spearhead","Fusion Hammer","Boot","Thread and Needle","Ginger","Gremlin Food","Red Mask","Replay:Wanted Poster","Oddly Smooth Stone","Happy Flower","Mango","Onion Ring"],"acts_visited":["Exordium","TheCity","TheBeyond"],"potions_floor_usage":[16,19,33,44,50,50],"damage_taken":[{"damage":0,"enemies":"Small Slimes","floor":1,"turns":2},{"damage":0,"enemies":"Cultist","floor":3,"turns":2},{"damage":21,"enemies":"2 Louse","floor":4,"turns":3},{"damage":0,"enemies":"2 Fungi Beasts","floor":7,"turns":1},{"damage":18,"enemies":"3 Sentries","floor":8,"turns":4},{"damage":11,"enemies":"Large Slime","floor":11,"turns":5},{"damage":0,"enemies":"Lots of Slimes","floor":12,"turns":1},{"damage":27,"enemies":"2 Fungi Beasts","floor":14,"turns":3},{"damage":28,"enemies":"Hexaghost","floor":16,"turns":7},{"damage":9,"enemies":"3 Byrds","floor":18,"turns":4},{"damage":46,"enemies":"2 Thieves","floor":19,"turns":4},{"damage":18,"enemies":"Book of Stabbing","floor":24,"turns":2},{"damage":27,"enemies":"3 Cultists","floor":25,"turns":3},{"damage":0,"enemies":"Masked Bandits","floor":30,"turns":2},{"damage":26,"enemies":"Centurion and Healer","floor":31,"turns":6},{"damage":24,"enemies":"Automaton","floor":33,"turns":4},{"damage":22,"enemies":"3 Shapes","floor":35,"turns":3},{"damage":38,"enemies":"3 Darklings","floor":38,"turns":3},{"damage":36,"enemies":"Jaw Worm Horde","floor":39,"turns":5},{"damage":49,"enemies":"4 Shapes","floor":41,"turns":2},{"damage":19,"enemies":"Spire Growth","floor":42,"turns":3},{"damage":19,"enemies":"Sphere and 2 Shapes","floor":44,"turns":3},{"damage":15,"enemies":"3 Darklings","floor":47,"turns":2},{"damage":196,"enemies":"Time Eater","floor":50,"turns":9}],"seed_played":"-5193354723835948925","potions_obtained":[{"floor":4,"key":"SneckoOil"},{"floor":8,"key":"FairyPotion"},{"floor":18,"key":"Explosive Potion"},{"floor":31,"key":"Ancient Potion"},{"floor":33,"key":"SteroidPotion"},{"floor":42,"key":"Fire Potion"},{"floor":47,"key":"BloodPotion"}],"is_trial":true,"path_per_floor":["M","?","M","M","?","R","M","E","T","R","M","M","?","M","R","B",null,"M","M","?","?","?","R","E","M","T","$","?","R","?","M","R","B",null,"M","?","$","M","M","R","M","M","T","M","T","R","M","?","R","B"],"character_chosen":"IRONCLAD","items_purchased":["Ginger","Gremlin Food","Inflame","Flex+1","Inflame","Oddly Smooth Stone","Happy Flower"],"campfire_rested":7,"item_purchase_floors":[27,27,27,27,37,37,37],"current_hp_per_floor":[83,83,83,72,72,72,78,70,70,91,91,91,91,73,94,72,94,94,62,62,62,62,90,78,57,57,57,38,67,73,89,103,85,103,103,103,103,71,67,97,62,83,97,97,97,117,108,108,117,0,0],"gold":152,"neow_bonus":"","is_daily":false,"chose_seed":false,"campfire_upgraded":1,"win_rate":0.0,"timestamp":1614436838,"path_taken":["M","?","M","?","?","R","M","E","T","R","M","M","?","M","R","BOSS","M","M","?","?","?","R","E","?","T","$","?","R","?","M","R","BOSS","M","?","$","M","M","R","M","?","T","M","?","R","M","?","R","BOSS"],"items_purchased_type":["Relic","Relic","Card","Card","Card","Relic","Relic"],"build_version":"2020-12-22","purchased_purges":1,"victory":false,"max_hp_per_floor":[83,83,83,87,87,87,87,91,91,91,91,91,91,94,94,94,94,94,94,94,94,94,94,94,94,94,94,99,99,99,103,103,103,103,103,103,103,103,103,103,103,103,117,117,117,117,117,117,117,117,117],"card_choices":[{"not_picked":["True Grit","Sword Boomerang","Flame Barrier"],"picked":"SKIP","floor":1},{"not_picked":["Thunderclap","Body Slam","Clothesline"],"picked":"SKIP","floor":3},{"not_picked":["Wild Strike","Searing Blow"],"picked":"Spot Weakness","floor":4},{"not_picked":["Heavy Blade","Metallicize"],"picked":"Havoc","floor":7},{"not_picked":["Sword Boomerang","Defy Death","Anger"],"picked":"SKIP","floor":8},{"not_picked":["ReplayTheSpireMod:Corrosion Curse","Anger"],"picked":"Cleave","floor":11},{"not_picked":["Feel No Pain","Reckless Charge","Replay:Undeath\u0027s Touch"],"picked":"SKIP","floor":12},{"not_picked":["Poisoned Strike","ReplayTheSpireMod:Private Reserves"],"picked":"Pommel Strike","floor":14},{"not_picked":["Exhume","Brutality"],"picked":"Impervious","floor":16},{"not_picked":["Headbutt","Deep Breath"],"picked":"Flex","floor":18},{"not_picked":["Cleave","Searing Blow+1"],"picked":"Flex","floor":19},{"not_picked":["Intimidate","Body Slam"],"picked":"ReplayTheSpireMod:Strike From Hell","floor":24},{"not_picked":["Headbutt","Entrench"],"picked":"Good Instincts","floor":25},{"not_picked":["Perfected Strike","Replay:BasicMightCard"],"picked":"Dark Shackles+1","floor":30},{"not_picked":["Dark Shackles","Anger","Power Through"],"picked":"SKIP","floor":31},{"not_picked":["Juggernaut","Brutality"],"picked":"Reaper","floor":33},{"not_picked":["Warcry","Headbutt+1"],"picked":"Armaments+1","floor":35},{"not_picked":["Clothesline+1","Impatience+1"],"picked":"Twin Strike","floor":38},{"not_picked":["Perfected Strike","Burning Pact"],"picked":"Whirlwind+1","floor":39},{"not_picked":["Havoc","Juggernaut"],"picked":"Flex+1","floor":41},{"not_picked":["Replay:Undeath\u0027s Touch+1","Wild Strike"],"picked":"Sword Boomerang+1","floor":42},{"not_picked":["Battle Trance+1","Sword Boomerang+1"],"picked":"Twin Strike+1","floor":44},{"not_picked":["Anger+1","Master of Strategy","Pommel Strike"],"picked":"SKIP","floor":47},{"not_picked":["Dark Shackles","Panacea"],"picked":"Specialist","floor":48}],"player_experience":150310,"relics_obtained":[{"floor":8,"key":"The Courier"},{"floor":9,"key":"ReplayTheSpireMod:Spearhead"},{"floor":24,"key":"Boot"},{"floor":26,"key":"Thread and Needle"},{"floor":30,"key":"Red Mask"},{"floor":43,"key":"Mango"},{"floor":45,"key":"Onion Ring"}],"event_choices":[{"damage_healed":0,"gold_gain":100,"player_choice":"Gold","damage_taken":0,"max_hp_gain":0,"max_hp_loss":0,"event_name":"Wheel of Change","floor":2,"gold_loss":0},{"cards_removed":["Exhume"],"damage_healed":0,"gold_gain":0,"player_choice":"Forget","damage_taken":0,"max_hp_gain":0,"max_hp_loss":0,"event_name":"Living Wall","floor":13,"gold_loss":0},{"cards_removed":["Brutality"],"damage_healed":0,"gold_gain":0,"player_choice":"Elegance","damage_taken":0,"max_hp_gain":0,"max_hp_loss":0,"event_name":"Back to Basics","floor":20,"gold_loss":0},{"damage_healed":0,"gold_gain":0,"player_choice":"Ignored","damage_taken":0,"max_hp_gain":0,"max_hp_loss":0,"event_name":"Vampires","floor":21,"gold_loss":0},{"damage_healed":0,"gold_gain":0,"player_choice":"Upgraded","damage_taken":0,"max_hp_gain":0,"max_hp_loss":0,"event_name":"Upgrade Shrine","floor":22,"gold_loss":0,"cards_upgraded":["Demon Form"]},{"damage_healed":0,"gold_gain":0,"player_choice":"Shed Blood","damage_taken":24,"max_hp_gain":5,"max_hp_loss":0,"event_name":"Forgotten Altar","floor":28,"gold_loss":0},{"damage_healed":0,"gold_gain":0,"player_choice":"Fought Bandits","damage_taken":0,"max_hp_gain":0,"max_hp_loss":0,"event_name":"Masked Bandits","floor":30,"gold_loss":0},{"cards_removed":["ReplayTheSpireMod:Brewmster"],"damage_healed":0,"gold_gain":0,"player_choice":"Purged","damage_taken":0,"max_hp_gain":0,"max_hp_loss":0,"event_name":"Purifier","floor":36,"gold_loss":0},{"damage_healed":0,"gold_gain":0,"player_choice":"Memory 1","damage_taken":0,"max_hp_gain":0,"max_hp_loss":0,"event_name":"SensoryStone","floor":48,"gold_loss":0}],"is_beta":false,"boss_relics":[{"not_picked":["Ring of Chaos","Tiny House"],"picked":"Fusion Hammer"},{"not_picked":["Replay:Bronze Core","Sozu"],"picked":"Replay:Wanted Poster"}],"items_purged_floors":[27],"is_endless":false,"potions_floor_spawned":[4,8,18,31,33,38,39,42,47],"killed_by":"Time Eater","ascension_level":0}}