{"host":"snggrqcauaf0m8fe","time":1614426965,"event":{"mods":["BaseMod","Minty Spire (QoL Compilation)","Quick Restart"],"gold_per_floor":[115,115,115,40,55,55,83,83,83,112,112,130,144,178,178,178,178],"floor_reached":16,"language":"ENG","playtime":461,"items_purged":["Strike_B"],"score":235,"play_id":"ad049470-c222-4f74-a672-916874fcabe4","local_time":"20210227125605","is_ascension_mode":true,"campfire_choices":[{"data":"Zap","floor":6,"key":"SMITH"},{"data":"Dualcast","floor":8,"key":"SMITH"},{"data":"Barrage","floor":11,"key":"SMITH"},{"data":"Double Energy","floor":15,"key":"SMITH"}],"circlet_count":0,"master_deck":["Strike_B","Strike_B","Defend_B","Defend_B","Defend_B","Defend_B","Zap+1","Dualcast+1","Chill","Double Energy+1","Barrage+1","Genetic Algorithm","Coolheaded","Coolheaded"],"relics":["Cracked Core","NeowsBlessing","Bag of Preparation","Symbiotic Virus","Pear","Eternal Feather"],"acts_visited":["Exordium"],"potions_floor_usage":[10,10,13,16],"damage_taken":[{"damage":0,"enemies":"Cultist","floor":1,"turns":1},{"damage":0,"enemies":"Jaw Worm","floor":5,"turns":1},{"damage":0,"enemies":"3 Sentries","floor":7,"turns":2},{"damage":20,"enemies":"Lagavulin","floor":10,"turns":7},{"damage":0,"enemies":"2 Louse","floor":12,"turns":2},{"damage":1,"enemies":"Looter","floor":13,"turns":2},{"damage":0,"enemies":"3 Sentries","floor":14,"turns":8},{"damage":81,"enemies":"Hexaghost","floor":16,"turns":14}],"seed_played":"3341507424049679999","potions_obtained":[{"floor":1,"key":"Block Potion"},{"floor":7,"key":"Explosive Potion"},{"floor":10,"key":"Regen Potion"},{"floor":12,"key":"Energy Potion"}],"is_trial":false,"path_per_floor":["M","?","?","$","M","R","E","R","T","E","R","M","M","E","R","B"],"character_chosen":"DEFECT","items_purchased":[],"campfire_rested":0,"item_purchase_floors":[],"current_hp_per_floor":[75,80,80,80,80,80,80,80,80,70,70,70,74,74,80,0,0],"gold":178,"neow_bonus":"THREE_ENEMY_KILL","is_daily":false,"chose_seed":false,"campfire_upgraded":4,"win_rate":0.0,"timestamp":1614426965,"path_taken":["M","?","?","?","?","R","E","R","T","E","R","M","?","E","R","BOSS"],"items_purchased_type":[],"build_version":"2020-12-22","purchased_purges":1,"victory":false,"max_hp_per_floor":[75,80,80,80,80,80,80,80,80,90,90,90,90,90,90,90,90],"card_choices":[{"not_picked":["Heatsinks","Redo"],"picked":"Chill","floor":1},{"not_picked":["Storm","Rebound"],"picked":"Double Energy","floor":5},{"not_picked":["Double Energy","Creative AI","Lockon"],"picked":"SKIP","floor":7},{"not_picked":["Redo","Turbo"],"picked":"Barrage","floor":10},{"not_picked":["Leap","Steam"],"picked":"Genetic Algorithm","floor":12},{"not_picked":["Steam Power","Sunder"],"picked":"Coolheaded","floor":13},{"not_picked":["Chaos","Electrodynamics"],"picked":"Coolheaded","floor":14}],"player_experience":829376,"relics_obtained":[{"floor":7,"key":"Bag of Preparation"},{"floor":9,"key":"Symbiotic Virus"},{"floor":10,"key":"Pear"},{"floor":14,"key":"Eternal Feather"}],"event_choices":[{"damage_healed":0,"gold_gain":0,"player_choice":"Donut","damage_taken":0,"max_hp_gain":5,"max_hp_loss":0,"event_name":"Big Fish","floor":2,"gold_loss":0},{"cards_removed":["Strike_B"],"damage_healed":0,"gold_gain":0,"player_choice":"Forget","damage_taken":0,"max_hp_gain":0,"max_hp_loss":0,"event_name":"Living Wall","floor":3,"gold_loss":0}],"is_beta":false,"boss_relics":[],"items_purged_floors":[4],"is_endless":false,"potions_floor_spawned":[1,7,10,12],"killed_by":"Hexaghost","ascension_level":5}}