{"host":"7xbu8gt067z192g2","time":1614408314,"event":{"mods":["BaseMod","Better Note","BetterRewards","Colored Map","Colored Powertips","Downfall","Googly Eyes","Highlight Path","Infinite Spire","Minty Spire (QoL Compilation)","Rare Cards Sparkle","Replay The Spire","StSLib"],"gold_per_floor":[19,35,45,56,56,95,95,95,95],"floor_reached":8,"language":"ENG","playtime":336,"items_purged":[],"score":75,"play_id":"0907c69f-0784-4cb7-ac55-ce7a1108af2b","local_time":"20210227014514","is_ascension_mode":true,"campfire_choices":[{"data":"Rampage","floor":7,"key":"SMITH"}],"circlet_count":0,"master_deck":["Strike_R","Strike_R","Strike_R","Strike_R","Strike_R","Defend_R","Defend_R","Defend_R","Defend_R","Bash","Secret Weapon","Uppercut","Shrug It Off","Rampage+1","Cleave"],"relics":["Burning Blood","Golden Idol","Singing Bowl"],"acts_visited":["Exordium"],"potions_floor_usage":[8],"damage_taken":[{"damage":13,"enemies":"Jaw Worm","floor":1,"turns":4},{"damage":0,"enemies":"Small Slimes","floor":2,"turns":3},{"damage":0,"enemies":"2 Louse","floor":3,"turns":3},{"damage":22,"enemies":"Exordium Wildlife","floor":4,"turns":4},{"damage":47,"enemies":"3 Sentries","floor":6,"turns":9},{"damage":24,"enemies":"Lagavulin","floor":8,"turns":6}],"seed_played":"4524064976792471317","potions_obtained":[{"floor":2,"key":"Dexterity Potion"}],"is_trial":false,"path_per_floor":["M","M","M","M","?","E","R","E"],"character_chosen":"IRONCLAD","items_purchased":[],"campfire_rested":0,"item_purchase_floors":[],"current_hp_per_floor":[65,71,77,61,61,22,22,0,0],"gold":95,"neow_bonus":"RANDOM_COLORLESS_2","is_daily":false,"chose_seed":false,"campfire_upgraded":1,"win_rate":0.0,"timestamp":1614408314,"path_taken":["M","M","M","M","?","E","R","E"],"items_purchased_type":[],"build_version":"2020-12-22","purchased_purges":0,"victory":false,"max_hp_per_floor":[80,80,80,80,74,76,76,76,76],"card_choices":[{"not_picked":["Replay:Dark Deal","The Bomb"],"picked":"Secret Weapon","floor":0},{"not_picked":["Power Through","Run Through"],"picked":"Uppercut","floor":1},{"not_picked":["Flex","Intimidate"],"picked":"Shrug It Off","floor":2},{"not_picked":["Blood for Blood","Entrench"],"picked":"Rampage","floor":3},{"not_picked":["ReplayTheSpireMod:Stacked","Wild Strike"],"picked":"Cleave","floor":4},{"not_picked":["Reckless Charge","Cleave","Anger"],"picked":"Singing Bowl","floor":6}],"player_experience":236435,"relics_obtained":[{"floor":6,"key":"Singing Bowl"}],"event_choices":[{"damage_healed":0,"gold_gain":0,"player_choice":"Lose Max HP","damage_taken":0,"relics_obtained":["Golden Idol"],"max_hp_gain":0,"max_hp_loss":6,"event_name":"Golden Idol","floor":5,"gold_loss":0}],"is_beta":false,"boss_relics":[],"items_purged_floors":[],"is_endless":false,"potions_floor_spawned":[2],"killed_by":"Lagavulin","ascension_level":6}}