{"host":"3y9j540ftq0by6cq","time":1614394612,"event":{"mods":["BaseMod","CapriCore","Library of Ruina","Minty Spire (QoL Compilation)","StSLib"],"gold_per_floor":[118,118,131,148,168,168,168,178,201,231,246,257,313,328,328,423,423,435,468,46,65,65,96,111,111,165,165,195,195,211,222,222,222,222],"floor_reached":33,"language":"ZHS","playtime":2787,"items_purged":["LightAttack"],"score":316,"play_id":"2a95361b-35ef-4874-b9f9-26cc8c95f833","local_time":"20210227105652","is_ascension_mode":false,"campfire_choices":[{"data":"FrontalAssault","floor":6,"key":"SMITH"},{"data":"UnforgettableMelody","floor":15,"key":"SMITH"},{"floor":25,"key":"REST"},{"data":"Observe","floor":27,"key":"SMITH"},{"data":"TheRedNotes","floor":29,"key":"SMITH"},{"data":"LawAndOrder","floor":32,"key":"SMITH"}],"circlet_count":0,"master_deck":["Dodge","LightDefense","LightAttack","LightAttack","LightDefense","LightDefense","LightDefense","ChargeAndCover","FocusedStrikes","Observe+1","Pound","Faith","Parry","FrontalAssault+1","Injury","WildCard","TendonChords","UnforgettableMelody+1","GrazeTheGrass","TrashDisposal","GatherIntel","FrontalAssault","SnakesPrey","SummaryJudgment","CircusKnives+1","Faith","TheRedNotes+1","LawAndOrder+1","FrontalAssault+1"],"relics":["PageOfLibrarian","Smiling Mask","Regal Pillow","Art of War","Philosopher\u0027s Stone","Red Mask","PageOfMercenary","Boot","Bag of Marbles","Dream Catcher"],"acts_visited":["Exordium","TheCity"],"potions_floor_usage":[10,16,16,24,28,28],"damage_taken":[{"damage":0,"enemies":"Small Slimes","floor":1,"turns":4},{"damage":2,"enemies":"Jaw Worm","floor":3,"turns":5},{"damage":4,"enemies":"2 Louse","floor":4,"turns":2},{"damage":4,"enemies":"Large Slime","floor":5,"turns":6},{"damage":0,"enemies":"Looter","floor":8,"turns":3},{"damage":6,"enemies":"3 Sentries","floor":10,"turns":4},{"damage":8,"enemies":"Gremlin Gang","floor":11,"turns":5},{"damage":8,"enemies":"Red Slaver","floor":12,"turns":3},{"damage":16,"enemies":"Blue Slaver","floor":14,"turns":4},{"damage":6,"enemies":"Hexaghost","floor":16,"turns":7},{"damage":18,"enemies":"Shell Parasite","floor":18,"turns":4},{"damage":12,"enemies":"Masked Bandits","floor":19,"turns":2},{"damage":19,"enemies":"3 Byrds","floor":21,"turns":5},{"damage":33,"enemies":"Book of Stabbing","floor":23,"turns":4},{"damage":23,"enemies":"Shelled Parasite and Fungi","floor":24,"turns":4},{"damage":16,"enemies":"Gremlin Leader","floor":28,"turns":3},{"damage":10,"enemies":"Centurion and Healer","floor":30,"turns":5},{"damage":0,"enemies":"3 Cultists","floor":31,"turns":3},{"damage":58,"enemies":"Champ","floor":33,"turns":6}],"seed_played":"-1392305662895847931","potions_obtained":[{"floor":5,"key":"Strength Potion"},{"floor":8,"key":"Weak Potion"},{"floor":11,"key":"Swift Potion"},{"floor":16,"key":"CultistPotion"},{"floor":18,"key":"PowerPotion"},{"floor":23,"key":"AttackPotion"}],"is_trial":false,"path_per_floor":["M","?","M","M","M","R","?","M","T","E","M","M","?","M","R","B",null,"M","?","$","M","?","E","M","R","T","R","E","R","M","M","R","B"],"character_chosen":"Librarian","items_purchased":["SnakesPrey","PageOfMercenary","SummaryJudgment"],"campfire_rested":1,"item_purchase_floors":[20,20,20],"current_hp_per_floor":[60,60,58,54,50,50,50,50,50,44,39,31,31,28,28,28,74,66,61,61,46,46,19,10,49,49,49,33,33,32,36,36,0,0],"gold":222,"neow_bonus":"ONE_RANDOM_RARE_CARD","is_daily":false,"chose_seed":false,"campfire_upgraded":5,"win_rate":0.0,"timestamp":1614394612,"path_taken":["M","?","M","M","M","R","?","M","T","E","M","M","?","M","R","BOSS","M","?","$","M","?","E","M","R","T","R","E","R","M","M","R","BOSS"],"items_purchased_type":["Card","Relic","Card"],"build_version":"2020-12-22","purchased_purges":1,"victory":false,"max_hp_per_floor":[63,63,63,82,82,82,82,82,82,82,82,76,76,76,82,74,74,74,74,74,74,74,74,74,82,82,82,82,82,82,82,82,82,82],"card_choices":[{"not_picked":["DefenseOrder","TheWillOfTheCity","UnavoidableGaze","BlindFaith","SinglePointStab","Outburst","Diversion","Clone"],"picked":"Pound","floor":1},{"not_picked":["EnergyConversion","Rampage_lor","VenomousFangs","Concentration","GuardingStance","Rewind","WildCard","BindingChains"],"picked":"Faith","floor":3},{"not_picked":["BiAn","Struggle","IdentifyWeakpoint","Pound","FieryWaltz","Leap_lor","EmotionalTurbulence","SharpSwipe"],"picked":"Parry","floor":4},{"not_picked":["BackAttack","Pound","ElectricShock","ViolentFlame","TheWillOfTheCity","ForcefulGesture","HardRehearsal","StrikeDown"],"picked":"FrontalAssault","floor":5},{"not_picked":["SilentMist","PreemptiveStrike","QuickAttack","TasteMyFlamingBat","DefenseOrder","Unlock1","Reload","Lock"],"picked":"WildCard","floor":8},{"not_picked":["FocusFire","PreemptiveStrike","Reload","QuickAttack","BackstreetsDash","Multislash","Parry","HandlingWork"],"picked":"TendonChords","floor":10},{"not_picked":["IllEndYou","WillOfThePrescript","Rewind","FeatherShield","Concentration","FleetEdge","CoordinatedAssault","UpbeatPerformance","Parry2"],"picked":"SKIP","floor":11},{"not_picked":["BiAn","InkOver","TheWillOfTheCity","SharpSwipe","FaintMemories","Quickness","EnergyShield","TasteMyFlamingBat"],"picked":"UnforgettableMelody","floor":12},{"not_picked":["SunsetBlade","VioletBlade","ViolentFlame","Leap_lor","AssaultOrder","WillBeTasty","InnerArdor","SmokingPipe"],"picked":"GrazeTheGrass","floor":14},{"not_picked":["DistortedBlade","CrackOfDawn"],"picked":"TrashDisposal","floor":16},{"not_picked":["ClassAndRespect","QuickAttack","Wallop_lor","SwordOfVolition","VioletBlade+1","Outburst","SearingSword","SinglePointStab+1"],"picked":"GatherIntel","floor":18},{"not_picked":["ReadyUp","StrikeDown","RepressedFlesh","DirtyBlow+1","Slice_lor+1","Quickness","ButterflySlash","HighKick"],"picked":"FrontalAssault","floor":19},{"not_picked":["Parry","StayCalm+1","ElectricShock","RatsGuideToSurvival","PinpointShot","CoordinatedAssault","KeepItFresh","EnergyCycle","PreemptiveStrike"],"picked":"SKIP","floor":21},{"not_picked":["TimeForALittleTest","SturdyDefense+1","Diversion","GuidanceOfTheGears","Rampage_lor","MindCrush","PinpointShot","SpearedSweep"],"picked":"CircusKnives+1","floor":23},{"not_picked":["StrongStrike","BulkyImpact+1","SerpentSwordTechnique+1","DefenseOrder","TendonChords","CombatPreparation+1","DesperateStruggle","HandleRequest"],"picked":"Faith","floor":24},{"not_picked":["SharpSwipe+1","RatsGuideToSurvival","RepressedFlesh","GaleKick+1","Wallop_lor","Marionette+1","UnavoidableGaze","EnergyShield"],"picked":"TheRedNotes","floor":28},{"not_picked":["RapidGashes","NightInTheBackstreets","Wallop_lor","GreatSerpentsImpact","Punishment","MultiBlock","FrontalAssault","HandleRequest"],"picked":"LawAndOrder","floor":30},{"not_picked":["Tttonst","DeepDrag+1","OminousPower","EnergyStrike","Wallop_lor","Duel_lor","MultiHit","SwordOfVolition"],"picked":"FrontalAssault+1","floor":31}],"player_experience":80201,"relics_obtained":[{"floor":9,"key":"Regal Pillow"},{"floor":10,"key":"Art of War"},{"floor":19,"key":"Red Mask"},{"floor":23,"key":"Boot"},{"floor":26,"key":"Bag of Marbles"},{"floor":28,"key":"Dream Catcher"}],"event_choices":[{"damage_healed":0,"gold_gain":0,"player_choice":"Box","damage_taken":0,"relics_obtained":["Smiling Mask"],"max_hp_gain":0,"max_hp_loss":0,"event_name":"Big Fish","floor":2,"gold_loss":0,"cards_obtained":["Regret"]},{"damage_healed":0,"gold_gain":0,"cards_transformed":["Regret"],"player_choice":"Change","damage_taken":0,"max_hp_gain":0,"max_hp_loss":0,"event_name":"Living Wall","floor":7,"gold_loss":0,"cards_obtained":["Injury"]},{"damage_healed":0,"gold_gain":56,"player_choice":"Gained Gold","damage_taken":0,"max_hp_gain":0,"max_hp_loss":0,"event_name":"Golden Wing","floor":13,"gold_loss":0},{"damage_healed":0,"gold_gain":0,"player_choice":"Fought Bandits","damage_taken":0,"max_hp_gain":0,"max_hp_loss":0,"event_name":"Masked Bandits","floor":19,"gold_loss":0},{"damage_healed":0,"gold_gain":0,"player_choice":"Ignored","damage_taken":0,"max_hp_gain":0,"max_hp_loss":0,"event_name":"Ghosts","floor":22,"gold_loss":0}],"is_beta":false,"boss_relics":[{"not_picked":["Fusion Hammer","Tiny House"],"picked":"Philosopher\u0027s Stone"}],"items_purged_floors":[20],"is_endless":false,"potions_floor_spawned":[5,8,11,16,18,23],"killed_by":"Champ","ascension_level":0}}