{"host":"36t3qd3wjvajtu1z","time":1614391229,"event":{"mods":["2.2 Compatiblity","AchievementEnabler","BaseMod","Bestiary","Block Reminder","Colored Powertips","Curses Come First","Filter the Spire","Highlight Path","Minty Spire (QoL Compilation)","Permanent Neow","Quick Restart","Random Character Button","Rare Cards Sparkle","Relic Stats","Slay-I","StSLib","Unknown Chances"],"gold_per_floor":[361,375,81,99,109,142,142,142,142],"floor_reached":8,"language":"ENG","playtime":445,"items_purged":["Strike_B"],"score":110,"play_id":"baa2554c-456a-49dd-a6c9-a358573d7d72","local_time":"20210226180029","is_ascension_mode":true,"campfire_choices":[{"floor":7.0,"key":"REST"}],"circlet_count":0,"master_deck":["AscendersBane","Strike_B","Strike_B","Strike_B","Defend_B","Defend_B","Defend_B","Defend_B","Zap","Dualcast","Beam Cell","Lockon","Fission","Go for the Eyes"],"relics":["Cracked Core","Letter Opener"],"acts_visited":["Exordium"],"potions_floor_usage":[],"damage_taken":[{"damage":7.0,"enemies":"Small Slimes","floor":1.0,"turns":3.0},{"damage":0.0,"enemies":"2 Louse","floor":2.0,"turns":3.0},{"damage":1.0,"enemies":"Cultist","floor":4.0,"turns":3.0},{"damage":13.0,"enemies":"Exordium Thugs","floor":5.0,"turns":4.0},{"damage":20.0,"enemies":"Lagavulin","floor":6.0,"turns":7.0},{"damage":32,"enemies":"3 Sentries","floor":8,"turns":7}],"seed_played":"-7057469178873761265","potions_obtained":[{"floor":4.0,"key":"Ancient Potion"},{"floor":6.0,"key":"PotionOfCapacity"}],"is_trial":false,"path_per_floor":["M","M","$","M","M","E","R","E"],"character_chosen":"DEFECT","items_purchased":["Lockon","Fission","PowerPotion"],"campfire_rested":1,"item_purchase_floors":[3,3,3],"current_hp_per_floor":[57,57,57,56,43,23,42,10,10],"gold":142,"neow_bonus":"TWO_FIFTY_GOLD","is_daily":false,"chose_seed":false,"campfire_upgraded":0,"win_rate":0.0,"timestamp":1614391229,"path_taken":["M","M","$","M","M","E","R","E"],"items_purchased_type":["Card","Card","Potion"],"build_version":"2020-12-22","purchased_purges":1,"victory":false,"max_hp_per_floor":[64,64,64,64,64,64,64,64,64],"relic_stats":{"counters":[6,27],"Letter Opener":[15],"obtain_stats":[{"Letter Opener":6,"Cracked Core":0},{"Letter Opener":5,"Cracked Core":0},{"Letter Opener":20,"Cracked Core":0}]},"card_choices":[{"not_picked":["Rip and Tear","Steam"],"picked":"Beam Cell","floor":1.0},{"not_picked":["Steam Power","Chill","Coolheaded"],"picked":"SKIP","floor":2.0},{"not_picked":["Consume","Heatsinks","BootSequence"],"picked":"SKIP","floor":4.0},{"not_picked":["Gash","Steam","Darkness"],"picked":"SKIP","floor":5.0},{"not_picked":["Meteor Strike","Melter"],"picked":"Go for the Eyes","floor":6.0}],"player_experience":640309,"relics_obtained":[{"floor":6.0,"key":"Letter Opener"}],"event_choices":[],"is_beta":false,"boss_relics":[],"items_purged_floors":[3],"is_endless":false,"potions_floor_spawned":[4,5,6],"killed_by":"3 Sentries","ascension_level":18}}