{"host":"qc268ltokmxwqyrx","time":1614405474,"event":{"mods":["BaseMod","Colored Map","Minty Spire (QoL Compilation)","Relic Stats","Slay the Relics Exporter","StSLib","ojb\u0027s Info Mod"],"gold_per_floor":[110,110,131,149,224,224,264,277,327,327,292,292,330,351,351,444,444,458,458,373,389,389,414,414,440,440,473,473,498,510,537,537,611,611,621,621,641,41,56,84,84,84,155,169,189,222,222,234,234,234,234,234,234,52,80,80,80],"floor_reached":56,"language":"ENG","playtime":2384,"items_purged":["Writhe"],"score":2076,"play_id":"66ecb510-03a3-4053-a3d2-bbbfdb2f2149","local_time":"20210226235754","is_ascension_mode":true,"campfire_choices":[{"data":"Immolate","floor":6.0,"key":"SMITH"},{"data":"Disarm","floor":10.0,"key":"SMITH"},{"data":"Bash","floor":15.0,"key":"SMITH"},{"data":"Inflame","floor":24.0,"key":"SMITH"},{"data":"Heavy Blade","floor":28.0,"key":"SMITH"},{"data":"Shockwave","floor":32.0,"key":"SMITH"},{"floor":41.0,"key":"RECALL"},{"floor":49.0,"key":"REST"},{"floor":53.0,"key":"REST"}],"circlet_count":0,"master_deck":["AscendersBane","Strike_R","Strike_R","Strike_R","Strike_R","Defend_R","Defend_R","Defend_R","Defend_R","Bash+1","Heavy Blade+1","Pummel","Immolate+1","Disarm+1","Blood for Blood","Inflame+1","Reaper+1","Sword Boomerang+1","Shrug It Off","Inflame+1","Shockwave+1","Double Tap","Heavy Blade+1","Corruption","True Grit","Sentinel","Shrug It Off","Burning Pact+1"],"relics":["Snecko Eye","Bloody Idol","HornCleat","Oddly Smooth Stone","Happy Flower","Runic Cube","WingedGreaves","Lantern","White Beast Statue","Matryoshka","Letter Opener","Whetstone","Toy Ornithopter","Art of War","Regal Pillow","Fusion Hammer","Mummified Hand","PreservedInsect","Pear","Boot","Bag of Marbles","Strawberry"],"acts_visited":["Exordium","TheCity","TheBeyond","TheEnding"],"potions_floor_usage":[56,56],"damage_taken":[{"damage":3.0,"enemies":"Small Slimes","floor":1.0,"turns":3.0},{"damage":9.0,"enemies":"2 Louse","floor":3.0,"turns":2.0},{"damage":1.0,"enemies":"Cultist","floor":4.0,"turns":3.0},{"damage":0.0,"enemies":"3 Sentries","floor":7.0,"turns":3.0},{"damage":4.0,"enemies":"Looter","floor":8.0,"turns":3.0},{"damage":0.0,"enemies":"Gremlin Nob","floor":13.0,"turns":3.0},{"damage":7.0,"enemies":"3 Louse","floor":14.0,"turns":2.0},{"damage":24.0,"enemies":"Hexaghost","floor":16.0,"turns":8.0},{"damage":0.0,"enemies":"Spheric Guardian","floor":18.0,"turns":3.0},{"damage":18.0,"enemies":"Shell Parasite","floor":21.0,"turns":3.0},{"damage":15.0,"enemies":"Slavers","floor":23.0,"turns":3.0},{"damage":2.0,"enemies":"Book of Stabbing","floor":25.0,"turns":3.0},{"damage":11.0,"enemies":"Gremlin Leader","floor":27.0,"turns":4.0},{"damage":24.0,"enemies":"Slavers","floor":29.0,"turns":3.0},{"damage":0.0,"enemies":"Snake Plant","floor":30.0,"turns":3.0},{"damage":18.0,"enemies":"Gremlin Leader","floor":31.0,"turns":5.0},{"damage":32.0,"enemies":"Collector","floor":33.0,"turns":7.0},{"damage":0.0,"enemies":"Orb Walker","floor":35.0,"turns":3.0},{"damage":15.0,"enemies":"3 Darklings","floor":37.0,"turns":5.0},{"damage":1.0,"enemies":"4 Shapes","floor":39.0,"turns":3.0},{"damage":11.0,"enemies":"Reptomancer","floor":40.0,"turns":4.0},{"damage":0.0,"enemies":"Spire Growth","floor":44.0,"turns":3.0},{"damage":4.0,"enemies":"Maw","floor":45.0,"turns":6.0},{"damage":7.0,"enemies":"Nemesis","floor":46.0,"turns":3.0},{"damage":0.0,"enemies":"Sphere and 2 Shapes","floor":48.0,"turns":3.0},{"damage":34.0,"enemies":"Donu and Deca","floor":50.0,"turns":6.0},{"damage":82.0,"enemies":"Time Eater","floor":51.0,"turns":8.0},{"damage":43.0,"enemies":"Shield and Spear","floor":55.0,"turns":4.0},{"damage":90,"enemies":"The Heart","floor":56,"turns":5}],"seed_played":"7144748268855292200","potions_obtained":[{"floor":3.0,"key":"FearPotion"},{"floor":4.0,"key":"ElixirPotion"},{"floor":7.0,"key":"GamblersBrew"},{"floor":13.0,"key":"FairyPotion"},{"floor":27.0,"key":"Weak Potion"},{"floor":29.0,"key":"Fruit Juice"},{"floor":30.0,"key":"GamblersBrew"},{"floor":48.0,"key":"CultistPotion"},{"floor":55.0,"key":"LiquidMemories"}],"is_trial":false,"path_per_floor":["M","?","M","M","?","R","E","M","T","R","?","?","E","M","R","B",null,"M","?","?","M","?","E","R","E","T","E","R","E","M","E","R","B",null,"M","?","M","$","M","E","R","?","T","M","M","E","?","M","R","B","B",null,"R","$","E","B"],"character_chosen":"IRONCLAD","items_purchased":["Corruption","Mummified Hand","PreservedInsect","HeartOfIron"],"campfire_rested":2,"item_purchase_floors":[38,38,38,54],"current_hp_per_floor":[65,65,56,55,44,44,44,40,40,40,57,57,57,50,50,26,58,62,62,62,53,53,52,52,65,65,62,62,48,63,72,72,46,66,73,63,73,73,73,83,83,83,83,83,83,83,83,83,83,72,6,64,83,83,67,0,0],"gold":80,"neow_bonus":"BOSS_RELIC","is_daily":false,"chose_seed":false,"campfire_upgraded":6,"win_rate":0.0,"timestamp":1614405474,"path_taken":["M","?","M","M","?","R","E","M","T","R","?","?","E","M","R","BOSS","M","?","?","M","?","E","R","E","T","E","R","E","M","E","R","BOSS","M","?","M","$","M","E","R","?","T","?","M","E","?","M","R","BOSS","BOSS","R","$","E","BOSS"],"items_purchased_type":["Card","Relic","Relic","Potion"],"build_version":"2020-12-22","purchased_purges":1,"victory":false,"max_hp_per_floor":[75,68,68,68,68,68,68,68,68,68,68,68,68,68,68,68,68,68,68,68,68,68,68,68,68,68,68,68,68,73,73,73,73,73,73,73,73,73,73,83,83,83,83,83,83,83,83,83,83,83,83,83,83,83,90,90,90],"relic_stats":{"Regal Pillow":0,"Happy Flower":[32],"counters":[29,114],"PreservedInsect":186,"Letter Opener":[141],"Whetstone":["Sword Boomerang","Reaper"],"Boot":[55],"Mummified Hand":[48],"Bloody Idol":48,"Snecko Eye":[221,187,184,198],"Art of War":[7],"obtain_stats":[{"Lantern":22,"Regal Pillow":31,"Pear":40,"Happy Flower":13,"Golden Idol":2,"Oddly Smooth Stone":9,"PreservedInsect":38,"Letter Opener":26,"Whetstone":26,"Boot":43,"Burning Blood":0,"White Beast Statue":23,"HornCleat":7,"Matryoshka":25,"Mummified Hand":38,"Bloody Idol":19,"Strawberry":55,"Snecko Eye":0,"WingedGreaves":20,"Fusion Hammer":34,"Art of War":29,"Bag of Marbles":46,"Toy Ornithopter":27,"Runic Cube":17},{"Lantern":10,"Regal Pillow":16,"Pear":21,"Happy Flower":6,"Golden Idol":1,"Oddly Smooth Stone":5,"PreservedInsect":19,"Letter Opener":12,"Whetstone":12,"Boot":21,"Burning Blood":0,"White Beast Statue":11,"HornCleat":4,"Matryoshka":12,"Mummified Hand":19,"Bloody Idol":9,"Strawberry":28,"Snecko Eye":0,"WingedGreaves":9,"Fusion Hammer":17,"Art of War":14,"Bag of Marbles":24,"Toy Ornithopter":13,"Runic Cube":8},{"Lantern":33,"Regal Pillow":54,"Pear":76,"Happy Flower":17,"Golden Idol":3,"Oddly Smooth Stone":14,"PreservedInsect":69,"Letter Opener":39,"Whetstone":39,"Boot":76,"Burning Blood":0,"White Beast Statue":36,"HornCleat":11,"Matryoshka":39,"Mummified Hand":69,"Bloody Idol":30,"Strawberry":109,"Snecko Eye":0,"WingedGreaves":30,"Fusion Hammer":61,"Art of War":46,"Bag of Marbles":88,"Toy Ornithopter":43,"Runic Cube":27}],"Toy Ornithopter":20,"Runic Cube":[62]},"card_choices":[{"not_picked":["Twin Strike","Searing Blow"],"picked":"Heavy Blade","floor":1.0},{"not_picked":["Warcry","Flex"],"picked":"Pummel","floor":3.0},{"not_picked":["Searing Blow","Pummel"],"picked":"Immolate","floor":4.0},{"not_picked":["Clash","Ghostly Armor"],"picked":"Disarm","floor":7.0},{"not_picked":["Twin Strike","Headbutt","Hemokinesis"],"picked":"SKIP","floor":8.0},{"not_picked":["Iron Wave","Infernal Blade"],"picked":"Inflame","floor":13.0},{"not_picked":["Intimidate","Wild Strike","Body Slam"],"picked":"SKIP","floor":14.0},{"not_picked":["Feed","Brutality"],"picked":"Reaper","floor":16.0},{"not_picked":["Armaments","Anger"],"picked":"Sword Boomerang","floor":18.0},{"not_picked":["Entrench","Heavy Blade"],"picked":"Shrug It Off","floor":21.0},{"not_picked":["Searing Blow+1","Carnage"],"picked":"Inflame+1","floor":23.0},{"not_picked":["Immolate","Anger"],"picked":"Shockwave","floor":25.0},{"not_picked":["Flex","Anger","Hemokinesis"],"picked":"SKIP","floor":27.0},{"not_picked":["Brutality","Metallicize","Sentinel"],"picked":"SKIP","floor":29.0},{"not_picked":["Headbutt","Intimidate","Body Slam"],"picked":"SKIP","floor":30.0},{"not_picked":["Battle Trance","Perfected Strike","Body Slam"],"picked":"SKIP","floor":31.0},{"not_picked":["Barricade","Offering"],"picked":"Double Tap","floor":33.0},{"not_picked":["Warcry+1","Flex"],"picked":"Heavy Blade+1","floor":35.0},{"not_picked":["Warcry+1","Armaments","Wild Strike"],"picked":"SKIP","floor":37.0},{"not_picked":["Thunderclap","Pommel Strike"],"picked":"True Grit","floor":39.0},{"not_picked":["Clothesline+1","Cleave","Immolate"],"picked":"SKIP","floor":40.0},{"not_picked":["Clothesline+1","Cleave","Immolate"],"picked":"SKIP","floor":40.0},{"not_picked":["Battle Trance","Pummel","Anger"],"picked":"SKIP","floor":44.0},{"not_picked":["Warcry","Clothesline","Anger+1"],"picked":"SKIP","floor":45.0},{"not_picked":["Anger","Cleave"],"picked":"Sentinel","floor":46.0},{"not_picked":["Headbutt","Combust"],"picked":"Shrug It Off","floor":48.0},{"not_picked":["Carnage","Double Tap"],"picked":"Burning Pact+1","floor":55.0}],"player_experience":1911571,"relics_obtained":[{"floor":7.0,"key":"HornCleat"},{"floor":9.0,"key":"Oddly Smooth Stone"},{"floor":13.0,"key":"Happy Flower"},{"floor":23.0,"key":"White Beast Statue"},{"floor":25.0,"key":"Matryoshka"},{"floor":26.0,"key":"Letter Opener"},{"floor":26.0,"key":"Whetstone"},{"floor":27.0,"key":"Toy Ornithopter"},{"floor":29.0,"key":"Art of War"},{"floor":31.0,"key":"Regal Pillow"},{"floor":40.0,"key":"Pear"},{"floor":43.0,"key":"Boot"},{"floor":46.0,"key":"Bag of Marbles"},{"floor":55.0,"key":"Strawberry"}],"event_choices":[{"damage_healed":0.0,"max_hp_gain":0.0,"max_hp_loss":7.0,"gold_gain":0.0,"event_name":"Golden Idol","player_choice":"Lose Max HP","floor":2.0,"gold_loss":0.0,"damage_taken":0.0,"relics_obtained":["Golden Idol"]},{"damage_healed":0.0,"max_hp_gain":0.0,"max_hp_loss":0.0,"gold_gain":75.0,"event_name":"World of Goop","player_choice":"Gather Gold","floor":5.0,"gold_loss":0.0,"damage_taken":11.0},{"damage_healed":17.0,"max_hp_gain":0.0,"max_hp_loss":0.0,"gold_gain":0.0,"event_name":"The Cleric","player_choice":"Healed","floor":11.0,"gold_loss":35.0,"damage_taken":0.0},{"damage_healed":0.0,"max_hp_gain":0.0,"max_hp_loss":0.0,"gold_gain":0.0,"cards_transformed":["Strike_R"],"event_name":"Transmorgrifier","player_choice":"Transformed","floor":12.0,"gold_loss":0.0,"damage_taken":0.0,"cards_obtained":["Blood for Blood"]},{"damage_healed":0.0,"max_hp_gain":0.0,"max_hp_loss":0.0,"gold_gain":0.0,"event_name":"Forgotten Altar","player_choice":"Gave Idol","floor":19.0,"relics_lost":["Golden Idol"],"gold_loss":0.0,"damage_taken":0.0,"relics_obtained":["Bloody Idol"]},{"damage_healed":0.0,"max_hp_gain":0.0,"max_hp_loss":0.0,"gold_gain":0.0,"event_name":"Addict","player_choice":"Obtained Relic","floor":20.0,"gold_loss":85.0,"damage_taken":0.0,"relics_obtained":["WingedGreaves"]},{"damage_healed":0.0,"max_hp_gain":0.0,"max_hp_loss":0.0,"gold_gain":0.0,"event_name":"The Mausoleum","player_choice":"Opened","floor":22.0,"gold_loss":0.0,"damage_taken":0.0,"relics_obtained":["Lantern"],"cards_obtained":["Writhe"]},{"damage_healed":0.0,"max_hp_gain":0.0,"max_hp_loss":0.0,"gold_gain":0.0,"event_name":"SensoryStone","player_choice":"Memory 3","floor":36.0,"gold_loss":0.0,"damage_taken":10.0},{"damage_healed":0.0,"max_hp_gain":0.0,"max_hp_loss":0.0,"gold_gain":0.0,"event_name":"SecretPortal","player_choice":"Ignored","floor":42.0,"gold_loss":0.0,"damage_taken":0.0},{"damage_healed":0.0,"max_hp_gain":0.0,"max_hp_loss":0.0,"gold_gain":0.0,"event_name":"Tomb of Lord Red Mask","player_choice":"Ignored","floor":47.0,"gold_loss":0.0,"damage_taken":0.0}],"is_beta":false,"boss_relics":[{"not_picked":["Runic Pyramid","SacredBark"],"picked":"Runic Cube"},{"not_picked":["Astrolabe","Runic Dome"],"picked":"Fusion Hammer"}],"items_purged_floors":[54],"is_endless":false,"potions_floor_spawned":[3,4,7,13,16,21,25,27,29,30,31,33,35,37,39,40,44,45,46,48,55],"killed_by":"The Heart","ascension_level":20}}