{"host":"yrbbd32mtuqddxkv","time":1614421246,"event":{"mods":["Act Like it!","Astrologer","BaseMod","Gensokyo","GungeonMod","Marisa£®ÏF”Í°°ƒß¿Ì…≥£©","Minty Spire (QoL Compilation)","Quick Restart","Reimu£®≤©¿ˆ¡È√Œ£©","Reliquary","Remilia£®¿Ÿ√◊¿Ú—«£©","Replay The Spire","StSLib","The Runesmith","The Servant 0.9.4"],"gold_per_floor":[117,1,1,1,1,33,59,287,287,304,330,330,361,388,388,486,486,499,749,587,467,135,165,165,165],"floor_reached":24,"language":"ZHS","playtime":1078,"items_purged":["astrologer:Strike"],"score":344,"play_id":"3fec5efb-fca7-468c-adb0-55a68b03460e","local_time":"20210227182046","is_ascension_mode":true,"campfire_choices":[{"data":"astrologer:Conjunction","floor":12.0,"key":"SMITH"}],"circlet_count":0,"master_deck":["astrologer:Strike","astrologer:Strike","astrologer:Strike","astrologer:Defend+1","astrologer:Defend","astrologer:Defend","astrologer:Defend","astrologer:NorthStar","astrologer:TheFool","astrologer:StarOfRegret","astrologer:Wish+1","astrologer:Conjunction+1","astrologer:Moonlight","astrologer:TheChariot","Pot Of Greed","astrologer:Trine","astrologer:ShiningStar","Gensokyo:Shovel","Gensokyo:TarnishedGold","astrologer:Eclipse"],"relics":["astrologer:SkyMirror","NeowsBlessing","Gensokyo:PortableGap","DemoMod:OrangeGuonStone","DemoMod:Orange","reliquary:SilkGlove","Singing Bowl","War Paint","CaptainsWheel","Replay:Accelerometer","Vajra","Grinning Jar","Gensokyo:Justice","reliquary:KinkedSpring","Gensokyo:MaskOfHope","Golden Egg","reliquary:Sod","Frozen Eye","DemoMod:PoisonVial"],"acts_visited":["Gensokyo:Gensokyo","Gensokyo:Gensokyoer"],"potions_floor_usage":[],"damage_taken":[{"damage":0.0,"enemies":"Gensokyo:Gryphon","floor":1.0,"turns":1.0},{"damage":0.0,"enemies":"Gensokyo:Aya","floor":6.0,"turns":1.0},{"damage":0.0,"enemies":"Gensokyo:Cirno","floor":7.0,"turns":2.0},{"damage":22.0,"enemies":"Gensokyo:Aya","floor":8.0,"turns":6.0},{"damage":0.0,"enemies":"Gensokyo:Python","floor":10.0,"turns":3.0},{"damage":0.0,"enemies":"Gensokyo:Mamizou","floor":11.0,"turns":7.0},{"damage":15.0,"enemies":"Gensokyo:Cirno","floor":13.0,"turns":7.0},{"damage":9.0,"enemies":"Gensokyo:Aya","floor":14.0,"turns":6.0},{"damage":3.0,"enemies":"Gensokyo:Kokoro","floor":16.0,"turns":10.0},{"damage":26.0,"enemies":"Gensokyo:2_Gloops","floor":18.0,"turns":6.0},{"damage":8.0,"enemies":"Gensokyo:Reisen","floor":23.0,"turns":7.0},{"damage":46,"enemies":"Gensokyo:Koishi","floor":24,"turns":8}],"seed_played":"-709504379766331643","potions_obtained":[{"floor":7.0,"key":"PowerPotion"},{"floor":13.0,"key":"Regen Potion"},{"floor":16.0,"key":"LifebloodPotion"}],"is_trial":false,"path_per_floor":["M","COS","?","T","$","E","E","E","T","M","E","R","E","E","R","B",null,"M","?","COS","?","$","E","E"],"character_chosen":"ASTROLOGER","items_purchased":["Golden Egg"],"campfire_rested":0,"item_purchase_floors":[22],"current_hp_per_floor":[70,70,60,60,60,69,66,44,44,44,46,46,33,26,26,38,69,43,43,43,43,43,35,0,0],"gold":165,"neow_bonus":"THREE_ENEMY_KILL","is_daily":false,"chose_seed":false,"campfire_upgraded":1,"win_rate":0.0,"timestamp":1614421246,"path_taken":["M","COS","?","?","$","E","E","E","T","M","E","R","E","E","R","BOSS","M","?","COS","?","$","E","E"],"items_purchased_type":["Relic"],"build_version":"2020-12-22","purchased_purges":1,"victory":false,"max_hp_per_floor":[70,70,60,60,60,69,66,66,66,66,68,68,67,69,69,69,69,69,65,65,62,62,59,59,59],"card_choices":[{"not_picked":["astrologer:SpaceDust","astrologer:Stardust"],"picked":"astrologer:StarOfRegret","floor":1.0},{"not_picked":["astrologer:CometStrike","astrologer:Eclipse"],"picked":"astrologer:Wish","floor":6.0},{"not_picked":["astrologer:SpaceDust","astrologer:MeteorShower"],"picked":"astrologer:Conjunction","floor":7.0},{"not_picked":["astrologer:ShootingStar","astrologer:Radiance"],"picked":"astrologer:Moonlight","floor":8.0},{"not_picked":["astrologer:Radiance","astrologer:Eclipse"],"picked":"astrologer:TheChariot","floor":10.0},{"not_picked":["astrologer:SolarFlare","astrologer:MeteorShower","astrologer:Still"],"picked":"Singing Bowl","floor":11.0},{"not_picked":["astrologer:Opposition","astrologer:Premeditation","astrologer:TheLovers"],"picked":"Singing Bowl","floor":13.0},{"not_picked":["astrologer:CometStrike","astrologer:FrozenStar","astrologer:Moonlight"],"picked":"Singing Bowl","floor":14.0},{"not_picked":["astrologer:Premonition","astrologer:WheelofFortune"],"picked":"astrologer:Trine","floor":16.0},{"not_picked":["astrologer:TheMoon","astrologer:Radiance"],"picked":"astrologer:ShiningStar","floor":18.0},{"not_picked":["astrologer:Cataclysm","astrologer:Prismatic"],"picked":"astrologer:Eclipse","floor":23.0}],"player_experience":934264,"relics_obtained":[{"floor":4.0,"key":"DemoMod:OrangeGuonStone"},{"floor":6.0,"key":"DemoMod:Orange"},{"floor":7.0,"key":"reliquary:SilkGlove"},{"floor":8.0,"key":"Singing Bowl"},{"floor":9.0,"key":"War Paint"},{"floor":11.0,"key":"Replay:Accelerometer"},{"floor":13.0,"key":"Vajra"},{"floor":14.0,"key":"Grinning Jar"},{"floor":23.0,"key":"reliquary:Sod"}],"event_choices":[],"is_beta":false,"boss_relics":[{"not_picked":["Busted Crown","Runesmith:UraniumAnvil"],"picked":"reliquary:KinkedSpring"}],"items_purged_floors":[22],"is_endless":false,"potions_floor_spawned":[7,13,16],"killed_by":"Gensokyo:Koishi","ascension_level":1}}