{"host":"bvp2uifzy1c463d9","time":1614456947,"event":{"mods":["AchievementEnabler","BaseMod","Better Note","Block Reminder","Bossed Relics","Colored Map","Colored Powertips","Hermit","Highlight Path","Hubris","Infinite Spire","Minty Spire (QoL Compilation)","Relic Sorter","Relic Stats","Reliquary","Replay The Spire","StSLib","The Blue Laboratory","Wandering Minibosses"],"gold_per_floor":[109,126,3,22,22,22,52,52,52,26,26,57,71,85,85,85,85],"floor_reached":16,"language":"ENG","playtime":536,"items_purged":[],"score":138,"play_id":"80bfb118-2539-4aff-94d3-94690f82349f","local_time":"20210227141547","is_ascension_mode":true,"campfire_choices":[{"data":"hermit:LoneWolf","floor":6,"key":"SMITH"},{"data":"infinitespire:FutureSight","floor":11,"key":"SMITH"},{"data":"hermit:HeroicBravado","floor":15,"key":"SMITH"}],"circlet_count":0,"master_deck":["hermit:Strike_Hermit","hermit:Strike_Hermit","hermit:Strike_Hermit","hermit:Strike_Hermit","hermit:Defend_Hermit","hermit:Defend_Hermit","hermit:Defend_Hermit","hermit:Defend_Hermit","hermit:Snapshot","hermit:Covet","hermit:HeroicBravado+1","hermit:LoneWolf+1","hermit:TrackingShot","hermit:GhostlyPresence","hermit:Headshot","hermit:Ricochet","hermit:Snipe","infinitespire:FutureSight+1","hermit:ItchyTrigger","hermit:Ricochet","hermit:CalledShot","hermit:Enervate"],"relics":["hermit:Momento","hubris:Icosahedron","Replay:Rubber Ducky","hubris:MobiusCoin","Lizard Tail"],"acts_visited":["Exordium"],"potions_floor_usage":[14,14],"damage_taken":[{"damage":0,"enemies":"Cultist","floor":1,"turns":4},{"damage":8,"enemies":"2 Louse","floor":2,"turns":2},{"damage":1,"enemies":"Jaw Worm","floor":4,"turns":2},{"damage":19,"enemies":"Gremlin Nob","floor":7,"turns":4},{"damage":21,"enemies":"3 Sentries","floor":12,"turns":7},{"damage":4,"enemies":"Blue Slaver","floor":13,"turns":3},{"damage":17,"enemies":"Exordium Thugs","floor":14,"turns":4},{"damage":31,"enemies":"The Guardian","floor":16,"turns":11}],"seed_played":"-6287674735244765343","potions_obtained":[{"floor":2,"key":"CultistPotion"},{"floor":7,"key":"Adrenaline Potion"}],"is_trial":false,"path_per_floor":["M","M","$","M","?","R","E","?","T","$","R","E","M","M","R","B"],"character_chosen":"HERMIT","items_purchased":["hermit:GhostlyPresence","hermit:Headshot","hermit:ItchyTrigger"],"campfire_rested":0,"item_purchase_floors":[3,3,10],"current_hp_per_floor":[75,67,67,66,66,66,47,30,30,30,30,9,5,31,31,0,0],"gold":85,"neow_bonus":"ONE_RANDOM_RARE_CARD","is_daily":false,"chose_seed":false,"campfire_upgraded":3,"win_rate":0.0,"timestamp":1614456947,"path_taken":["M","M","$","?","?","R","E","?","T","?","R","E","?","M","R","BOSS"],"items_purchased_type":["Card","Card","Card"],"build_version":"2020-12-22","purchased_purges":0,"victory":false,"max_hp_per_floor":[75,75,75,75,75,75,75,75,75,75,75,75,75,75,75,75,75],"relic_stats":{"Lizard Tail":37,"counters":[8,37],"obtain_stats":[{"hubris:MobiusCoin":9,"Lizard Tail":12,"hubris:Icosahedron":5,"hermit:Momento":0,"Replay:Rubber Ducky":7},{"hubris:MobiusCoin":4,"Lizard Tail":5,"hubris:Icosahedron":3,"hermit:Momento":0,"Replay:Rubber Ducky":4},{"hubris:MobiusCoin":12,"Lizard Tail":19,"hubris:Icosahedron":8,"hermit:Momento":0,"Replay:Rubber Ducky":12}]},"card_choices":[{"not_picked":["hermit:Ricochet","hermit:Headshot"],"picked":"hermit:LoneWolf","floor":1},{"not_picked":["hermit:CalledShot","hermit:Maintenance"],"picked":"hermit:TrackingShot","floor":2},{"not_picked":["hermit:HighCaliber","hermit:OverwhelmingPower"],"picked":"hermit:Ricochet","floor":4},{"not_picked":["hermit:BlackWind","hermit:PistolWhip"],"picked":"hermit:Snipe","floor":7},{"not_picked":["ReplayTheSpireMod:Echoes of Time","hubris:Rewind"],"picked":"infinitespire:FutureSight","floor":8},{"not_picked":["hermit:Shortfuse","hermit:Manifest"],"picked":"hermit:Ricochet","floor":12},{"not_picked":["hermit:Glare","hermit:WideOpen"],"picked":"hermit:CalledShot","floor":13},{"not_picked":["hermit:DeadMansHand","hermit:ItchyTrigger"],"picked":"hermit:Enervate","floor":14}],"player_experience":396225,"relics_obtained":[{"floor":7,"key":"Replay:Rubber Ducky"},{"floor":9,"key":"hubris:MobiusCoin"},{"floor":12,"key":"Lizard Tail"}],"event_choices":[],"is_beta":false,"boss_relics":[],"items_purged_floors":[],"is_endless":false,"potions_floor_spawned":[2,7],"killed_by":"The Guardian","ascension_level":5}}