{"host":"180gexyoiure5zz4","time":1614388807,"event":{"mods":["BaseMod","Minty Spire (QoL Compilation)"],"gold_per_floor":[13,13,13,38,54,54,229,229,254,128,141,210,253,267,267,267,267],"floor_reached":16,"language":"ENG","playtime":561,"items_purged":["Doubt"],"score":165,"play_id":"3a580348-b79a-487d-abff-c2336b734daf","local_time":"20210226202007","is_ascension_mode":true,"campfire_choices":[{"floor":6,"key":"RECALL"},{"data":"Shrug It Off","floor":8,"key":"SMITH"},{"floor":15,"key":"REST"}],"circlet_count":0,"master_deck":["Strike_R","Strike_R","Strike_R","Strike_R","Defend_R","Defend_R","Bash","Shrug It Off+1","Power Through","Armaments","Evolve"],"relics":["Burning Blood","Golden Idol","Charon\u0027s Ashes","Molten Egg 2"],"acts_visited":["Exordium"],"potions_floor_usage":[12,16],"damage_taken":[{"damage":9,"enemies":"2 Louse","floor":1,"turns":3},{"damage":0,"enemies":"Small Slimes","floor":4,"turns":4},{"damage":7,"enemies":"Jaw Worm","floor":5,"turns":3},{"damage":6,"enemies":"Blue Slaver","floor":11,"turns":4},{"damage":31,"enemies":"Lagavulin Event","floor":12,"turns":6},{"damage":6,"enemies":"3 Sentries","floor":13,"turns":8},{"damage":22,"enemies":"3 Louse","floor":14,"turns":4},{"damage":45,"enemies":"Hexaghost","floor":16,"turns":10}],"seed_played":"-8262558999185447333","potions_obtained":[{"floor":1,"key":"Block Potion"},{"floor":4,"key":"Dexterity Potion"},{"floor":11,"key":"Fire Potion"}],"is_trial":false,"path_per_floor":["M","?","?","M","M","R","?","R","T","$","M","?","E","M","R","B"],"character_chosen":"IRONCLAD","items_purchased":["Armaments"],"campfire_rested":1,"item_purchase_floors":[10],"current_hp_per_floor":[77,77,57,63,62,62,62,62,62,62,62,37,37,21,45,0,0],"gold":267,"neow_bonus":"REMOVE_TWO","is_daily":false,"chose_seed":false,"campfire_upgraded":1,"win_rate":0.0,"timestamp":1614388807,"path_taken":["M","?","?","M","M","R","?","R","T","$","?","?","E","M","R","BOSS"],"items_purchased_type":["Card"],"build_version":"2020-12-22","purchased_purges":1,"victory":false,"max_hp_per_floor":[80,80,80,80,80,80,80,80,80,80,80,80,80,80,80,80,80],"card_choices":[{"not_picked":["Bloodletting","Infernal Blade"],"picked":"Shrug It Off","floor":1},{"not_picked":["Iron Wave","Clash","Sword Boomerang"],"picked":"SKIP","floor":4},{"not_picked":["Body Slam","Clash"],"picked":"Power Through","floor":5},{"not_picked":["Dropkick","Blood for Blood","Armaments"],"picked":"SKIP","floor":11},{"not_picked":["Headbutt+1","Pommel Strike+1","Offering"],"picked":"SKIP","floor":13},{"not_picked":["Clash+1","Wild Strike+1"],"picked":"Evolve","floor":14}],"player_experience":340006,"relics_obtained":[{"floor":13,"key":"Molten Egg 2"}],"event_choices":[{"cards_removed":["Defend_R"],"damage_healed":0,"gold_gain":0,"player_choice":"Forget","damage_taken":0,"max_hp_gain":0,"max_hp_loss":0,"event_name":"Living Wall","floor":2,"gold_loss":0},{"damage_healed":0,"gold_gain":0,"player_choice":"Take Damage","damage_taken":20,"relics_obtained":["Golden Idol"],"max_hp_gain":0,"max_hp_loss":0,"event_name":"Golden Idol","floor":3,"gold_loss":0},{"damage_healed":0,"gold_gain":175,"player_choice":"AGREE","damage_taken":0,"max_hp_gain":0,"max_hp_loss":0,"event_name":"Liars Game","floor":7,"gold_loss":0,"cards_obtained":["Doubt"]},{"damage_healed":0,"gold_gain":0,"player_choice":"Searched \u00272\u0027 times","damage_taken":0,"relics_obtained":["Charon\u0027s Ashes"],"max_hp_gain":0,"max_hp_loss":0,"event_name":"Dead Adventurer","floor":12,"gold_loss":0}],"is_beta":false,"boss_relics":[],"items_purged_floors":[10],"is_endless":false,"potions_floor_spawned":[1,4,11],"killed_by":"Hexaghost","ascension_level":2}}