{"host":"ayh4nqhr0ddw4ozv","time":1614387160,"event":{"mods":["BaseMod","Minty Spire (QoL Compilation)","Relic Stats","Replay The Spire","Robot Space Explorer","StSLib"],"gold_per_floor":[126,151,175,21,21,21,68,94,94,54,84,84,128,162,162,168,168],"floor_reached":16,"language":"ENG","playtime":811,"items_purged":["Strike_R"],"score":213,"play_id":"4d81ff6d-c8bd-4bea-995f-35992f60966e","local_time":"20210226165240","is_ascension_mode":true,"campfire_choices":[{"data":"Inflame","floor":6,"key":"SMITH"},{"data":"Fiend Fire","floor":12,"key":"SMITH"},{"floor":15,"key":"REST"}],"circlet_count":0,"master_deck":["AscendersBane","Strike_R","Strike_R","Strike_R","Strike_R","Defend_R","Defend_R","Defend_R","Defend_R","Bash","Anger","Headbutt","Flame Barrier","Inflame+1","Battle Trance","Hemokinesis","Fiend Fire+1","Sword Boomerang","Bloodletting"],"relics":["Burning Blood","Replay:Bandana","StoneCalendar","Replay:Accelerometer","Quantum Egg"],"acts_visited":["Exordium"],"potions_floor_usage":[7,13,16,16,16,16],"damage_taken":[{"damage":25,"enemies":"Jaw Worm","floor":1,"turns":8},{"damage":2,"enemies":"Cultist","floor":2,"turns":4},{"damage":7,"enemies":"Small Slimes","floor":3,"turns":3},{"damage":24,"enemies":"Gremlin Nob","floor":7,"turns":4},{"damage":13,"enemies":"Red Slaver","floor":8,"turns":4},{"damage":9,"enemies":"Exordium Wildlife","floor":11,"turns":3},{"damage":8,"enemies":"3 Sentries","floor":13,"turns":5},{"damage":3,"enemies":"Blue Slaver","floor":14,"turns":2},{"damage":51,"enemies":"The Guardian","floor":16,"turns":10}],"seed_played":"2123645795623659264","potions_obtained":[{"floor":2,"key":"Venom Potion"},{"floor":10,"key":"Cursed Concoction"},{"floor":10,"key":"LiquidBronze"},{"floor":13,"key":"EntropicBrew"}],"is_trial":false,"path_per_floor":["M","M","M","$","?","R","E","M","T","?","M","R","E","M","R","B"],"character_chosen":"IRONCLAD","items_purchased":["Inflame"],"campfire_rested":1,"item_purchase_floors":[4],"current_hp_per_floor":[49,53,52,52,52,52,34,27,27,27,24,24,22,25,47,0,0],"gold":168,"neow_bonus":"RANDOM_COMMON_RELIC","is_daily":false,"chose_seed":false,"campfire_upgraded":2,"win_rate":0.0,"timestamp":1614387160,"path_taken":["M","M","M","$","?","R","E","?","T","?","M","R","E","M","R","BOSS"],"items_purchased_type":["Card"],"build_version":"2020-12-22","purchased_purges":1,"victory":false,"max_hp_per_floor":[75,75,75,75,75,75,75,75,75,75,75,75,75,75,75,75,75],"relic_stats":{"counters":[9,43],"StoneCalendar":[52],"obtain_stats":[{"Replay:Accelerometer":9,"Replay:Bandana":0,"Quantum Egg":13,"StoneCalendar":7,"Burning Blood":0},{"Replay:Accelerometer":5,"Replay:Bandana":0,"Quantum Egg":7,"StoneCalendar":4,"Burning Blood":0},{"Replay:Accelerometer":23,"Replay:Bandana":0,"Quantum Egg":31,"StoneCalendar":19,"Burning Blood":0}],"Burning Blood":48},"card_choices":[{"not_picked":["Flex","Iron Wave"],"picked":"Anger","floor":1},{"not_picked":["Wild Strike","Sword Boomerang"],"picked":"Headbutt","floor":2},{"not_picked":["Heavy Blade","Twin Strike"],"picked":"Flame Barrier","floor":3},{"not_picked":["Seeing Red","Heavy Blade"],"picked":"Battle Trance","floor":7},{"not_picked":["Wild Strike","Twin Strike"],"picked":"Hemokinesis","floor":8},{"not_picked":["Sword Boomerang","ReplayTheSpireMod:Muscle Training"],"picked":"Fiend Fire","floor":11},{"not_picked":["Pommel Strike","Dropkick"],"picked":"Sword Boomerang","floor":13},{"not_picked":["ReplayTheSpireMod:Strike From Hell","Iron Wave"],"picked":"Bloodletting","floor":14}],"player_experience":470048,"relics_obtained":[{"floor":7,"key":"StoneCalendar"},{"floor":9,"key":"Replay:Accelerometer"},{"floor":13,"key":"Quantum Egg"}],"event_choices":[{"damage_healed":0,"gold_gain":0,"player_choice":"0 cards matched","damage_taken":0,"max_hp_gain":0,"max_hp_loss":0,"event_name":"Match and Keep!","floor":5,"gold_loss":0,"cards_obtained":[]},{"damage_healed":0,"gold_gain":0,"player_choice":"Bought 3 Potions","damage_taken":0,"max_hp_gain":0,"max_hp_loss":0,"event_name":"The Woman in Blue","floor":10,"gold_loss":0}],"is_beta":false,"boss_relics":[],"items_purged_floors":[4],"is_endless":false,"potions_floor_spawned":[2,13],"killed_by":"The Guardian","ascension_level":18}}