{"host":"gk5m6v7zec9neb0j","time":1614397904,"event":{"mods":["AchievementEnabler","AlwaysNeverKeys","BaseMod","BetterRewards","Block Reminder","Minty Spire (QoL Compilation)","RNG Fix","Rare Cards Sparkle","Relic Stats","StSLib"],"gold_per_floor":[118,118,118,18,28,28,54,65,89,109,123,123,123,140,140,239,239,251,251,76,76,36,36,47,47,73,88,88,99,99,117,117,218,218,233,249,260,260,271,121,153,153,153,173,173,185,201,213,213,213,213,213,38,69,69],"floor_reached":56,"language":"ENG","playtime":2073,"items_purged":["Strike_R","Pain","Strike_R","Strike_R","Strike_R"],"score":1285,"play_id":"64b62025-53f8-42d1-9817-7f26ebe97461","local_time":"20210226225144","is_ascension_mode":false,"campfire_choices":[{"data":"Body Slam","floor":6.0,"key":"SMITH"},{"data":"Entrench","floor":13.0,"key":"SMITH"},{"floor":15.0,"key":"REST"},{"data":"Seeing Red","floor":23.0,"key":"SMITH"},{"data":"Battle Trance","floor":25.0,"key":"SMITH"},{"data":"Entrench","floor":32.0,"key":"SMITH"},{"data":"Entrench","floor":42,"key":"SMITH"},{"data":"Body Slam","floor":45,"key":"SMITH"},{"data":"Offering","floor":49,"key":"SMITH"},{"data":"Seeing Red","floor":52,"key":"SMITH"}],"circlet_count":0,"master_deck":["Strike_R","Defend_R","Defend_R","Defend_R","Defend_R","Bash+1","Entrench+1","Offering+1","Body Slam+1","Shrug It Off","Battle Trance+1","Seeing Red+1","Shrug It Off","Seeing Red+1","Body Slam+1","Entrench+1","True Grit+1","Entrench+1"],"relics":["Burning Blood","Orrery","WarpedTongs","Turnip","PreservedInsect","Runic Pyramid","Boot","SlaversCollar","Strawberry","Calipers","Art of War"],"acts_visited":["Exordium","TheCity","TheBeyond","TheEnding"],"potions_floor_usage":[41,50,50,55,55,55,55,55],"damage_taken":[{"damage":6.0,"enemies":"Cultist","floor":1.0,"turns":3.0},{"damage":2.0,"enemies":"Small Slimes","floor":5.0,"turns":4.0},{"damage":20.0,"enemies":"Gremlin Nob","floor":7.0,"turns":3.0},{"damage":0.0,"enemies":"2 Louse","floor":8.0,"turns":4.0},{"damage":6.0,"enemies":"Lots of Slimes","floor":10.0,"turns":4.0},{"damage":1.0,"enemies":"3 Louse","floor":11.0,"turns":3.0},{"damage":6.0,"enemies":"Exordium Thugs","floor":14.0,"turns":5.0},{"damage":17.0,"enemies":"Slime Boss","floor":16.0,"turns":14.0},{"damage":8.0,"enemies":"2 Thieves","floor":18.0,"turns":4.0},{"damage":0.0,"enemies":"Shell Parasite","floor":24.0,"turns":6.0},{"damage":0.0,"enemies":"Sentry and Sphere","floor":27.0,"turns":10.0},{"damage":6.0,"enemies":"3 Cultists","floor":29.0,"turns":7.0},{"damage":0.0,"enemies":"Snecko","floor":30.0,"turns":1.0},{"damage":3.0,"enemies":"Snake Plant","floor":31.0,"turns":3.0},{"damage":23.0,"enemies":"Champ","floor":33.0,"turns":12.0},{"damage":23.0,"enemies":"3 Darklings","floor":35.0,"turns":12.0},{"damage":5.0,"enemies":"Orb Walker","floor":36.0,"turns":3.0},{"damage":10.0,"enemies":"Writhing Mass","floor":37.0,"turns":5.0},{"damage":8,"enemies":"Spire Growth","floor":39,"turns":8},{"damage":6,"enemies":"Giant Head","floor":41,"turns":5},{"damage":6,"enemies":"4 Shapes","floor":44,"turns":6},{"damage":0,"enemies":"Writhing Mass","floor":46,"turns":4},{"damage":6,"enemies":"Sphere and 2 Shapes","floor":47,"turns":5},{"damage":6,"enemies":"3 Darklings","floor":48,"turns":6},{"damage":15,"enemies":"Awakened One","floor":50,"turns":7},{"damage":6,"enemies":"Shield and Spear","floor":54,"turns":3},{"damage":6,"enemies":"The Heart","floor":55,"turns":5}],"seed_played":"-2309315676132193371","potions_obtained":[{"floor":1.0,"key":"Ancient Potion"},{"floor":16.0,"key":"GamblersBrew"},{"floor":22.0,"key":"SmokeBomb"},{"floor":22.0,"key":"EntropicBrew"},{"floor":27.0,"key":"EntropicBrew"},{"floor":33.0,"key":"AttackPotion"},{"floor":37.0,"key":"Explosive Potion"},{"floor":39,"key":"Regen Potion"},{"floor":44,"key":"EssenceOfSteel"},{"floor":54,"key":"Block Potion"}],"is_trial":false,"path_per_floor":["M","?","?","$","M","R","E","M","T","M","M","?","R","M","R","B",null,"M","?","$","?","?","R","M","R","T","M","$","M","M","M","R","B",null,"M","M","M","$","M","$","E","R","T","M","R","M","M","M","R","B",null,"R","$","E","B",null],"character_chosen":"IRONCLAD","items_purchased":["Orrery","Shrug It Off"],"campfire_rested":1,"item_purchase_floors":[0,20],"current_hp_per_floor":[44,44,44,44,48,48,34,40,40,40,45,45,45,45,69,58,80,78,78,78,62,62,62,68,68,68,74,74,74,80,80,80,63,80,63,64,60,60,58,58,79,79,79,79,79,85,85,85,85,76,87,87,87,87,87],"gold":69,"neow_bonus":"","is_daily":false,"chose_seed":false,"campfire_upgraded":9,"win_rate":0.0,"timestamp":1614397904,"path_taken":["M","?","?","$","M","R","E","?","T","?","M","?","R","?","R","BOSS","M","?","$","?","?","R","M","R","T","M","$","M","M","M","R","BOSS","M","?","M","$","M","$","E","R","T","M","R","M","M","M","R","BOSS","R","$","E","BOSS"],"items_purchased_type":["Relic","Card"],"build_version":"2020-12-22","purchased_purges":5,"victory":true,"max_hp_per_floor":[80,80,80,80,80,80,80,80,80,80,80,80,80,80,80,80,80,80,80,80,80,80,80,80,80,80,80,80,80,80,80,80,80,80,80,80,80,80,80,80,87,87,87,87,87,87,87,87,87,87,87,87,87,87,87],"relic_stats":{"counters":[33,175],"Turnip":[26],"PreservedInsect":193,"Art of War":[1],"Boot":[4],"obtain_stats":[{"Calipers":43,"Dead Branch":0,"PreservedInsect":9,"Smiling Mask":9,"Boot":26,"Burning Blood":0,"WarpedTongs":3,"SlaversCollar":34,"Strawberry":41,"Orrery":0,"Turnip":7,"Art of War":54,"Runic Pyramid":17},{"Calipers":26,"Dead Branch":0,"PreservedInsect":10,"Smiling Mask":4,"Boot":16,"Burning Blood":0,"WarpedTongs":7,"SlaversCollar":21,"Strawberry":26,"Orrery":6,"Turnip":9,"Art of War":32,"Runic Pyramid":14},{"Calipers":139,"Dead Branch":0,"PreservedInsect":37,"Smiling Mask":19,"Boot":73,"Burning Blood":0,"WarpedTongs":26,"SlaversCollar":106,"Strawberry":139,"Orrery":23,"Turnip":33,"Art of War":170,"Runic Pyramid":63}],"Burning Blood":189,"WarpedTongs":[142]},"card_choices":[{"not_picked":["Pummel","Blood for Blood"],"picked":"Entrench","floor":0.0},{"not_picked":["Anger","Ghostly Armor"],"picked":"Offering","floor":0.0},{"not_picked":["Clash","Clothesline"],"picked":"Body Slam","floor":1.0},{"not_picked":["Dual Wield","Pommel Strike"],"picked":"Shrug It Off","floor":5.0},{"not_picked":["Reckless Charge","Limit Break","Thunderclap"],"picked":"SKIP","floor":7.0},{"not_picked":["Hemokinesis","True Grit","Sever Soul"],"picked":"SKIP","floor":8.0},{"not_picked":["Pommel Strike","Iron Wave"],"picked":"Battle Trance","floor":10.0},{"not_picked":["Heavy Blade","Thunderclap","Intimidate"],"picked":"SKIP","floor":11.0},{"not_picked":["Disarm","Sword Boomerang","Whirlwind"],"picked":"SKIP","floor":14.0},{"not_picked":["Body Slam","Armaments","Disarm"],"picked":"SKIP","floor":18.0},{"not_picked":["Sentinel+1","Armaments","Clothesline"],"picked":"SKIP","floor":24.0},{"not_picked":["Shrug It Off","Thunderclap+1"],"picked":"Seeing Red","floor":27.0},{"not_picked":["Evolve","Sentinel"],"picked":"Body Slam","floor":29.0},{"not_picked":["Wild Strike","Combust"],"picked":"Entrench","floor":31.0},{"not_picked":["Clothesline+1","Thunderclap"],"picked":"True Grit+1","floor":35.0},{"not_picked":["Armaments","Havoc"],"picked":"Entrench","floor":36.0},{"not_picked":["Metallicize+1","Shrug It Off+1","Shockwave+1"],"picked":"SKIP","floor":37.0},{"not_picked":["Shrug It Off+1","Headbutt+1","Double Tap"],"picked":"SKIP","floor":39},{"not_picked":["Clash","Iron Wave+1","Battle Trance+1"],"picked":"SKIP","floor":41},{"not_picked":["Anger+1","Fire Breathing+1","Infernal Blade+1"],"picked":"SKIP","floor":44},{"not_picked":["Anger+1","Fire Breathing+1","Infernal Blade+1"],"picked":"SKIP","floor":44},{"not_picked":["Heavy Blade","Dual Wield","Battle Trance+1"],"picked":"SKIP","floor":46},{"not_picked":["Shockwave+1","Clash","Warcry"],"picked":"SKIP","floor":47},{"not_picked":["Flex","Second Wind+1","Pommel Strike+1"],"picked":"SKIP","floor":48},{"not_picked":["Flex","Body Slam","Twin Strike"],"picked":"SKIP","floor":54},{"not_picked":["Flex","Body Slam","Twin Strike"],"picked":"SKIP","floor":54}],"player_experience":880337,"relics_obtained":[{"floor":7.0,"key":"Turnip"},{"floor":9.0,"key":"PreservedInsect"},{"floor":26.0,"key":"Boot"},{"floor":41,"key":"Strawberry"},{"floor":43,"key":"Calipers"},{"floor":54,"key":"Art of War"}],"event_choices":[{"damage_healed":0.0,"max_hp_gain":0.0,"max_hp_loss":0.0,"gold_gain":0.0,"event_name":"Upgrade Shrine","player_choice":"Upgraded","floor":2.0,"gold_loss":0.0,"damage_taken":0.0,"cards_upgraded":["Bash"]},{"damage_healed":0.0,"max_hp_gain":0.0,"max_hp_loss":0.0,"gold_gain":0.0,"event_name":"Accursed Blacksmith","player_choice":"Rummage","floor":3.0,"gold_loss":0.0,"damage_taken":0.0,"relics_obtained":["WarpedTongs"],"cards_obtained":["Pain"]},{"damage_healed":0.0,"max_hp_gain":0.0,"max_hp_loss":0.0,"gold_gain":0.0,"event_name":"Liars Game","player_choice":"Ignored","floor":12.0,"gold_loss":0.0,"damage_taken":0.0},{"damage_healed":0.0,"max_hp_gain":0.0,"max_hp_loss":0.0,"gold_gain":0.0,"event_name":"The Library","player_choice":"Read","floor":19.0,"gold_loss":0.0,"damage_taken":0.0,"cards_obtained":["Seeing Red"]},{"damage_healed":0.0,"max_hp_gain":0.0,"max_hp_loss":0.0,"gold_gain":0.0,"event_name":"Cursed Tome","player_choice":"Obtained Book","floor":21.0,"gold_loss":0.0,"damage_taken":16.0},{"damage_healed":0.0,"max_hp_gain":0.0,"max_hp_loss":0.0,"gold_gain":0.0,"event_name":"The Woman in Blue","player_choice":"Bought 3 Potions","floor":22.0,"gold_loss":0.0,"damage_taken":0.0}],"is_beta":false,"boss_relics":[{"not_picked":["Fusion Hammer","Busted Crown"],"picked":"Runic Pyramid"},{"not_picked":["Philosopher\u0027s Stone","Astrolabe"],"picked":"SlaversCollar"}],"items_purged_floors":[0,4,20,40,53],"is_endless":false,"potions_floor_spawned":[1,5,7,10,16,27,33,37,39,41,44,54],"ascension_level":0}}