{"host":"6wux4armhsntp4yb","time":1614401969,"event":{"mods":["BaseMod","Colored Map","DeckTracker","Minty Spire (QoL Compilation)","Relic Stats"],"gold_per_floor":[150,150,75,75,105,105,148,148,148,223,223,283,335,371,371,448,448,485,528,568,186,255,255,338,338,365,434,434,479,8,8,8,111,111,150,0,18,18,57,109,109,144,169,169,223,223,253,93,93,118,143,143,143,33,92,92,92],"floor_reached":56,"language":"JPN","playtime":5016,"items_purged":["Shame","Strike_G","Strike_G","Strike_G"],"score":2080,"play_id":"a3ee4c07-3d20-4c3f-8a6d-7f6acf995a4c","local_time":"20210227135929","is_ascension_mode":true,"campfire_choices":[{"data":"HandOfGreed","floor":6.0,"key":"SMITH"},{"data":"Well Laid Plans","floor":8.0,"key":"SMITH"},{"data":"Blade Dance","floor":11.0,"key":"SMITH"},{"data":"Leg Sweep","floor":15.0,"key":"SMITH"},{"data":"Envenom","floor":23.0,"key":"SMITH"},{"data":"Accuracy","floor":25.0,"key":"SMITH"},{"data":"Dagger Spray","floor":28.0,"key":"SMITH"},{"data":"Neutralize","floor":32.0,"key":"SMITH"},{"data":"After Image","floor":41.0,"key":"SMITH"},{"data":"Footwork","floor":46.0,"key":"SMITH"},{"floor":49.0,"key":"RECALL"},{"data":"Well Laid Plans","floor":53.0,"key":"SMITH"}],"circlet_count":0,"master_deck":["AscendersBane","Strike_G","Defend_G","Defend_G","Defend_G","Defend_G","Defend_G","Survivor","Neutralize+1","HandOfGreed+1","Dagger Spray+1","Neutralize","Leg Sweep+1","Well Laid Plans+1","Blade Dance+1","Blade Dance+1","Envenom+1","Acrobatics+1","Tactician+1","Backflip+1","Accuracy+1","Cloak And Dagger+1","Prepared+1","Prepared+1","PiercingWail+1","Panache+1","After Image+1","Footwork+1","Heel Hook+1","Cloak And Dagger+1","Malaise+1","Outmaneuver+1","Well Laid Plans+1","PiercingWail+1","Acrobatics+1","Expertise+1"],"relics":["Ring of the Snake","Ornamental Fan","Bag of Marbles","Toxic Egg 2","HoveringKite","Lee\u0027s Waffle","Art of War","Ancient Tea Set","OrangePellets","SlaversCollar","White Beast Statue","Ice Cream","Omamori","Pen Nib"],"acts_visited":["Exordium","TheCity","TheBeyond","TheEnding"],"potions_floor_usage":[56,56],"damage_taken":[{"damage":9.0,"enemies":"Small Slimes","floor":1.0,"turns":5.0},{"damage":5.0,"enemies":"Jaw Worm","floor":5.0,"turns":6.0},{"damage":1.0,"enemies":"Cultist","floor":7.0,"turns":5.0},{"damage":11.0,"enemies":"3 Sentries","floor":10.0,"turns":11.0},{"damage":0.0,"enemies":"Gremlin Gang","floor":12.0,"turns":5.0},{"damage":20.0,"enemies":"Lagavulin","floor":13.0,"turns":7.0},{"damage":0.0,"enemies":"Blue Slaver","floor":14.0,"turns":3.0},{"damage":9.0,"enemies":"The Guardian","floor":16.0,"turns":15.0},{"damage":4.0,"enemies":"Spheric Guardian","floor":18.0,"turns":9.0},{"damage":7.0,"enemies":"2 Thieves","floor":19.0,"turns":3.0},{"damage":24.0,"enemies":"Snecko","floor":20.0,"turns":5.0},{"damage":0.0,"enemies":"Cultist and Chosen","floor":22.0,"turns":4.0},{"damage":45.0,"enemies":"Slavers","floor":24.0,"turns":6.0},{"damage":1.0,"enemies":"Centurion and Healer","floor":27.0,"turns":5.0},{"damage":4.0,"enemies":"Sentry and Sphere","floor":29.0,"turns":4.0},{"damage":8.0,"enemies":"Champ","floor":33.0,"turns":6.0},{"damage":0.0,"enemies":"Orb Walker","floor":35.0,"turns":3.0},{"damage":0.0,"enemies":"3 Shapes","floor":37.0,"turns":3.0},{"damage":2.0,"enemies":"Spire Growth","floor":39.0,"turns":5.0},{"damage":0.0,"enemies":"Nemesis","floor":40.0,"turns":7.0},{"damage":8.0,"enemies":"Maw","floor":42.0,"turns":7.0},{"damage":0.0,"enemies":"Reptomancer","floor":45.0,"turns":3.0},{"damage":0.0,"enemies":"Giant Head","floor":47.0,"turns":4.0},{"damage":11.0,"enemies":"Awakened One","floor":50.0,"turns":14.0},{"damage":30.0,"enemies":"Donu and Deca","floor":51.0,"turns":14.0},{"damage":6.0,"enemies":"Shield and Spear","floor":55.0,"turns":6.0},{"damage":63,"enemies":"The Heart","floor":56,"turns":5}],"seed_played":"5218317593560968820","potions_obtained":[{"floor":5.0,"key":"AttackPotion"},{"floor":7.0,"key":"LiquidMemories"},{"floor":10.0,"key":"Fruit Juice"},{"floor":13.0,"key":"EssenceOfSteel"},{"floor":19.0,"key":"DuplicationPotion"},{"floor":20.0,"key":"BlessingOfTheForge"},{"floor":27.0,"key":"EssenceOfSteel"},{"floor":29.0,"key":"Swift Potion"},{"floor":39.0,"key":"GamblersBrew"},{"floor":42.0,"key":"AttackPotion"},{"floor":45.0,"key":"BlessingOfTheForge"},{"floor":47.0,"key":"EssenceOfSteel"},{"floor":55.0,"key":"CunningPotion"}],"is_trial":false,"path_per_floor":["M","?","$","?","M","R","M","R","T","E","R","M","E","M","R","B",null,"M","M","M","$","M","R","E","R","T","M","R","M","$","?","R","B",null,"M","$","M","?","M","E","R","M","T","?","E","R","E","$","R","B","B",null,"R","$","E","B"],"character_chosen":"THE_SILENT","items_purchased":["Lee\u0027s Waffle","Backflip+1","Accuracy","OrangePellets","Panache","Outmaneuver+1","Well Laid Plans","PiercingWail+1","Swift Potion","Acrobatics+1"],"campfire_rested":0,"item_purchase_floors":[21,21,21,30,30,48,48,48,54,54],"current_hp_per_floor":[50,50,50,50,45,45,44,44,44,33,33,33,13,13,13,4,51,47,40,21,78,78,78,33,33,33,32,32,28,28,28,28,20,64,64,64,64,64,62,62,62,54,54,54,54,54,54,54,54,43,13,62,62,62,56,0,0],"gold":92,"neow_bonus":"RANDOM_COLORLESS_2","is_daily":false,"chose_seed":false,"campfire_upgraded":11,"win_rate":0.0,"timestamp":1614401969,"path_taken":["M","?","$","?","?","R","M","R","T","E","R","M","E","M","R","BOSS","M","M","M","$","M","R","E","R","T","M","R","?","$","?","R","BOSS","M","$","?","?","M","E","R","?","T","?","E","R","E","$","R","BOSS","BOSS","R","$","E","BOSS"],"items_purchased_type":["Relic","Card","Card","Relic","Card","Card","Card","Card","Potion","Card"],"build_version":"2020-12-22","purchased_purges":4,"victory":false,"max_hp_per_floor":[66,66,66,66,66,66,66,66,66,66,66,66,66,66,66,66,66,66,66,71,78,78,78,78,78,78,78,78,78,78,78,78,78,78,78,78,78,78,78,78,78,78,78,78,78,78,78,78,78,78,78,78,78,78,78,78,78],"relic_stats":{"OrangePellets":[10],"Lee\u0027s Waffle":57,"counters":[27,170],"Ornamental Fan":[512],"HoveringKite":[62],"Pen Nib":[1],"Art of War":[6],"obtain_stats":[{"Ice Cream":45,"Lee\u0027s Waffle":21,"HoveringKite":17,"Pen Nib":55,"Omamori":47,"Ancient Tea Set":26,"White Beast Statue":40,"OrangePellets":30,"SlaversCollar":34,"Ornamental Fan":9,"Bag of Marbles":10,"Art of War":24,"Toxic Egg 2":13,"Ring of the Snake":0},{"Ice Cream":22,"Lee\u0027s Waffle":11,"HoveringKite":8,"Pen Nib":26,"Omamori":23,"Ancient Tea Set":13,"White Beast Statue":20,"OrangePellets":15,"SlaversCollar":16,"Ornamental Fan":3,"Bag of Marbles":4,"Art of War":13,"Toxic Egg 2":6,"Ring of the Snake":0},{"Ice Cream":127,"Lee\u0027s Waffle":74,"HoveringKite":57,"Pen Nib":165,"Omamori":131,"Ancient Tea Set":84,"White Beast Statue":117,"OrangePellets":93,"SlaversCollar":99,"Ornamental Fan":16,"Bag of Marbles":27,"Art of War":84,"Toxic Egg 2":39,"Ring of the Snake":0}],"Ring of the Snake":[54]},"card_choices":[{"not_picked":["Sadistic Nature","Thinking Ahead"],"picked":"HandOfGreed","floor":0.0},{"not_picked":["Deadly Poison","Sucker Punch"],"picked":"Dagger Spray","floor":1.0},{"not_picked":["Terror","Bane"],"picked":"Well Laid Plans","floor":5.0},{"not_picked":["Flying Knee","Cloak And Dagger","Prepared"],"picked":"SKIP","floor":7.0},{"not_picked":["Dagger Throw","Unload"],"picked":"Blade Dance","floor":10.0},{"not_picked":["Sucker Punch","Quick Slash","Bane"],"picked":"SKIP","floor":12.0},{"not_picked":["Deflect+1","Endless Agony"],"picked":"Blade Dance+1","floor":13.0},{"not_picked":["Poisoned Stab","Slice","Infinite Blades"],"picked":"SKIP","floor":14.0},{"not_picked":["Poisoned Stab","Slice","Infinite Blades"],"picked":"SKIP","floor":14.0},{"not_picked":["Die Die Die","Night Terror+1"],"picked":"Envenom","floor":16.0},{"not_picked":["Backflip+1","Reflex+1"],"picked":"Acrobatics+1","floor":18.0},{"not_picked":["Poisoned Stab","Heel Hook"],"picked":"Tactician+1","floor":19.0},{"not_picked":["Bane","Masterful Stab","Underhanded Strike"],"picked":"SKIP","floor":20.0},{"not_picked":["Caltrops","Masterful Stab"],"picked":"Cloak And Dagger+1","floor":22.0},{"not_picked":["Leg Sweep+1","Backflip+1"],"picked":"Prepared+1","floor":24.0},{"not_picked":["Endless Agony","Caltrops+1"],"picked":"Prepared+1","floor":27.0},{"not_picked":["All Out Attack","Sucker Punch+1"],"picked":"PiercingWail+1","floor":29.0},{"not_picked":["Wraith Form v2","Tools of the Trade"],"picked":"After Image","floor":33.0},{"not_picked":["Underhanded Strike","Blade Dance+1","Sucker Punch+1"],"picked":"SKIP","floor":35.0},{"not_picked":["Underhanded Strike","Expertise+1","Deflect+1"],"picked":"SKIP","floor":37.0},{"not_picked":["Skewer+1","Flying Knee"],"picked":"Footwork","floor":39.0},{"not_picked":["Deadly Poison+1","Crippling Poison+1"],"picked":"Heel Hook+1","floor":40.0},{"not_picked":["Dagger Throw+1","Noxious Fumes","Deadly Poison+1"],"picked":"SKIP","floor":42.0},{"not_picked":["Deflect+1","Poisoned Stab+1"],"picked":"Cloak And Dagger+1","floor":45.0},{"not_picked":["Slice","Die Die Die"],"picked":"Malaise+1","floor":47.0},{"not_picked":["Quick Slash","Crippling Poison+1"],"picked":"Expertise+1","floor":55.0}],"player_experience":5950367,"relics_obtained":[{"floor":9.0,"key":"Ornamental Fan"},{"floor":10.0,"key":"Bag of Marbles"},{"floor":13.0,"key":"Toxic Egg 2"},{"floor":24.0,"key":"Art of War"},{"floor":26.0,"key":"Ancient Tea Set"},{"floor":40.0,"key":"White Beast Statue"},{"floor":45.0,"key":"Ice Cream"},{"floor":47.0,"key":"Omamori"},{"floor":55.0,"key":"Pen Nib"}],"event_choices":[{"damage_healed":0.0,"max_hp_gain":0.0,"max_hp_loss":0.0,"gold_gain":0.0,"event_name":"Shining Light","player_choice":"Ignored","floor":2.0,"gold_loss":0.0,"damage_taken":0.0},{"damage_healed":0.0,"max_hp_gain":0.0,"max_hp_loss":0.0,"gold_gain":0.0,"event_name":"Match and Keep!","player_choice":"2 cards matched","floor":4.0,"gold_loss":0.0,"damage_taken":0.0,"cards_obtained":["Neutralize","Leg Sweep"]},{"damage_healed":0.0,"max_hp_gain":0.0,"max_hp_loss":0.0,"gold_gain":0.0,"event_name":"Upgrade Shrine","player_choice":"Upgraded","floor":31.0,"gold_loss":0.0,"damage_taken":0.0,"cards_upgraded":["Panache"]},{"cards_removed":["Strike_G"],"damage_healed":0.0,"max_hp_gain":0.0,"max_hp_loss":0.0,"gold_gain":0.0,"event_name":"Purifier","player_choice":"Purged","floor":38.0,"gold_loss":0.0,"damage_taken":0.0},{"damage_healed":0.0,"max_hp_gain":0.0,"max_hp_loss":0.0,"gold_gain":0.0,"event_name":"SecretPortal","player_choice":"Ignored","floor":44.0,"gold_loss":0.0,"damage_taken":0.0}],"is_beta":false,"boss_relics":[{"not_picked":["Fusion Hammer","Runic Pyramid"],"picked":"HoveringKite"},{"not_picked":["Snecko Eye","Busted Crown"],"picked":"SlaversCollar"}],"items_purged_floors":[3,21,30,36],"is_endless":false,"potions_floor_spawned":[5,7,10,13,19,20,27,29,39,42,45,47,55],"killed_by":"The Heart","ascension_level":20}}