{"host":"cejauax78at8p0kw","time":1614434861,"event":{"mods":["2.2 Compatiblity","AlwaysNeverKeys","BaseMod","Colored Map","Disable Question Mark Monsters","Energized Spire","GifTheSpireLib","Gold Saver","Minty Spire (QoL Compilation)","Permanent Neow","Rare Cards Sparkle","Remove Card Discount Mod","Spicy Shops","StSLib","Stuff the Spire","SuperFastMode"],"gold_per_floor":[819,830,267,287,287,321,20,55,55,55,75,35,54,67,67,166,166,181,198,113,163,182,182,212,212,212,230,243,243,263,294,294,393,393,409,409,424,37,52,52,72,72,72,89,89,105,105,67,67,67,67,67,67,93,93,93],"floor_reached":55,"language":"ENG","playtime":2754,"items_purged":["Regret","Strike_G","Defend_G","Strike_G","Strike_G","Strike_G","Decay","Clumsy","Defend_G","Strike_G","Expertise","Slice","Parasite"],"score":1009,"play_id":"78ea9da1-ebf0-43f4-acf6-f5a4c3aef2e8","local_time":"20210227060741","is_ascension_mode":true,"campfire_choices":[{"floor":15,"key":"REST"},{"data":"Doppelganger","floor":23,"key":"SMITH"},{"floor":25,"key":"REST"},{"floor":32,"key":"REST"},{"data":"Noxious Fumes","floor":40,"key":"SMITH"},{"data":"Noxious Fumes","floor":42,"key":"SMITH"},{"data":"Backflip","floor":45,"key":"SMITH"},{"floor":47,"key":"REST"},{"data":"Leg Sweep","floor":49,"key":"SMITH"},{"data":"Caltrops","floor":52,"key":"SMITH"}],"circlet_count":0,"master_deck":["Defend_G","Defend_G","Defend_G","Survivor","Neutralize+1","Crippling Poison","Caltrops+1","Magnetism","Deadly Poison","Dash","Deadly Poison","Blur","Backflip+1","StuffTheSpire:BrimstoneBlast","Doppelganger+1","Cloak And Dagger","Quick Slash+1","Deflect+1","Outmaneuver","Backflip","Corpse Explosion","Dodge and Roll","Noxious Fumes+1","Noxious Fumes+1","PiercingWail+1","PiercingWail+1","Poisoned Stab+1","Leg Sweep+1","Acrobatics"],"relics":["Ring of the Snake","StuffTheSpire:HeavyRock","StuffTheSpire:BottledEssence","StuffTheSpire:RedRose","Lantern","ClockworkSouvenir","Pantograph","Matryoshka","energizedSpire:DeadBattery","MealTicket","Orichalcum","Centennial Puzzle","Meat on the Bone","Bottled Tornado","energizedSpire:HighHeels","Snake Skull","DollysMirror","Vajra","StrikeDummy","StuffTheSpire:WitherSkull"],"acts_visited":["Exordium","TheCity","TheBeyond","TheEnding"],"potions_floor_usage":[11,16,24,33,33,44,50,50,50],"damage_taken":[{"damage":0.0,"enemies":"Small Slimes","floor":1.0,"turns":4.0},{"damage":1.0,"enemies":"Jaw Worm","floor":2.0,"turns":3.0},{"damage":0.0,"enemies":"Cultist","floor":4.0,"turns":4.0},{"damage":47.0,"enemies":"Gremlin Nob","floor":6.0,"turns":5.0},{"damage":9,"enemies":"Lagavulin","floor":8,"turns":5},{"damage":0,"enemies":"3 Louse","floor":11,"turns":3},{"damage":0,"enemies":"2 Fungi Beasts","floor":13,"turns":2},{"damage":0,"enemies":"Red Slaver","floor":14,"turns":4},{"damage":39,"enemies":"Slime Boss","floor":16,"turns":11},{"damage":0,"enemies":"Chosen","floor":18,"turns":4},{"damage":2,"enemies":"Spheric Guardian","floor":19,"turns":4},{"damage":10,"enemies":"Shelled Parasite and Fungi","floor":22,"turns":5},{"damage":29,"enemies":"Gremlin Leader","floor":24,"turns":6},{"damage":0,"enemies":"Snecko","floor":27,"turns":4},{"damage":3,"enemies":"Centurion and Healer","floor":28,"turns":4},{"damage":7,"enemies":"Cultist and Chosen","floor":30,"turns":5},{"damage":8,"enemies":"Book of Stabbing","floor":31,"turns":6},{"damage":25,"enemies":"Champ","floor":33,"turns":11},{"damage":3,"enemies":"3 Darklings","floor":35,"turns":3},{"damage":2,"enemies":"3 Shapes","floor":37,"turns":4},{"damage":0,"enemies":"3 Darklings","floor":39,"turns":4},{"damage":20,"enemies":"Spire Growth","floor":41,"turns":6},{"damage":0,"enemies":"Writhing Mass","floor":44,"turns":5},{"damage":30,"enemies":"Jaw Worm Horde","floor":46,"turns":2},{"damage":51,"enemies":"Awakened One","floor":50,"turns":13},{"damage":62,"enemies":"Shield and Spear","floor":54,"turns":5},{"damage":47,"enemies":"The Heart","floor":55,"turns":4}],"seed_played":"-5317976608821986024","potions_obtained":[{"floor":1.0,"key":"Weak Potion"},{"floor":2.0,"key":"Weak Potion"},{"floor":11,"key":"Swift Potion"},{"floor":14,"key":"ColorlessPotion"},{"floor":19,"key":"Weak Potion"},{"floor":28,"key":"CunningPotion"},{"floor":30,"key":"Strength Potion"},{"floor":33,"key":"Explosive Potion"},{"floor":35,"key":"Swift Potion"},{"floor":46,"key":"PowerPotion"}],"is_trial":false,"path_per_floor":["M","M","$","M","?","E","$","E","T","?","M","$","M","M","R","B",null,"M","M","?","?","M","R","E","R","T","M","M","?","M","E","R","B",null,"M","?","M","$","M","R","M","R","T","M","R","M","R","$","R","B",null,"R","$","E","B"],"character_chosen":"THE_SILENT","items_purchased":["Caltrops","StuffTheSpire:HeavyRock","Magnetism","StuffTheSpire:BottledEssence","Deadly Poison","ClockworkSouvenir","Blur","Noxious Fumes","Snake Skull","DollysMirror","Leg Sweep"],"campfire_rested":4,"item_purchase_floors":[3,3,3,3,7,7,12,38,38,38,48],"current_hp_per_floor":[63,62,62,62,62,15,15,6,6,6,6,6,6,6,27,13,56,56,54,54,54,44,44,15,36,36,36,45,32,37,41,63,50,69,66,66,64,75,75,75,55,55,55,55,55,37,59,72,72,33,62,62,72,22,0,0],"gold":93,"neow_bonus":"UPGRADE_CARD","is_daily":false,"chose_seed":false,"campfire_upgraded":6,"win_rate":0.0,"timestamp":1614434861,"path_taken":["M","M","$","M","?","E","$","E","T","?","M","?","M","M","R","BOSS","M","M","?","?","M","R","E","R","T","?","M","?","M","E","R","BOSS","M","?","M","$","?","R","M","R","T","?","R","M","R","$","R","BOSS","R","$","E","BOSS"],"items_purchased_type":["Card","Relic","Card","Relic","Card","Relic","Card","Card","Relic","Relic","Card"],"build_version":"2020-12-22","purchased_purges":13,"victory":false,"max_hp_per_floor":[70,70,70,70,70,70,70,70,70,70,70,70,70,70,70,70,70,70,70,70,70,70,70,70,70,70,70,70,75,75,75,75,75,75,75,75,75,75,75,75,75,75,75,75,75,75,75,72,72,72,72,72,72,72,72,72],"card_choices":[{"not_picked":["Concentrate","Prepared"],"picked":"Slice","floor":1.0},{"not_picked":["StuffTheSpire:Incantation","Infinite Blades"],"picked":"Crippling Poison","floor":2.0},{"not_picked":["StuffTheSpire:Incantation","Deflect","Prepared"],"picked":"SKIP","floor":4.0},{"not_picked":["Flying Knee","Riddle With Holes"],"picked":"Expertise","floor":6.0},{"not_picked":["Dodge and Roll","Deadly Poison"],"picked":"Dash","floor":8},{"not_picked":["Sucker Punch","StuffTheSpire:Injection"],"picked":"Deadly Poison","floor":11},{"not_picked":["Caltrops","Die Die Die"],"picked":"Backflip","floor":13},{"not_picked":["Caltrops","Catalyst"],"picked":"StuffTheSpire:BrimstoneBlast","floor":14},{"not_picked":["Burst","Venomology"],"picked":"Doppelganger","floor":16},{"not_picked":["Predator","Setup"],"picked":"Cloak And Dagger","floor":18},{"not_picked":["Choke","Underhanded Strike","Prepared"],"picked":"SKIP","floor":19},{"not_picked":["Cloak And Dagger","Prepared"],"picked":"Quick Slash+1","floor":22},{"not_picked":["Deadly Poison","Riddle With Holes"],"picked":"Deflect+1","floor":24},{"not_picked":["Calculated Gamble","Bane+1"],"picked":"Outmaneuver","floor":27},{"not_picked":["Dagger Throw","StuffTheSpire:Shiver","StuffTheSpire:BumpUp+1"],"picked":"SKIP","floor":28},{"not_picked":["All Out Attack","StuffTheSpire:Shiver","Quick Slash"],"picked":"SKIP","floor":30},{"not_picked":["Caltrops","All Out Attack+1"],"picked":"Backflip","floor":31},{"not_picked":["Envenom","Doppelganger"],"picked":"Corpse Explosion","floor":33},{"not_picked":["StuffTheSpire:Incursion","Masterful Stab","StuffTheSpire:Python+1"],"picked":"SKIP","floor":35},{"not_picked":["Tactician","StuffTheSpire:BumpUp"],"picked":"Dodge and Roll","floor":37},{"not_picked":["Deadly Poison+1","Deflect+1"],"picked":"PiercingWail+1","floor":39},{"not_picked":["Infinite Blades+1","Calculated Gamble"],"picked":"PiercingWail+1","floor":41},{"not_picked":["StuffTheSpire:Injection+1","Flying Knee"],"picked":"Poisoned Stab+1","floor":44},{"not_picked":["Dagger Throw","Dagger Spray","Prepared"],"picked":"SKIP","floor":46},{"not_picked":["Tools of the Trade","Expertise"],"picked":"Acrobatics","floor":54}],"player_experience":807173,"relics_obtained":[{"floor":6.0,"key":"Lantern"},{"floor":8,"key":"Pantograph"},{"floor":9,"key":"Matryoshka"},{"floor":24,"key":"Orichalcum"},{"floor":26,"key":"Centennial Puzzle"},{"floor":26,"key":"Meat on the Bone"},{"floor":31,"key":"Bottled Tornado"},{"floor":43,"key":"Vajra"},{"floor":43,"key":"StrikeDummy"},{"floor":54,"key":"StuffTheSpire:WitherSkull"}],"event_choices":[{"damage_healed":0,"gold_gain":0,"player_choice":"Ignored","damage_taken":0,"max_hp_gain":0,"max_hp_loss":0,"event_name":"Liars Game","floor":10,"gold_loss":0},{"damage_healed":0,"gold_gain":0,"player_choice":"Obtained Relic","damage_taken":0,"relics_obtained":["MealTicket"],"max_hp_gain":0,"max_hp_loss":0,"event_name":"Addict","floor":20,"gold_loss":85},{"damage_healed":0,"gold_gain":100,"player_choice":"Bet on Murderer","damage_taken":0,"max_hp_gain":0,"max_hp_loss":0,"event_name":"The Joust","floor":21,"gold_loss":50},{"damage_healed":0,"gold_gain":0,"player_choice":"Shed Blood","damage_taken":18,"max_hp_gain":5,"max_hp_loss":0,"event_name":"Forgotten Altar","floor":29,"gold_loss":0},{"damage_healed":0,"gold_gain":0,"player_choice":"Cursed","damage_taken":0,"max_hp_gain":0,"max_hp_loss":0,"event_name":"Wheel of Change","floor":36,"gold_loss":0,"cards_obtained":["Decay"]}],"is_beta":false,"boss_relics":[{"not_picked":["energizedSpire:EnergizedDie","StuffTheSpire:RunicHypercube"],"picked":"energizedSpire:DeadBattery"},{"not_picked":["WristBlade","Pandora\u0027s Box"],"picked":"energizedSpire:HighHeels"}],"items_purged_floors":[7,7,7,7,12,12,38,38,38,38,38,48,48],"is_endless":false,"potions_floor_spawned":[1,2,11,14,19,28,30,33,35,41,46],"killed_by":"The Heart","ascension_level":9}}