{"host":"liwj66r6jjqhm4vi","time":1614413575,"event":{"mods":["BaseMod","Colored Map","Downfall","Minty Spire (QoL Compilation)","StSLib"],"gold_per_floor":[99,199,299,299,23,38,61,61,87,101,1,30,30,43,54,151,151,51,64,64,84,94,121,190,216,234,265,276,276,276,287,303,402,402,402,417,417,428,442,442,442,454,474,502,45,45,45,45,58,58],"floor_reached":51,"language":"ENG","playtime":4531,"items_purged":["hexamod:GhostOfSpirePresent+1"],"score":799,"play_id":"74a714c0-bdd8-4e88-8ba4-1827935f99ad","local_time":"20210227031255","is_ascension_mode":false,"campfire_choices":[{"data":"hexamod:Float","floor":1.0,"key":"SMITH"},{"data":"hexamod:HeatCrush","floor":8.0,"key":"SMITH"},{"data":"expansioncontent:QuickStudy","floor":11.0,"key":"SMITH"},{"floor":13.0,"key":"RECALL"},{"data":"hexamod:TimeOfNeed","floor":18.0,"key":"SMITH"},{"data":"hexamod:GhostOfSpirePresent","floor":29.0,"key":"SMITH"},{"data":"hexamod:GhostOfSpirePast","floor":35,"key":"SMITH"},{"data":"hexamod:GhostflameBarrier","floor":40,"key":"SMITH"}],"circlet_count":0,"master_deck":["hexamod:Defend","hexamod:Defend","hexamod:Defend","hexamod:Sear+1","hexamod:Float+1","Iron Wave+1","hexamod:SwordOfDarkness+1","expansioncontent:QuickStudy+1","hexamod:HeatCrush+1","hexamod:NightmareStrike+1","hexamod:AdvancingGuard+1","hexamod:GhostOfSpirePast+1","hexamod:UnleashSpirits","hexamod:NightmareGuise","hexamod:TimeOfNeed+1","CurseOfTheBell","hexamod:BacktrackSmack+1","Slimebound:Tackle+1","Slimebound:Tackle+1","Slimebound:Tackle+1","hexamod:GhostShield","hexamod:NightmareStrike","hexamod:NightmareGuise+1","hexamod:BurningTouch+1","hexamod:SixthSeal","hexamod:NecessarySacrifice+1","hexamod:BacktrackSmack+1","hexamod:EtherealExpedition","hexamod:HeatShield+1","hexamod:Hexaguard","hexamod:GhostflameBarrier+1","hexamod:BacktrackSmack","hexamod:TimeWarp","hexamod:GhostOfSpirePast"],"relics":["Coffee Dripper","Orichalcum","Centennial Puzzle","downfall:HeartBlessingGreen","PreservedInsect","Calling Bell","Ancient Tea Set","Question Card","Pocketwatch","downfall:HeartBlessingRed","Shuriken","Sundial","Darkstone Periapt","Prayer Wheel","SlaversCollar","Toxic Egg 2","Strange Spoon","Potion Belt","hexamod:MatchstickCase","Gambling Chip"],"acts_visited":["Exordium","TheCity","TheBeyond"],"potions_floor_usage":[33,38,45],"damage_taken":[{"damage":5.0,"enemies":"downfall:FleeingMerchant","floor":5.0,"turns":4.0},{"damage":1.0,"enemies":"Jaw Worm","floor":6.0,"turns":3.0},{"damage":15.0,"enemies":"Lagavulin","floor":9.0,"turns":4.0},{"damage":0.0,"enemies":"2 Louse","floor":10.0,"turns":1.0},{"damage":0.0,"enemies":"Gremlin Nob","floor":12.0,"turns":3.0},{"damage":0.0,"enemies":"Cultist","floor":14.0,"turns":2.0},{"damage":0.0,"enemies":"Exordium Wildlife","floor":15.0,"turns":1.0},{"damage":14.0,"enemies":"IC_STATUS_ARCHETYPE","floor":16.0,"turns":6.0},{"damage":0.0,"enemies":"Spheric Guardian","floor":19.0,"turns":3.0},{"damage":1.0,"enemies":"Shell Parasite","floor":21.0,"turns":3.0},{"damage":0.0,"enemies":"Centurion and Healer","floor":22.0,"turns":3.0},{"damage":3.0,"enemies":"Gremlin Leader","floor":23.0,"turns":4.0},{"damage":17.0,"enemies":"Slavers","floor":25.0,"turns":3.0},{"damage":12.0,"enemies":"Snake Plant","floor":26.0,"turns":3.0},{"damage":6.0,"enemies":"Book of Stabbing","floor":27.0,"turns":4.0},{"damage":0.0,"enemies":"Cultist and Chosen","floor":28.0,"turns":5.0},{"damage":6,"enemies":"Shelled Parasite and Fungi","floor":31,"turns":4},{"damage":0,"enemies":"Chosen and Byrds","floor":32,"turns":5},{"damage":23,"enemies":"WA_ARCHETYPE_CALM","floor":33,"turns":10},{"damage":5,"enemies":"Orb Walker","floor":36,"turns":3},{"damage":0,"enemies":"3 Shapes","floor":38,"turns":3},{"damage":12,"enemies":"Sphere and 2 Shapes","floor":39,"turns":7},{"damage":18,"enemies":"3 Darklings","floor":42,"turns":4},{"damage":16,"enemies":"Spire Growth","floor":43,"turns":4},{"damage":3,"enemies":"Giant Head","floor":44,"turns":4},{"damage":0,"enemies":"downfall:FleeingMerchant","floor":45,"turns":4},{"damage":4,"enemies":"Jaw Worm Horde","floor":49,"turns":3},{"damage":4,"enemies":"SI_POISON_ARCHETYPE","floor":50,"turns":7}],"seed_played":"8835821272861696945","potions_obtained":[{"floor":9.0,"key":"Swift Potion"},{"floor":10.0,"key":"PowerPotion"},{"floor":14.0,"key":"LiquidMemories"},{"floor":23.0,"key":"hexamod:DoubleChargePotion"},{"floor":36,"key":"SpeedPotion"},{"floor":38,"key":"EntropicBrew"},{"floor":43,"key":"Guardian:BlockOnCardUsePotion"},{"floor":49,"key":"ColorlessPotion"}],"is_trial":false,"path_per_floor":["R","?","?","?","$","M","T","R","E","M","R","E","R","M","M","B",null,"R","M","?","M","M","E","T","E","M","E","M","R","?","M","M","B",null,"R","M","?","M","M","R","T","M","M","E","$","?","?","?","M","B",null],"character_chosen":"THE_SPIRIT","items_purchased":["expansioncontent:QuickStudy","hexamod:HeatCrush","Strange Spoon","Potion Belt","Regen Potion","hexamod:MatchstickCase","hexamod:GhostOfSpirePast","FearPotion","SkillPotion"],"campfire_rested":0,"item_purchase_floors":[5,5,45,45,45,45,45,45,45],"current_hp_per_floor":[70,70,70,70,65,64,64,64,49,49,49,49,49,49,49,35,70,70,70,70,69,69,66,66,49,37,31,31,31,31,35,35,12,70,70,65,65,65,53,53,53,35,19,16,16,61,61,61,57,53],"gold":58,"neow_bonus":"BOSS_RELIC","is_daily":false,"chose_seed":false,"campfire_upgraded":7,"win_rate":0.0,"timestamp":1614413575,"path_taken":["R","?","?","?","$","M","T","R","E","?","R","E","R","M","M","BOSS","R","M","?","M","M","E","T","E","M","E","M","R","?","M","M","BOSS","R","M","?","?","M","R","T","M","M","E","$","?","?","?","M","BOSS"],"items_purchased_type":["Card","Card","Relic","Relic","Potion","Relic","Card","Potion","Potion"],"build_version":"2020-12-22","purchased_purges":1,"victory":true,"max_hp_per_floor":[70,70,70,70,70,70,70,70,70,70,70,70,70,70,70,70,70,70,70,70,70,70,70,70,70,70,70,70,70,70,70,70,70,70,70,70,70,70,70,70,70,70,70,70,70,61,61,61,61,61],"card_choices":[{"not_picked":["hexamod:FlamesFromBeyond","hexamod:SpectralAdrenaline"],"picked":"hexamod:SwordOfDarkness","floor":5.0},{"not_picked":["hexamod:InspiringFlames","hexamod:AdvancingGuard"],"picked":"hexamod:NightmareStrike","floor":6.0},{"not_picked":["hexamod:InspiringFlames","hexamod:FlamesFromBeyond","hexamod:SwordOfDarkness"],"picked":"SKIP","floor":9.0},{"not_picked":["hexamod:HeatMetal","hexamod:SpectersWail"],"picked":"hexamod:AdvancingGuard","floor":10.0},{"not_picked":["hexamod:PowerFromBeyond","hexamod:RetreatToShadows"],"picked":"hexamod:GhostOfSpirePast","floor":12.0},{"not_picked":["hexamod:BurningTouch","hexamod:GhostShield"],"picked":"hexamod:UnleashSpirits","floor":14.0},{"not_picked":["hexamod:PhantomFireball","hexamod:Hexaguard"],"picked":"hexamod:NightmareGuise","floor":15.0},{"not_picked":["hexamod:UnleashSpirits","hexamod:WildfireWeapon"],"picked":"hexamod:TimeOfNeed","floor":16.0},{"not_picked":["hexamod:RainOfEmbers","hexamod:GhostOfSpireFuture","hexamod:FastForward"],"picked":"hexamod:BacktrackSmack+1","floor":19.0},{"not_picked":["hexamod:NecessarySacrifice","hexamod:HeatMetal","hexamod:PhantomCloak"],"picked":"hexamod:GhostShield","floor":21.0},{"not_picked":["hexamod:PhantomCloak","hexamod:AdvancingGuard+1","hexamod:PhantomFireball","hexamod:SkipABeat"],"picked":"SKIP","floor":22.0},{"not_picked":["hexamod:Again+1","hexamod:SpectersWail","hexamod:NecessarySacrifice"],"picked":"hexamod:NightmareStrike","floor":23.0},{"not_picked":["hexamod:ThermalTransfer","hexamod:SecondSeal","hexamod:NightmareGuise"],"picked":"hexamod:GhostOfSpirePresent","floor":25.0},{"not_picked":["hexamod:Hexaguard","hexamod:Incineration","hexamod:HeatMetal+1"],"picked":"hexamod:NightmareGuise","floor":26.0},{"not_picked":["hexamod:AdvancingGuard","hexamod:HexaLevel","hexamod:EmpoweredFlame","hexamod:RadiantFlame"],"picked":"SKIP","floor":27.0},{"not_picked":["hexamod:HauntingEcho","hexamod:Again","hexamod:SwordOfDarkness+1"],"picked":"hexamod:BurningTouch+1","floor":28.0},{"not_picked":["hexamod:StepThrough","hexamod:RetreatToShadows","hexamod:EmpoweredFlame","hexamod:SpectersWail"],"picked":"SKIP","floor":28.0},{"not_picked":["hexamod:SpectralAdrenaline","hexamod:BurningTouch","hexamod:AdvancingGuard","hexamod:BacktrackSmack"],"picked":"SKIP","floor":31},{"not_picked":["hexamod:HauntingEcho","hexamod:RadiantFlame","hexamod:Haunt","hexamod:ShieldOfDarkness"],"picked":"SKIP","floor":31},{"not_picked":["hexamod:AdvancingGuard","hexamod:GhostflameBarrier","hexamod:SpectralAdrenaline"],"picked":"hexamod:SixthSeal","floor":32},{"not_picked":["hexamod:ShieldOfDarkness+1","hexamod:FlamesFromBeyond","hexamod:BacktrackSmack"],"picked":"hexamod:NecessarySacrifice+1","floor":32},{"not_picked":["hexamod:HauntingEcho","hexamod:InspiringFlames+1","hexamod:BurningTouch+1"],"picked":"hexamod:BacktrackSmack+1","floor":36},{"not_picked":["hexamod:SpectersWail","hexamod:RainOfEmbers","hexamod:HeatCrush"],"picked":"hexamod:EtherealExpedition","floor":36},{"not_picked":["hexamod:PhantomFireball+1","hexamod:SecondSeal","hexamod:GhostLash"],"picked":"hexamod:HeatShield+1","floor":38},{"not_picked":["hexamod:StepThrough+1","hexamod:NightmareGuise+1","hexamod:FastForward+1","hexamod:GhostShield"],"picked":"SKIP","floor":38},{"not_picked":["hexamod:Firestarter","hexamod:StepThrough","hexamod:SearingWound"],"picked":"hexamod:Hexaguard","floor":39},{"not_picked":["hexamod:SwordOfDarkness","hexamod:GhostShield+1","hexamod:RetreatToShadows+1"],"picked":"hexamod:GhostflameBarrier","floor":39},{"not_picked":["hexamod:Incineration","hexamod:FastForward+1","hexamod:BurningTouch"],"picked":"hexamod:BacktrackSmack","floor":42},{"not_picked":["hexamod:NightmareStrike","hexamod:HauntingEcho+1","hexamod:SpectersWail"],"picked":"hexamod:TimeWarp","floor":42},{"not_picked":["hexamod:Firestarter","hexamod:GhostShield","hexamod:PhantomCloak+1","hexamod:HauntingEcho+1"],"picked":"SKIP","floor":43},{"not_picked":["hexamod:SpectersWail","hexamod:BurningTouch","hexamod:PowerFromBeyond","hexamod:Hexaguard"],"picked":"SKIP","floor":43},{"not_picked":["hexamod:SpectersWail","hexamod:PhantomCloak+1","hexamod:Incineration","hexamod:AdvancingGuard+1"],"picked":"SKIP","floor":44},{"not_picked":["hexamod:Haunt+1","hexamod:NightmareStrike+1","hexamod:Incineration","hexamod:Firestarter+1"],"picked":"SKIP","floor":45},{"not_picked":["hexamod:HeatCrush","hexamod:HeatMetal","hexamod:EmpoweredFlame","hexamod:InspiringFlames+1"],"picked":"SKIP","floor":49},{"not_picked":["hexamod:SwordOfDarkness","hexamod:InspiringFlames+1","hexamod:WildfireWeapon","hexamod:NightmareGuise+1"],"picked":"SKIP","floor":49}],"player_experience":200528,"relics_obtained":[{"floor":7.0,"key":"Orichalcum"},{"floor":9.0,"key":"Centennial Puzzle"},{"floor":12.0,"key":"PreservedInsect"},{"floor":17.0,"key":"Ancient Tea Set"},{"floor":17.0,"key":"Question Card"},{"floor":17.0,"key":"Pocketwatch"},{"floor":23.0,"key":"Shuriken"},{"floor":24.0,"key":"Sundial"},{"floor":25.0,"key":"Darkstone Periapt"},{"floor":27.0,"key":"Prayer Wheel"},{"floor":44,"key":"Toxic Egg 2"},{"floor":47,"key":"Gambling Chip"}],"event_choices":[{"cards_removed":["hexamod:Defend"],"damage_healed":0.0,"max_hp_gain":0.0,"max_hp_loss":0.0,"gold_gain":0.0,"event_name":"NoteForYourself","player_choice":"Took Card","floor":4.0,"gold_loss":0.0,"damage_taken":0.0,"cards_obtained":["Iron Wave"]},{"damage_healed":0,"gold_gain":0,"player_choice":"Ignored","damage_taken":0,"max_hp_gain":0,"max_hp_loss":0,"event_name":"Vampires","floor":30,"gold_loss":0}],"is_beta":false,"boss_relics":[{"not_picked":["Pandora\u0027s Box","Velvet Choker"],"picked":"Calling Bell"},{"not_picked":["hexamod:IceCube","bronze:MakeshiftBattery"],"picked":"SlaversCollar"}],"items_purged_floors":[45],"is_endless":false,"potions_floor_spawned":[9,10,14,15,23,28,31,32,36,38,43,44,49],"ascension_level":0}}