{"host":"wshey5htrz8rni6u","time":1614454884,"event":{"mods":["2.2 Compatiblity","BaseMod","Block Reminder","Colored Map","Colored Powertips","Current Relic Mod","Curses Come First","Dark Map","Key Reminder","Keyboard Shortcuts","Minty Spire (QoL Compilation)","Potion Indicator Mod","Quick Restart","Random Character Button","Relic Sorter","Relic Stats","StSLib","SuperFastMode","Unceasing Turn Reminder","UnlockEverythingMod","Weighted Paths"],"gold_per_floor":[114,0,20,20,41,41,76,76,76,107,107,257,257,280,280,280,280],"floor_reached":16,"language":"ENG","playtime":556,"items_purged":["Strike_P"],"score":200,"play_id":"bf2cbcc4-93be-4eca-a868-f3b46fe5474b","local_time":"20210227114124","is_ascension_mode":true,"campfire_choices":[{"data":"Worship","floor":6,"key":"SMITH"},{"data":"Prostrate","floor":8,"key":"SMITH"},{"data":"Perseverance","floor":11,"key":"SMITH"},{"data":"Indignation","floor":15,"key":"SMITH"}],"circlet_count":0,"master_deck":["AscendersBane","Strike_P","Strike_P","Strike_P","Defend_P","Defend_P","Defend_P","Defend_P","Eruption+1","Vigilance","FearNoEvil","Indignation+1","Prostrate+1","Worship+1","Scrawl","Perseverance+1","Doubt","JustLucky"],"relics":["PureWater","Golden Idol","StrikeDummy","TeardropLocket","HornCleat","keyreminder:keyreminder"],"acts_visited":["Exordium"],"potions_floor_usage":[7,7],"damage_taken":[{"damage":2,"enemies":"Jaw Worm","floor":1,"turns":3},{"damage":0,"enemies":"2 Louse","floor":3,"turns":3},{"damage":2,"enemies":"Cultist","floor":5,"turns":3},{"damage":12,"enemies":"Lagavulin","floor":7,"turns":8},{"damage":16,"enemies":"Gremlin Nob","floor":10,"turns":3},{"damage":0,"enemies":"2 Fungi Beasts","floor":14,"turns":4},{"damage":49,"enemies":"Hexaghost","floor":16,"turns":9}],"seed_played":"-4207340864303330889","potions_obtained":[{"floor":3,"key":"Dexterity Potion"},{"floor":5,"key":"DuplicationPotion"}],"is_trial":false,"path_per_floor":["M","$","M","?","M","R","E","R","T","E","R","?","?","M","R","B"],"character_chosen":"WATCHER","items_purchased":["Indignation"],"campfire_rested":0,"item_purchase_floors":[2],"current_hp_per_floor":[59,59,59,59,57,57,45,45,45,29,29,29,49,49,49,0,0],"gold":280,"neow_bonus":"UPGRADE_CARD","is_daily":false,"chose_seed":false,"campfire_upgraded":4,"win_rate":0.0,"timestamp":1614454884,"path_taken":["M","$","M","?","M","R","E","R","T","E","R","?","?","M","R","BOSS"],"items_purchased_type":["Card"],"build_version":"2020-12-13","purchased_purges":1,"victory":false,"max_hp_per_floor":[68,68,68,62,62,62,62,62,62,62,62,62,62,62,62,62,62],"relic_stats":{"counters":[7,33],"Golden Idol":22,"obtain_stats":[{"keyreminder:keyreminder":10,"HornCleat":10,"Golden Idol":4,"TeardropLocket":9,"PureWater":0,"StrikeDummy":7},{"keyreminder:keyreminder":5,"HornCleat":5,"Golden Idol":2,"TeardropLocket":4,"PureWater":0,"StrikeDummy":4},{"keyreminder:keyreminder":20,"HornCleat":20,"Golden Idol":6,"TeardropLocket":17,"PureWater":0,"StrikeDummy":17}]},"card_choices":[{"not_picked":["SashWhip","CutThroughFate"],"picked":"FearNoEvil","floor":1},{"not_picked":["PathToVictory","Consecrate"],"picked":"Prostrate","floor":3},{"not_picked":["SashWhip","Sanctity"],"picked":"Worship","floor":5},{"not_picked":["FearNoEvil","Wireheading"],"picked":"Scrawl","floor":7},{"not_picked":["Crescendo","Swivel"],"picked":"Perseverance","floor":10},{"not_picked":["PathToVictory","Evaluate"],"picked":"JustLucky","floor":14}],"player_experience":243906,"relics_obtained":[{"floor":7,"key":"StrikeDummy"},{"floor":9,"key":"TeardropLocket"},{"floor":10,"key":"HornCleat"}],"event_choices":[{"damage_healed":0,"gold_gain":0,"player_choice":"Lose Max HP","damage_taken":0,"relics_obtained":["Golden Idol"],"max_hp_gain":0,"max_hp_loss":6,"event_name":"Golden Idol","floor":4,"gold_loss":0},{"damage_healed":0,"gold_gain":150,"player_choice":"AGREE","damage_taken":0,"max_hp_gain":0,"max_hp_loss":0,"event_name":"Liars Game","floor":12,"gold_loss":0,"cards_obtained":["Doubt"]},{"damage_healed":20,"gold_gain":0,"player_choice":"Banana","damage_taken":0,"max_hp_gain":0,"max_hp_loss":0,"event_name":"Big Fish","floor":13,"gold_loss":0}],"is_beta":false,"boss_relics":[],"items_purged_floors":[2],"is_endless":false,"potions_floor_spawned":[3,5],"killed_by":"Hexaghost","ascension_level":17}}