{"host":"y9c31ugcc5enwcvp","time":1614384650,"event":{"mods":["BaseMod","Better Match","Better Note","Colored Map","Colored Powertips","Curses Come First","Dio Mod","Downfall","Gremlin Skip","Hermit","Minty Spire (QoL Compilation)","Permanent Neow","Rare Cards Sparkle","Relic Stats","Smile Girya","Spire Arcade","StSLib","The Wild Card","Waifu the Spire","everything is the same but u backflip on backflip","slay the spire mod where everything is the same but ironclad has a cowboy hat"],"gold_per_floor":[99,113,125,125,195,230,230,230,241,257,257,357,357,392,404,404,404,404],"floor_reached":16,"language":"ENG","playtime":1706,"items_purged":[],"score":110,"play_id":"6174d31f-c4d0-4635-9e28-37486b55c232","local_time":"20210226181050","is_ascension_mode":false,"campfire_choices":[{"floor":1,"key":"RECALL"},{"floor":11,"key":"REST"}],"circlet_count":0,"master_deck":["sneckomod:Strike","sneckomod:Strike","sneckomod:Defend","sneckomod:Defend","sneckomod:Defend","sneckomod:TailWhip","sneckomod:SnekBite","sneckomod:Unknown","sneckomod:UnknownCommonSkill","sneckomod:UnknownBlock","sneckomod:DiceBoulder","sneckomod:UnknownRarePower","sneckomod:Unknown0Cost","Electrodynamics","sneckomod:Cheat","sneckomod:UnknownBlock"],"relics":["sneckomod:SneckoSoul","Lizard Tail","Juzu Bracelet","Shuriken","downfall:CloakOfManyFaces","CultistMask","FaceOfCleric","NlothsMask","GremlinMask","SsserpentHead","Ancient Tea Set"],"acts_visited":["Exordium"],"potions_floor_usage":[12,12,16],"damage_taken":[{"damage":0,"enemies":"2 Louse","floor":2,"turns":1},{"damage":11,"enemies":"Jaw Worm","floor":3,"turns":5},{"damage":56,"enemies":"3 Sentries","floor":6,"turns":16},{"damage":0,"enemies":"Cultist","floor":9,"turns":2},{"damage":0,"enemies":"Exordium Wildlife","floor":10,"turns":3},{"damage":44,"enemies":"downfall:FaceTrader","floor":12,"turns":10},{"damage":31,"enemies":"Gremlin Nob","floor":14,"turns":5},{"damage":1,"enemies":"Blue Slaver","floor":15,"turns":3},{"damage":17,"enemies":"IC_STATUS_ARCHETYPE","floor":16,"turns":6}],"seed_played":"2995640180065942272","potions_obtained":[{"floor":2,"key":"DuplicationPotion"},{"floor":3,"key":"sneckomod:MuddlingPotion"},{"floor":6,"key":"EssenceOfSteel"},{"floor":14,"key":"Weak Potion"}],"is_trial":false,"path_per_floor":["R","M","M","?","T","E","T","?","M","M","R","?","R","E","M","B"],"character_chosen":"THE_SNECKO","items_purchased":[],"campfire_rested":1,"item_purchase_floors":[],"current_hp_per_floor":[81,81,70,70,70,14,14,14,14,14,38,41,41,11,11,0,0,0],"gold":404,"neow_bonus":"ONE_RARE_RELIC","is_daily":false,"chose_seed":false,"campfire_upgraded":0,"win_rate":0.0,"timestamp":1614384650,"path_taken":["R","M","M","?","?","E","T","?","M","M","R","?","R","E","M","BOSS"],"items_purchased_type":[],"build_version":"2020-12-22","purchased_purges":0,"victory":false,"max_hp_per_floor":[81,81,81,81,81,81,81,81,81,81,81,81,81,82,83,83,83,83],"relic_stats":{"SsserpentHead":0,"Lizard Tail":40,"FaceOfCleric":2,"counters":[9,51],"Shuriken":[5],"Juzu Bracelet":1,"obtain_stats":[{"SsserpentHead":12,"Lizard Tail":0,"FaceOfCleric":12,"Shuriken":7,"GremlinMask":12,"CultistMask":12,"Juzu Bracelet":6,"downfall:CloakOfManyFaces":12,"sneckomod:SneckoSoul":0,"Ancient Tea Set":14,"NlothsMask":12},{"SsserpentHead":6,"Lizard Tail":0,"FaceOfCleric":6,"Shuriken":3,"GremlinMask":6,"CultistMask":6,"Juzu Bracelet":3,"downfall:CloakOfManyFaces":6,"sneckomod:SneckoSoul":0,"Ancient Tea Set":7,"NlothsMask":6},{"SsserpentHead":37,"Lizard Tail":0,"FaceOfCleric":37,"Shuriken":22,"GremlinMask":37,"CultistMask":37,"Juzu Bracelet":22,"downfall:CloakOfManyFaces":37,"sneckomod:SneckoSoul":0,"Ancient Tea Set":42,"NlothsMask":37}]},"card_choices":[{"not_picked":["sneckomod:Unknown1Cost","sneckomod:UnknownWeak"],"picked":"sneckomod:UnknownCommonSkill","floor":2},{"not_picked":["sneckomod:DiceCrush","sneckomod:QuickBite"],"picked":"sneckomod:UnknownBlock","floor":3},{"not_picked":["sneckomod:SoulRoll","sneckomod:UnknownWeak"],"picked":"sneckomod:DiceBoulder","floor":6},{"not_picked":["sneckomod:WideSting","sneckomod:UnknownCommonSkill","sneckomod:DiceBlock"],"picked":"SKIP","floor":9},{"not_picked":["sneckomod:SnakeSap","sneckomod:QuickMove"],"picked":"sneckomod:UnknownRarePower","floor":10},{"not_picked":["sneckomod:DiceBoulder","sneckomod:MasterEye"],"picked":"sneckomod:Unknown0Cost","floor":12},{"not_picked":["sneckomod:Unknown2Cost","sneckomod:DiceBlock"],"picked":"sneckomod:Cheat","floor":14},{"not_picked":["sneckomod:CheapStock","sneckomod:SoulRoll"],"picked":"sneckomod:UnknownBlock","floor":15}],"player_experience":187455,"relics_obtained":[{"floor":6,"key":"Juzu Bracelet"},{"floor":7,"key":"Shuriken"},{"floor":12,"key":"downfall:CloakOfManyFaces"},{"floor":14,"key":"Ancient Tea Set"}],"event_choices":[],"is_beta":false,"boss_relics":[],"items_purged_floors":[],"is_endless":false,"potions_floor_spawned":[2,3,6,14],"killed_by":"IC_STATUS_ARCHETYPE","ascension_level":0}}