{"host":"t5vp0whyqzs05fb6","time":1614411078,"event":{"mods":["AchievementEnabler","BaseMod","Colored Map","Minty Spire (QoL Compilation)","Rare Cards Sparkle","SuperFastMode","everything is the same but u backflip on backflip"],"gold_per_floor":[112,172,187,200,110,110,110,110,179,198,123,154,175,195,195,319,319,332,352,366,386,27,62,62,93,93,114,135,135,154,194,194,322,322,341,366,382,657,35,79,52,70,116,152,192,217,251,266,266,266,266,266,55,90,90],"floor_reached":56,"language":"KOR","playtime":1986,"items_purged":["Strike_R","Strike_R","Strike_R","Strike_R","Strike_R","Defend_R"],"score":1906,"play_id":"4f4d1616-43c7-4088-8eff-1b0b4d25b559","local_time":"20210227163118","is_ascension_mode":true,"campfire_choices":[{"data":"Barricade","floor":6.0,"key":"SMITH"},{"data":"Shockwave","floor":8.0,"key":"SMITH"},{"data":"Body Slam","floor":15.0,"key":"SMITH"},{"data":"Offering","floor":24.0,"key":"SMITH"},{"floor":29.0,"key":"RECALL"},{"data":"Second Wind","floor":32.0,"key":"SMITH"},{"data":"Impervious","floor":49,"key":"SMITH"},{"data":"Shrug It Off","floor":52,"key":"SMITH"}],"circlet_count":0,"master_deck":["Defend_R","Defend_R","Defend_R","Bash+1","Barricade+1","Shockwave+1","Shrug It Off+1","Shrug It Off+1","Second Wind+1","Corruption+1","Shrug It Off+1","Body Slam+1","Offering+1","Corruption+1","Armaments+1","Reaper+1","Feel No Pain+1","Havoc+1","Impervious+1","Barricade+1","Burning Pact+1"],"relics":["Burning Blood","Membership Card","Dead Branch","Lantern","Golden Idol","Frozen Egg 2","Gambling Chip","SacredBark","Sundial","Bronze Scales","The Courier","MealTicket","Omamori","Red Skull","Medical Kit","Letter Opener","WingedGreaves","Singing Bowl","Toy Ornithopter","War Paint","Dream Catcher","Thread and Needle","Mummified Hand","Whetstone","Bottled Lightning"],"acts_visited":["Exordium","TheCity","TheBeyond","TheEnding"],"potions_floor_usage":[42,50,55,55,55],"damage_taken":[{"damage":9.0,"enemies":"Cultist","floor":1.0,"turns":4.0},{"damage":0.0,"enemies":"Jaw Worm","floor":3.0,"turns":4.0},{"damage":3.0,"enemies":"Small Slimes","floor":4.0,"turns":4.0},{"damage":37.0,"enemies":"Gremlin Gang","floor":10.0,"turns":8.0},{"damage":9.0,"enemies":"3 Sentries","floor":12.0,"turns":2.0},{"damage":0.0,"enemies":"3 Louse","floor":13.0,"turns":4.0},{"damage":0.0,"enemies":"Red Slaver","floor":14.0,"turns":2.0},{"damage":0.0,"enemies":"Hexaghost","floor":16.0,"turns":4.0},{"damage":6.0,"enemies":"Shell Parasite","floor":18.0,"turns":4.0},{"damage":16.0,"enemies":"2 Thieves","floor":19.0,"turns":4.0},{"damage":18.0,"enemies":"Cultist and Chosen","floor":20.0,"turns":3.0},{"damage":6.0,"enemies":"Centurion and Healer","floor":21.0,"turns":2.0},{"damage":20.0,"enemies":"Slavers","floor":23.0,"turns":4.0},{"damage":6.0,"enemies":"Book of Stabbing","floor":25.0,"turns":3.0},{"damage":6.0,"enemies":"3 Cultists","floor":27.0,"turns":3.0},{"damage":6.0,"enemies":"Snecko","floor":28.0,"turns":1.0},{"damage":12.0,"enemies":"Centurion and Healer","floor":30.0,"turns":2.0},{"damage":6.0,"enemies":"Gremlin Leader","floor":31.0,"turns":3.0},{"damage":12.0,"enemies":"Automaton","floor":33.0,"turns":2.0},{"damage":6.0,"enemies":"3 Shapes","floor":35.0,"turns":1.0},{"damage":9.0,"enemies":"3 Darklings","floor":36.0,"turns":2.0},{"damage":6.0,"enemies":"Jaw Worm Horde","floor":37.0,"turns":2.0},{"damage":6,"enemies":"Reptomancer","floor":40,"turns":3},{"damage":6,"enemies":"Maw","floor":42,"turns":1},{"damage":6,"enemies":"Giant Head","floor":44,"turns":1},{"damage":6,"enemies":"Nemesis","floor":45,"turns":1},{"damage":6,"enemies":"3 Darklings","floor":46,"turns":1},{"damage":12,"enemies":"Giant Head","floor":47,"turns":2},{"damage":6,"enemies":"Writhing Mass","floor":48,"turns":2},{"damage":14,"enemies":"Awakened One","floor":50,"turns":4},{"damage":6,"enemies":"Shield and Spear","floor":54,"turns":2},{"damage":9,"enemies":"The Heart","floor":55,"turns":3}],"seed_played":"6380862563171659180","potions_obtained":[{"floor":1.0,"key":"Block Potion"},{"floor":4.0,"key":"Strength Potion"},{"floor":10.0,"key":"DuplicationPotion"},{"floor":13.0,"key":"SneckoOil"},{"floor":25.0,"key":"Ancient Potion"},{"floor":35.0,"key":"Energy Potion"},{"floor":40,"key":"DistilledChaos"},{"floor":42,"key":"Fire Potion"}],"is_trial":false,"path_per_floor":["M","$","M","M","$","R","?","R","T","M","$","E","M","M","R","B",null,"M","M","M","M","$","E","R","E","T","M","M","R","M","E","R","B",null,"M","M","M","?","$","E","$","M","T","E","E","M","E","M","R","B",null,"R","$","E","B",null],"character_chosen":"IRONCLAD","items_purchased":["Membership Card","Dead Branch","Shrug It Off","Lantern","Second Wind","Shrug It Off","Sundial","Bronze Scales","Reaper","Medical Kit","Letter Opener","WingedGreaves","Singing Bowl","Feel No Pain+1","Toy Ornithopter","War Paint","Impervious","DistilledChaos","Explosive Potion","EssenceOfSteel","LiquidBronze"],"campfire_rested":0,"item_purchase_floors":[2,2,2,2,5,11,22,22,22,39,39,39,39,39,39,39,41,53,53,53,53],"current_hp_per_floor":[69,69,72,72,72,72,54,54,54,23,23,20,26,32,32,38,72,72,62,50,50,50,36,36,36,36,44,44,44,38,64,64,66,72,72,72,72,72,72,72,72,74,74,76,76,78,74,74,74,72,80,80,80,82,82],"gold":90,"neow_bonus":"THREE_RARE_CARDS","is_daily":false,"chose_seed":false,"campfire_upgraded":7,"win_rate":0.0,"timestamp":1614411078,"path_taken":["M","?","M","M","$","R","?","R","T","M","$","E","M","M","R","BOSS","M","M","M","M","$","E","R","E","T","M","M","R","M","E","R","BOSS","M","M","M","?","$","E","$","M","T","E","E","M","E","?","R","BOSS","R","$","E","BOSS"],"items_purchased_type":["Relic","Relic","Card","Relic","Card","Card","Relic","Relic","Card","Relic","Relic","Relic","Relic","Card","Relic","Relic","Card","Potion","Potion","Potion","Potion"],"build_version":"2020-12-22","purchased_purges":6,"victory":true,"max_hp_per_floor":[72,72,72,72,72,72,72,72,72,72,72,72,72,72,72,72,72,72,72,72,72,72,72,72,72,72,72,72,72,72,72,72,72,72,72,72,72,72,72,72,72,74,74,76,76,78,80,80,80,80,80,80,80,82,82],"card_choices":[{"not_picked":["Juggernaut","Reaper"],"picked":"Barricade","floor":0.0},{"not_picked":["Thunderclap","Ghostly Armor"],"picked":"Shockwave","floor":1.0},{"not_picked":["Twin Strike","Warcry","Perfected Strike"],"picked":"SKIP","floor":3.0},{"not_picked":["Brutality","Perfected Strike"],"picked":"Shrug It Off","floor":4.0},{"not_picked":["Armaments","Clothesline","True Grit"],"picked":"SKIP","floor":10.0},{"not_picked":["Armaments","Clothesline","True Grit"],"picked":"SKIP","floor":10.0},{"not_picked":["Bloodletting","Headbutt","Corruption+1"],"picked":"SKIP","floor":12.0},{"not_picked":["True Grit","Havoc"],"picked":"Body Slam","floor":13.0},{"not_picked":["Headbutt","Disarm"],"picked":"Offering","floor":14.0},{"not_picked":["Berserk+1","Feed"],"picked":"Corruption+1","floor":16.0},{"not_picked":["Twin Strike","Iron Wave+1","Anger"],"picked":"SKIP","floor":18.0},{"not_picked":["Flex+1","Blood for Blood","Sword Boomerang+1"],"picked":"SKIP","floor":19.0},{"not_picked":["Thunderclap","Brutality+1"],"picked":"Armaments+1","floor":20.0},{"not_picked":["Sword Boomerang","Warcry","Evolve+1"],"picked":"SKIP","floor":21.0},{"not_picked":["Disarm","Shockwave","Heavy Blade"],"picked":"SKIP","floor":23.0},{"not_picked":["Ghostly Armor+1","Rampage","Havoc"],"picked":"SKIP","floor":25.0},{"not_picked":["Uppercut","True Grit","Clash"],"picked":"SKIP","floor":27.0},{"not_picked":["Inflame+1","Whirlwind","Clash"],"picked":"SKIP","floor":28.0},{"not_picked":["Shrug It Off","Heavy Blade+1","Infernal Blade"],"picked":"SKIP","floor":30.0},{"not_picked":["Whirlwind","Cleave","Anger"],"picked":"SKIP","floor":31.0},{"not_picked":["Sword Boomerang","Cleave+1","Flex"],"picked":"SKIP","floor":35.0},{"not_picked":["Wild Strike","Perfected Strike","Cleave"],"picked":"SKIP","floor":36.0},{"not_picked":["Pommel Strike+1","Dropkick","Searing Blow+1"],"picked":"SKIP","floor":37.0},{"not_picked":["Flex+1","Cleave+1"],"picked":"Havoc+1","floor":40},{"not_picked":["Clash","Battle Trance+1","Armaments+1"],"picked":"Singing Bowl","floor":42},{"not_picked":["Wild Strike","Pommel Strike+1","Rampage+1"],"picked":"Singing Bowl","floor":44},{"not_picked":["Warcry+1","True Grit"],"picked":"Barricade+1","floor":45},{"not_picked":["Hemokinesis+1","Uppercut+1","Warcry+1"],"picked":"Singing Bowl","floor":46},{"not_picked":["Dual Wield+1","Twin Strike","Heavy Blade"],"picked":"Singing Bowl","floor":47},{"not_picked":["Pummel+1","Shrug It Off+1"],"picked":"Burning Pact+1","floor":48},{"not_picked":["Warcry","Carnage+1","Twin Strike"],"picked":"Singing Bowl","floor":54}],"player_experience":247662,"relics_obtained":[{"floor":9.0,"key":"Frozen Egg 2"},{"floor":12.0,"key":"Gambling Chip"},{"floor":23.0,"key":"The Courier"},{"floor":25.0,"key":"MealTicket"},{"floor":26.0,"key":"Omamori"},{"floor":31.0,"key":"Red Skull"},{"floor":40,"key":"Dream Catcher"},{"floor":44,"key":"Thread and Needle"},{"floor":45,"key":"Mummified Hand"},{"floor":47,"key":"Whetstone"},{"floor":54,"key":"Bottled Lightning"}],"event_choices":[{"damage_healed":0.0,"max_hp_gain":0.0,"max_hp_loss":0.0,"gold_gain":0.0,"event_name":"Golden Idol","player_choice":"Take Damage","floor":7.0,"gold_loss":0.0,"damage_taken":18.0,"relics_obtained":["Golden Idol"]},{"damage_healed":0,"gold_gain":275,"player_choice":"Desecrate","damage_taken":0,"max_hp_gain":0,"max_hp_loss":0,"event_name":"Golden Shrine","floor":38,"gold_loss":0,"cards_obtained":["Regret"]}],"is_beta":false,"boss_relics":[{"not_picked":["Astrolabe","Tiny House"],"picked":"SacredBark"},{"not_picked":["Calling Bell","Snecko Eye","Pandora\u0027s Box"]}],"items_purged_floors":[2,5,11,22,39,53],"is_endless":false,"potions_floor_spawned":[1,4,10,13,14,20,25,31,33,35,40,42,45],"ascension_level":1}}