{"host":"wby5xqpi8gtyi3dj","time":1614404877,"event":{"mods":["AchievementEnabler","BaseMod","Colored Map","Colored Powertips","Hermit","Minty Spire (QoL Compilation)","Quick Restart","Replay The Spire","StSLib","SuperFastMode"],"gold_per_floor":[117,217,25,35,46,46,78,78,101,101,113,125,151,170,170,267,267,284,334,214,234,244,244,276,276,300,300,320,500,221,232,232,232,232],"floor_reached":33,"language":"ENG","playtime":2349,"items_purged":["Voices"],"score":302,"play_id":"f20d7a36-7ab7-472d-a953-4f4d1ff81de7","local_time":"20210227004757","is_ascension_mode":false,"campfire_choices":[{"data":"Predator","floor":6.0,"key":"SMITH"},{"data":"Dagger Throw","floor":8.0,"key":"SMITH"},{"data":"Blur","floor":10.0,"key":"SMITH"},{"data":"Neutralize","floor":15.0,"key":"SMITH"},{"data":"Dodge and Roll","floor":23,"key":"SMITH"},{"floor":25,"key":"REST"},{"data":"Footwork","floor":27,"key":"SMITH"}],"circlet_count":0,"master_deck":["Strike_G+1","Strike_G","Strike_G","Strike_G","Strike_G+1","Defend_G","Defend_G","Defend_G","Defend_G","Defend_G","Survivor","Neutralize+1","Predator+1","Tactician","Blur+1","Dagger Throw+1","Sucker Punch","Footwork+1","Dodge and Roll+1","PiercingWail","Quick Slash","Envenom","Deadly Poison+1","Doubt","Bane","Hidden Blade","Bane","Overencumbered","Infinite Blades","After Image","All Out Attack","Noxious Fumes"],"relics":["Sozu","Happy Flower","Whetstone","Bag of Preparation","Paper Crane","HoveringKite","Ring of Greed","Membership Card","Tiny Chest","Orichalcum","Bag of Marbles","Lee\u0027s Waffle","Snake Skull","Nloth\u0027s Gift"],"acts_visited":["TheCity"],"potions_floor_usage":[],"damage_taken":[{"damage":0.0,"enemies":"Small Slimes","floor":1.0,"turns":5.0},{"damage":1.0,"enemies":"Cultist","floor":4.0,"turns":3.0},{"damage":1.0,"enemies":"Jaw Worm","floor":5.0,"turns":3.0},{"damage":26.0,"enemies":"3 Sentries","floor":7.0,"turns":8.0},{"damage":0.0,"enemies":"Exordium Thugs","floor":11.0,"turns":3.0},{"damage":0.0,"enemies":"2 Fungi Beasts","floor":12.0,"turns":3.0},{"damage":0.0,"enemies":"Gremlin Nob","floor":13.0,"turns":4.0},{"damage":0.0,"enemies":"Exordium Wildlife","floor":14.0,"turns":3.0},{"damage":2.0,"enemies":"The Guardian","floor":16.0,"turns":16.0},{"damage":6,"enemies":"Spheric Guardian","floor":18,"turns":6},{"damage":8,"enemies":"2 Thieves","floor":21,"turns":5},{"damage":8,"enemies":"Shelled Parasite and Fungi","floor":22,"turns":5},{"damage":29,"enemies":"Gremlin Leader","floor":24,"turns":5},{"damage":7,"enemies":"Centurion and Healer","floor":28,"turns":7},{"damage":0,"enemies":"Sentry and Sphere","floor":31,"turns":4},{"damage":80,"enemies":"Automaton","floor":33,"turns":8}],"seed_played":"2860748869732774220","potions_obtained":[],"is_trial":false,"path_per_floor":["M","?","$","M","M","R","E","R","T","R","M","M","E","M","R","B",null,"M","?","?","M","M","R","E","R","T","R","M","?","$","M","R_BF","B"],"character_chosen":"THE_SILENT","items_purchased":["Happy Flower","Tactician","Lee\u0027s Waffle","Snake Skull","After Image","All Out Attack"],"campfire_rested":1,"item_purchase_floors":[3,3,30,30,30,30],"current_hp_per_floor":[70,70,70,69,68,68,42,42,42,42,42,42,42,42,42,40,70,64,64,64,56,48,48,19,40,40,40,33,14,77,77,77,0,0],"gold":232,"neow_bonus":"BOSS_RELIC","is_daily":false,"chose_seed":false,"campfire_upgraded":6,"win_rate":0.0,"timestamp":1614404877,"path_taken":["M","?","?","M","M","R","E","R","T","R","M","M","E","M","R","BOSS","M","?","?","M","M","R","E","R","T","R","?","?","$","M","R_BF","BOSS"],"items_purchased_type":["Relic","Card","Relic","Relic","Card","Card"],"build_version":"2020-12-22","purchased_purges":1,"victory":false,"max_hp_per_floor":[70,70,70,70,70,70,70,70,70,70,70,70,70,70,70,70,70,70,70,70,70,70,70,70,70,70,70,70,70,77,77,77,77,77],"card_choices":[{"not_picked":["Bane","Flying Knee"],"picked":"Predator","floor":1.0},{"not_picked":["Escape Plan","Tactician"],"picked":"Blur","floor":4.0},{"not_picked":["Prepared","Bane"],"picked":"Dagger Throw","floor":5.0},{"not_picked":["Prepared","Backflip"],"picked":"Sucker Punch","floor":7.0},{"not_picked":["Slice","Predator"],"picked":"Footwork","floor":11.0},{"not_picked":["Finisher","Acrobatics"],"picked":"Dodge and Roll","floor":12.0},{"not_picked":["Deflect","Acrobatics"],"picked":"PiercingWail","floor":13.0},{"not_picked":["Outmaneuver","Well Laid Plans"],"picked":"Quick Slash","floor":14.0},{"not_picked":["Tools of the Trade","Doppelganger"],"picked":"Envenom","floor":16.0},{"not_picked":["Crippling Poison","Quick Slash"],"picked":"Deadly Poison+1","floor":18},{"not_picked":["Quick Slash","Choke"],"picked":"Bane","floor":21},{"not_picked":["Quick Slash+1","Sneak Up"],"picked":"Hidden Blade","floor":22},{"not_picked":["Outmaneuver","Bouncing Flask"],"picked":"Bane","floor":24},{"not_picked":["Acrobatics+1","Deadly Poison"],"picked":"Infinite Blades","floor":28},{"not_picked":["Dagger Throw","Deflect+1"],"picked":"Noxious Fumes","floor":31}],"player_experience":74269,"relics_obtained":[{"floor":7.0,"key":"Whetstone"},{"floor":9.0,"key":"Bag of Preparation"},{"floor":13.0,"key":"Paper Crane"},{"floor":19,"key":"Ring of Hypnosis"},{"floor":19,"key":"Ring of Greed"},{"floor":19,"key":"Membership Card"},{"floor":19,"key":"Tiny Chest"},{"floor":24,"key":"Bag of Marbles"}],"event_choices":[{"damage_healed":0.0,"max_hp_gain":0.0,"max_hp_loss":0.0,"gold_gain":100.0,"event_name":"Wheel of Change","player_choice":"Gold","floor":2.0,"gold_loss":0.0,"damage_taken":0.0},{"damage_healed":0,"gold_gain":0,"player_choice":"Paid Gold","damage_taken":0,"relics_obtained":["Orichalcum"],"max_hp_gain":0,"max_hp_loss":0,"event_name":"WeMeetAgain","floor":20,"gold_loss":120},{"damage_healed":0,"gold_gain":180,"player_choice":"GOLD GOLD ","damage_taken":19,"max_hp_gain":0,"max_hp_loss":0,"event_name":"Knowing Skull","floor":29,"potions_obtained":[],"gold_loss":0,"cards_obtained":[]},{"damage_healed":0,"gold_gain":0,"player_choice":"Traded Relic","damage_taken":0,"relics_obtained":["Nloth\u0027s Gift"],"max_hp_gain":0,"max_hp_loss":0,"event_name":"N\u0027loth","floor":32,"relics_lost":["Ring of Hypnosis"],"gold_loss":0}],"is_beta":false,"boss_relics":[{"not_picked":["Ectoplasm","Coffee Dripper"],"picked":"HoveringKite"}],"items_purged_floors":[30],"is_endless":false,"potions_floor_spawned":[1,5,7,13,21,22,28],"killed_by":"Automaton","ascension_level":0}}