{"host":"7t8rqoeeopyy0nh0","time":1614452306,"event":{"mods":["AchievementEnabler","Aspiration","BaseMod","Better Third Choice","BetterRewards","Colored Map","Colored Powertips","Conspire","Downfall","Hubris","Jorbs\u0027s Wanderer Trilogy","Minty Spire (QoL Compilation)","Permanent Neow","Quick Restart","Random Character Button","Rare Cards Sparkle","Reliquary","Replay The Spire","StSLib"],"gold_per_floor":[111,111,111,130,147,178,178,207,207,207,207,5,5,5],"floor_reached":13,"language":"ENG","playtime":447,"items_purged":["Strike_G"],"score":159,"play_id":"cf70c848-6068-4a8f-9464-cf831be1f211","local_time":"20210227135826","is_ascension_mode":true,"campfire_choices":[{"floor":7,"key":"REST"},{"floor":10,"key":"REST"}],"circlet_count":0,"master_deck":["AscendersBane","Strike_G","Strike_G+1","Strike_G+1","Strike_G","Defend_G","Defend_G","Defend_G","Defend_G","Defend_G","Survivor","Neutralize","Skewer","Bane","Prepared","Blade Dance","Deadly Poison","Footwork","Backflip","Noxious Fumes","Catalyst+1"],"relics":["Ring of the Snake","Chemical X","conspire:InfiniteJournal","reliquary:Stiletto","reliquary:WeakTea","reliquary:Spinner","reliquary:PurpleTingedLeaf","Oddly Smooth Stone"],"acts_visited":["Exordium"],"potions_floor_usage":[6,8,13],"damage_taken":[{"damage":2,"enemies":"2 Louse","floor":1,"turns":2},{"damage":2,"enemies":"Jaw Worm","floor":4,"turns":2},{"damage":0,"enemies":"Cultist","floor":5,"turns":3},{"damage":18,"enemies":"3 Sentries","floor":6,"turns":10},{"damage":9,"enemies":"Lagavulin","floor":8,"turns":5},{"damage":28,"enemies":"3 Sentries","floor":13,"turns":5}],"seed_played":"-3475266034439433420","potions_obtained":[{"floor":1,"key":"BlessingOfTheForge"},{"floor":6,"key":"Flashbang"},{"floor":8,"key":"Poison Potion"}],"is_trial":false,"path_per_floor":["M","?","?","M","M","E","R","E","T","R","$","$","E"],"character_chosen":"THE_SILENT","items_purchased":["Chemical X","Skewer","reliquary:Stiletto","Bane","Prepared","Oddly Smooth Stone","Noxious Fumes","Catalyst+1"],"campfire_rested":2,"item_purchase_floors":[0,0,0,0,0,11,12,12],"current_hp_per_floor":[26,48,28,26,26,8,27,18,18,37,27,27,0,0],"gold":5,"neow_bonus":"","is_daily":false,"chose_seed":false,"campfire_upgraded":0,"win_rate":0.0,"timestamp":1614452306,"path_taken":["M","?","?","M","M","E","R","E","T","R","?","$","E"],"items_purchased_type":["Relic","Card","Relic","Card","Card","Relic","Card","Card"],"build_version":"2020-12-22","purchased_purges":1,"victory":false,"max_hp_per_floor":[66,66,66,66,66,66,66,66,66,66,66,66,66,66],"card_choices":[{"not_picked":["ReplayTheSpireMod:Scrap Shanks","Distraction"],"picked":"Blade Dance","floor":1},{"not_picked":["Expertise","Blade Dance"],"picked":"Deadly Poison","floor":4},{"not_picked":["Flechettes","Choke"],"picked":"Footwork","floor":5},{"not_picked":["Bullet Time","Bane","Atom Bomb"],"picked":"SKIP","floor":6},{"not_picked":["Predator","conspire:PoisonWeapons"],"picked":"Backflip","floor":8}],"player_experience":462302,"relics_obtained":[{"floor":6,"key":"reliquary:WeakTea"},{"floor":8,"key":"reliquary:Spinner"},{"floor":9,"key":"reliquary:PurpleTingedLeaf"}],"event_choices":[{"damage_healed":22,"gold_gain":0,"player_choice":"Banana","damage_taken":0,"max_hp_gain":0,"max_hp_loss":0,"event_name":"Big Fish","floor":2,"gold_loss":0},{"damage_healed":48,"gold_gain":0,"player_choice":"Upgrade","damage_taken":20,"max_hp_gain":0,"max_hp_loss":66,"event_name":"betterThird:BetterShining","floor":3,"gold_loss":0,"cards_upgraded":["Strike_G","Strike_G"]}],"is_beta":false,"boss_relics":[],"items_purged_floors":[12],"is_endless":false,"potions_floor_spawned":[1,6,8],"killed_by":"3 Sentries","ascension_level":15}}