{"host":"3azvxbhvx7nk2p5g","time":1614415302,"event":{"mods":["10 clothes from DAL","100% Spire Juice","ATMod(∞¢Ë™Mod)","BaseMod","Colored Powertips","Hunter ¡‘»À","Luminous","Minty Spire (QoL Compilation)","MostiFishMod","Reimu£®≤©¿ˆ¡È√Œ£©","Remilia£®¿Ÿ√◊¿Ú—«£©","Robot Space Explorer","StSLib","The Administrix","The Alterego","The Bug Knight","The Marked","The Servant 0.9.4","Waifu the Spire","WarShipGirlsR/’ΩΩ¢…Ÿ≈ÆR mod","Warlord Emblem","Youmu£®ªÍ∆«—˝√Œ£©","Yuri Mod","°æ“≈ŒÔø®≈∆°øREMEMod"],"gold_per_floor":[109,128,203,203,203,203,216,42,42,60,13,13,47,59,59,155,155,173,25,25,41,41,58,58,84,84,104,379,-1398,-1398,-1380,-1380,-1276,-1276,-1257,-1207,-1189,-1178,-1178,-1147,-1147,-1131,-1084,-1084,-1068,-1042,-1024,-1014,-1014,-1014,-1014,-1014,-1014,-989,-989],"floor_reached":56,"language":"ZHS","playtime":3877,"items_purged":["Luminous:Light_Flash_Shower","Regret"],"score":1654,"play_id":"90b41ef1-cad5-4536-8fa7-5158a4807c9e","local_time":"20210227164142","is_ascension_mode":false,"campfire_choices":[{"data":"Luminous:Balance_Death_Scythe","floor":6.0,"key":"SMITH"},{"data":"Luminous:Lania_Blessing_Luminous","floor":15.0,"key":"SMITH"},{"data":"Luminous:Lania_Blessing_Luminous","floor":24,"key":"SMITH"},{"data":"Luminous:Arcane_Rage_Luminous","floor":32,"key":"SMITH"},{"floor":41,"key":"RECALL"},{"data":"Luminous:Armageddon_Luminous","floor":49,"key":"SMITH"},{"data":"Luminous:Light_Track","floor":52,"key":"SMITH"}],"circlet_count":0,"master_deck":["Luminous:Light_Flash_Shower","Luminous:Light_Flash_Shower","Luminous:Dark_Abyssal_Drop","Luminous:Dark_Abyssal_Drop","Luminous:Defend_Luminous","Luminous:Defend_Luminous","Luminous:Defend_Luminous","Luminous:Switch_Luminous","AT_WarpDrive","TransientEternity","Luminous:Equalize_Luminous+1","Luminous:Light_Glare","Luminous:Balance_Death_Scythe+1","Luminous:Light_Sylvan_Lance","Luminous:Concentrate_Luminous","Luminous:Lights_Protection_Luminous","REME_FirmDetermination","Luminous:Lania_Blessing_Luminous+1","Luminous:Blinding_Pillar_Luminous","Luminous:Lania_Blessing_Luminous+1","Luminous:Light_Track+1","Luminous:Arcane_Rage_Luminous+1","Luminous:Light_Gather","Luminous:Balance_Liberation_Orb","Luminous:Concentrate_Luminous","Luminous:Lights_Protection_Luminous+1","Luminous:Concentrate_Luminous","Luminous:Concentrate_Luminous","Luminous:Lania_Blessing_Luminous+1","Luminous:Light_Gather+1","Luminous:Concentrate_Luminous","Luminous:Concentrate_Luminous+1","Luminous:Light_Glare+1","Luminous:Arcane_Rage_Luminous","Luminous:Light_Sylvan_Lance+1","Luminous:Freud_Wisdom1_Luminous","Luminous:Armageddon_Luminous+1","Luminous:Dark_Morning_Star","Luminous:Chase_Spell_Luminous+1","Luminous:Lunar_Tide_Luminous+1","Luminous:Mana_Overload_Luminous+1","Luminous:Magic_Accelerate_Luminous+1"],"relics":["Luminous:MirrorRelic","AT_ATBox","DaveBox","REME_ComplimentaryCards","Civilization","SynthV:TestCard","Dream Catcher","InkBottle","RuthlessExorcism:ReiMu","RedLine:ReiMu","FossilizedHelix","Frozen Egg 2","AT_ImmortalShieldbow","SynthV:MejaisSoulstealer","DianPoetry","Sozu","Incense Burner","TungstenRod","Lantern","ThornShield","REME_IWantAll"],"acts_visited":["Exordium","TheCity","TheBeyond","TheEnding"],"potions_floor_usage":[],"damage_taken":[{"damage":14.0,"enemies":"Jaw Worm","floor":1.0,"turns":4.0},{"damage":2.0,"enemies":"Small Slimes","floor":2.0,"turns":3.0},{"damage":0.0,"enemies":"2 Louse","floor":7.0,"turns":1.0},{"damage":0.0,"enemies":"Blue Slaver","floor":10.0,"turns":1.0},{"damage":0.0,"enemies":"Gremlin Nob","floor":13.0,"turns":3.0},{"damage":0.0,"enemies":"Looter","floor":14.0,"turns":3.0},{"damage":13.0,"enemies":"Slime Boss","floor":16.0,"turns":8.0},{"damage":0.0,"enemies":"Spheric Guardian","floor":18.0,"turns":1.0},{"damage":0,"enemies":"Chosen","floor":21,"turns":2},{"damage":0,"enemies":"3 Cultists","floor":23,"turns":2},{"damage":0,"enemies":"REME_1_Revenger","floor":25,"turns":1},{"damage":0,"enemies":"Snecko","floor":27,"turns":3},{"damage":8,"enemies":"Centurion and Healer","floor":31,"turns":2},{"damage":0,"enemies":"Automaton","floor":33,"turns":3},{"damage":0,"enemies":"3 Darklings","floor":35,"turns":1},{"damage":0,"enemies":"2 Orb Walkers","floor":36,"turns":2},{"damage":0,"enemies":"Orb Walker","floor":37,"turns":2},{"damage":0,"enemies":"Maw","floor":38,"turns":2},{"damage":0,"enemies":"HollowMod:StalkingDevout","floor":40,"turns":2},{"damage":0,"enemies":"Spire Growth","floor":42,"turns":2},{"damage":0,"enemies":"4 Shapes","floor":45,"turns":1},{"damage":0,"enemies":"Nemesis","floor":46,"turns":3},{"damage":0,"enemies":"3 Darklings","floor":47,"turns":1},{"damage":0,"enemies":"Jaw Worm Horde","floor":48,"turns":2},{"damage":0,"enemies":"Donu and Deca","floor":50,"turns":2},{"damage":0,"enemies":"Shield and Spear","floor":54,"turns":1},{"damage":0,"enemies":"The Heart","floor":55,"turns":3}],"seed_played":"5117480559506713225","potions_obtained":[{"floor":10.0,"key":"Regen Potion"},{"floor":16.0,"key":"Weak Potion"},{"floor":23,"key":"SteroidPotion"}],"is_trial":false,"path_per_floor":["M","M","?","?","?","R","M","$","T","M","$","?","E","M","R","B",null,"M","$","?","M","T","M","R","E","T","M","?","$","T","M","R","B",null,"M","?","M","M","?","E","R","M","T","?","M","E","M","M","R","B",null,"R","$","E","B",null],"character_chosen":"LuminousClass","items_purchased":["Luminous:Lights_Protection_Luminous","REME_FirmDetermination","Luminous:Blinding_Pillar_Luminous","Luminous:Balance_Liberation_Orb","Luminous:Concentrate_Luminous","AT_ImmortalShieldbow","SynthV:MejaisSoulstealer"],"campfire_rested":0,"item_purchase_floors":[8,8,11,19,29,29,29],"current_hp_per_floor":[62,63,52,52,40,40,45,45,45,50,50,50,55,60,60,62,104,109,109,109,114,114,119,119,124,124,129,129,129,129,131,131,139,139,144,149,154,159,159,164,164,169,169,169,174,179,184,189,189,194,194,194,194,204,209],"gold":-989,"neow_bonus":"ONE_RANDOM_RARE_CARD","is_daily":false,"chose_seed":false,"campfire_upgraded":6,"win_rate":0.0,"timestamp":1614415302,"path_taken":["M","M","?","?","?","R","M","?","T","M","?","?","E","M","R","BOSS","M","$","?","M","?","?","R","E","T","M","?","$","?","M","R","BOSS","M","?","M","M","?","E","R","M","T","?","M","E","?","M","R","BOSS","R","$","E","BOSS"],"items_purchased_type":["Card","Card","Card","Card","Card","Relic","Relic"],"build_version":"2020-12-22","purchased_purges":2,"victory":true,"max_hp_per_floor":[76,79,79,79,79,79,84,84,84,89,89,89,94,99,99,104,104,109,109,109,114,114,119,119,124,124,129,129,129,129,134,134,139,139,144,149,154,159,159,164,164,169,169,169,174,179,184,189,189,194,194,194,194,204,209],"card_choices":[{"not_picked":["Luminous:Light_Sylvan_Lance","Luminous:Reverse_Spell_Luminous"],"picked":"Luminous:Light_Glare","floor":1.0},{"not_picked":["Luminous:Blinding_Pillar_Luminous","Luminous:Magic_Guard_Luminous","Luminous:Switch_Luminous","Luminous:Accumulation_Luminous"],"picked":"Luminous:Balance_Death_Scythe","floor":2.0},{"not_picked":["Luminous:Dark_Pressure_Void","Luminous:Light_Glare","Luminous:Dark_Raid","Luminous:Balance_Ender"],"picked":"Luminous:Concentrate_Luminous","floor":7.0},{"not_picked":["Luminous:Light_Disperse","Luminous:Blinding_Pillar_Luminous","Luminous:Light_Wash_Luminous","Luminous:Balance_Death_Scythe"],"picked":"Luminous:Lania_Blessing_Luminous","floor":10.0},{"not_picked":["Luminous:Mana_Well_Luminous","Luminous:Light_Disperse","Luminous:Light_Glare","Luminous:Switch_Luminous"],"picked":"Luminous:Lania_Blessing_Luminous","floor":13.0},{"not_picked":["Luminous:Dark_Dim_Erosion","Luminous:Light_Gather","Luminous:Switch_Luminous","Luminous:Light_Sylvan_Lance"],"picked":"Luminous:Light_Track","floor":14.0},{"not_picked":["Luminous:Erosion_Luminous","Luminous:Balance_Liberation_Orb","Luminous:Lania_Blessing_Luminous","Luminous:Dark_Crescendo_Luminous"],"picked":"Luminous:Arcane_Rage_Luminous","floor":16.0},{"not_picked":["Luminous:Light_Wash_Luminous","Luminous:Phantom_Treasure_Luminous","Luminous:Light_Reflection","Luminous:Switch_Luminous"],"picked":"Luminous:Light_Gather","floor":18.0},{"not_picked":["Luminous:Switch_Luminous","Luminous:Dark_Arcane_Pitch","Luminous:Mana_Barrier_Luminous","Luminous:Abyss_Heart_Luminous"],"picked":"Luminous:Concentrate_Luminous","floor":21},{"not_picked":["Luminous:Light_Ray_of_Redemption","Luminous:Light_Gather","Luminous:Flash_Blink_Luminous","Luminous:Light_Disperse"],"picked":"Luminous:Lights_Protection_Luminous+1","floor":23},{"not_picked":["Luminous:Dark_Void_Devour","Luminous:Light_Wash_Luminous+1","Luminous:Chase_Spell_Luminous","Luminous:Date_of_Light_Luminous","Luminous:Switch_Luminous"],"picked":"SKIP","floor":25},{"not_picked":["Luminous:Light_Glare","Luminous:Accumulation_Luminous","Luminous:Dark_Moonlight_Spear","Luminous:Switch_Luminous+1","Luminous:Mana_Barrier_Luminous+1"],"picked":"SKIP","floor":27},{"not_picked":["Luminous:Dark_Pressure_Void","Luminous:Blinding_Pillar_Luminous","Luminous:Light_Glare","Luminous:Light_Disperse"],"picked":"Luminous:Concentrate_Luminous","floor":31},{"not_picked":["Luminous:Ethereal_Form_Luminous+1","Luminous:Balance_Liberation_Orb","Luminous:Chaos_Field_Luminous","Luminous:Balance_Aether_Conduit"],"picked":"Luminous:Lania_Blessing_Luminous+1","floor":33},{"not_picked":["Luminous:Mana_Overload_Luminous+1","Luminous:Dark_Dim_Erosion+1","Luminous:Blinding_Pillar_Luminous","Luminous:Light_Disperse+1"],"picked":"Luminous:Light_Gather+1","floor":35},{"not_picked":["Luminous:Dark_Raid+1","Luminous:Light_Disperse","Luminous:Blinding_Pillar_Luminous","Luminous:Accumulation_Luminous+1"],"picked":"Luminous:Concentrate_Luminous","floor":36},{"not_picked":["Luminous:Accumulation_Luminous","Luminous:Light_Sylvan_Lance+1","Luminous:Mana_Barrier_Luminous","Luminous:Dark_Dim_Erosion"],"picked":"Luminous:Concentrate_Luminous+1","floor":37},{"not_picked":["Luminous:Dark_Pressure_Void+1","Luminous:Switch_Luminous+1","Luminous:Light_Wash_Luminous+1","Luminous:Accumulation_Luminous+1"],"picked":"Luminous:Light_Glare+1","floor":38},{"not_picked":["Luminous:Light_Ray_of_Redemption+1","Luminous:Concentrate_Luminous+1","Luminous:Light_Disperse+1","Luminous:Light_Sylvan_Lance+1"],"picked":"Luminous:Arcane_Rage_Luminous","floor":40},{"not_picked":["Luminous:Dark_Pressure_Void","Luminous:Dark_Raid+1","Luminous:Light_Gather","Luminous:Light_Reflection+1","Luminous:Accumulation_Luminous+1"],"picked":"SKIP","floor":42},{"not_picked":["Luminous:Light_Disperse","Luminous:Darks_Surge_Luminous+1","Luminous:Light_Gather","Luminous:Balance_Death_Scythe","Luminous:Dark_Raid"],"picked":"SKIP","floor":45},{"not_picked":["Luminous:Magic_Guard_Luminous+1","Luminous:Accumulation_Luminous","Luminous:Tune_Luminous","Luminous:Light_Glare+1"],"picked":"Luminous:Light_Sylvan_Lance+1","floor":46},{"not_picked":["Luminous:Mana_Well_Luminous+1","Luminous:Switch_Luminous+1","Luminous:Light_Disperse+1","Luminous:Dark_Pressure_Void+1"],"picked":"Luminous:Freud_Wisdom1_Luminous","floor":47},{"not_picked":["Luminous:Light_Wash_Luminous+1","Luminous:Light_Disperse","Luminous:Switch_Luminous","Luminous:Dark_Pressure_Void+1"],"picked":"Luminous:Armageddon_Luminous","floor":48},{"not_picked":["Luminous:Dark_Morning_Star","Luminous:Chase_Spell_Luminous+1","Luminous:Lunar_Tide_Luminous+1","Luminous:Mana_Overload_Luminous+1","Luminous:Magic_Accelerate_Luminous+1"],"picked":"Singing Bowl","floor":54}],"player_experience":201218,"relics_obtained":[{"floor":1.0,"key":"SynthV:TestCard"},{"floor":9.0,"key":"InkBottle"},{"floor":13.0,"key":"RuthlessExorcism:ReiMu"},{"floor":22,"key":"FossilizedHelix"},{"floor":25,"key":"Frozen Egg 2"},{"floor":30,"key":"DianPoetry"},{"floor":36,"key":"Incense Burner"},{"floor":40,"key":"TungstenRod"},{"floor":43,"key":"Lantern"},{"floor":46,"key":"ThornShield"},{"floor":54,"key":"REME_IWantAll"}],"event_choices":[{"damage_healed":0.0,"max_hp_gain":0.0,"max_hp_loss":0.0,"gold_gain":75.0,"event_name":"World of Goop","player_choice":"Gather Gold","floor":3.0,"gold_loss":0.0,"damage_taken":11.0},{"damage_healed":0.0,"max_hp_gain":0.0,"max_hp_loss":0.0,"gold_gain":0.0,"cards_transformed":["Luminous:Dark_Abyssal_Drop"],"event_name":"Living Wall","player_choice":"Change","floor":4.0,"gold_loss":0.0,"damage_taken":0.0,"cards_obtained":["Luminous:Light_Sylvan_Lance"]},{"damage_healed":0.0,"max_hp_gain":0.0,"max_hp_loss":0.0,"gold_gain":0.0,"event_name":"Scrap Ooze","player_choice":"Success","floor":5.0,"gold_loss":0.0,"damage_taken":12.0,"relics_obtained":["Dream Catcher"]},{"damage_healed":0.0,"max_hp_gain":0.0,"max_hp_loss":0.0,"gold_gain":0.0,"event_name":"Liars Game","player_choice":"Ignored","floor":12.0,"gold_loss":0.0,"damage_taken":0.0},{"damage_healed":0,"gold_gain":0,"player_choice":"Ignored","damage_taken":0,"max_hp_gain":0,"max_hp_loss":0,"event_name":"Cursed Tome","floor":20,"gold_loss":0},{"damage_healed":0,"gold_gain":275,"player_choice":"Desecrate","damage_taken":0,"max_hp_gain":0,"max_hp_loss":0,"event_name":"Golden Shrine","floor":28,"gold_loss":0,"cards_obtained":["Regret"]},{"damage_healed":0,"gold_gain":0,"player_choice":"Fight","damage_taken":0,"max_hp_gain":0,"max_hp_loss":0,"event_name":"Mysterious Sphere","floor":36,"gold_loss":0},{"cards_removed":["Luminous:Defend_Luminous"],"damage_healed":0,"gold_gain":0,"player_choice":"Removed Skill","damage_taken":0,"max_hp_gain":0,"max_hp_loss":0,"event_name":"Falling","floor":39,"gold_loss":0},{"damage_healed":0,"gold_gain":0,"player_choice":"Forge","damage_taken":0,"max_hp_gain":0,"max_hp_loss":0,"event_name":"Accursed Blacksmith","floor":44,"gold_loss":0,"cards_upgraded":["Luminous:Equalize_Luminous"]}],"is_beta":false,"boss_relics":[{"not_picked":["DALC_TEN","EE1DDrone"],"picked":"RedLine:ReiMu"},{"not_picked":["TimeKeys","ExusiaiGun"],"picked":"Sozu"}],"items_purged_floors":[19,29],"is_endless":false,"potions_floor_spawned":[10,16,23,27,31,36,37,40,45,47],"ascension_level":0}}