{"host":"8fnghcq8tvbg6z9e","time":1614405225,"event":{"mods":["BaseMod","Downfall","Minty Spire (QoL Compilation)","Quick Restart","StSLib"],"gold_per_floor":[99,116,136,146,146,138,208,227,270,292,192,216,254,254,277,390,390,290,309,330,330,438,70,70,98,126,202,310,352,460,479,504,616,616,616,640,640,666,766,788,863,891,81,81,81,106,192,192,213,213],"floor_reached":51,"language":"ZHS","playtime":3914,"items_purged":["hexamod:Defend","hexamod:Strike"],"score":808,"play_id":"9d877a3f-c3cb-4372-8149-58f3fef45aa0","local_time":"20210227135345","is_ascension_mode":false,"campfire_choices":[{"data":"hexamod:Float","floor":1,"key":"SMITH"},{"floor":11,"key":"RECALL"},{"data":"hexamod:VolcanoVisage","floor":18,"key":"SMITH"},{"data":"hexamod:PowerFromBeyond","floor":35,"key":"SMITH"},{"data":"hexamod:PowerFromBeyond","floor":45,"key":"SMITH"}],"circlet_count":0,"master_deck":["hexamod:Strike","hexamod:Defend","hexamod:Defend","hexamod:Sear","hexamod:Float+1","hexamod:StepThrough","hexamod:FirstSeal","hexamod:SecondSeal","hexamod:FirstSeal","hexamod:StepThrough","hexamod:PowerFromBeyond+1","hexamod:VolcanoVisage+1","hexamod:FirstSeal","hexamod:RadiantFlame+1","hexamod:PowerFromBeyond+1","hexamod:RadiantFlame+1","hexamod:InspiringFlames","hexamod:NecessarySacrifice","hexamod:TimeWarp+1","hexamod:FlamesFromBeyond+1","hexamod:InspiringFlames+1","hexamod:BurningTouch+1"],"relics":["hexamod:SpiritBrand","Lantern","Gremlin Horn","Ornamental Fan","downfall:HeartBlessingGreen","Pear","hexamod:IceCube","downfall:HeartBlessingRed","Toy Ornithopter","Thread and Needle","hexamod:InflammatoryLetter","Molten Egg 2","FossilizedHelix","Matryoshka","Letter Opener","MutagenicStrength","SacredBark","Strawberry","Happy Flower","HandDrill","Peace Pipe","White Beast Statue"],"acts_visited":["Exordium","TheCity","TheBeyond"],"potions_floor_usage":[4,13,16,22,22,25,25,29,33,38,43,43,43,43,43,46,50],"damage_taken":[{"damage":0,"enemies":"Jaw Worm","floor":2,"turns":3},{"damage":0,"enemies":"Small Slimes","floor":3,"turns":3},{"damage":0,"enemies":"2 Louse","floor":4,"turns":3},{"damage":5,"enemies":"downfall:LooterAlt","floor":8,"turns":6},{"damage":31,"enemies":"Gremlin Nob","floor":9,"turns":6},{"damage":6,"enemies":"3 Louse","floor":10,"turns":5},{"damage":3,"enemies":"Red Slaver","floor":12,"turns":5},{"damage":14,"enemies":"Lagavulin","floor":13,"turns":10},{"damage":1,"enemies":"Exordium Thugs","floor":15,"turns":4},{"damage":81,"enemies":"WA_ARCHETYPE_RETAIN","floor":16,"turns":11},{"damage":1,"enemies":"Chosen","floor":19,"turns":4},{"damage":7,"enemies":"Spheric Guardian","floor":20,"turns":5},{"damage":18,"enemies":"downfall:LadyInBlue","floor":22,"turns":12},{"damage":4,"enemies":"downfall:FleeingMerchant","floor":23,"turns":4},{"damage":0,"enemies":"Centurion and Healer","floor":25,"turns":7},{"damage":1,"enemies":"Shelled Parasite and Fungi","floor":26,"turns":4},{"damage":0,"enemies":"SI_SHIV_ARCHETYPE","floor":28,"turns":6},{"damage":1,"enemies":"Book of Stabbing","floor":29,"turns":5},{"damage":1,"enemies":"downfall:Augmenter","floor":30,"turns":4},{"damage":3,"enemies":"Sentry and Sphere","floor":31,"turns":6},{"damage":0,"enemies":"Centurion and Healer","floor":32,"turns":6},{"damage":73,"enemies":"DF_ARCHETYPE_CLAW","floor":33,"turns":9},{"damage":5,"enemies":"Orb Walker","floor":36,"turns":4},{"damage":9,"enemies":"3 Shapes","floor":38,"turns":6},{"damage":9,"enemies":"Spire Growth","floor":40,"turns":5},{"damage":11,"enemies":"Sphere and 2 Shapes","floor":42,"turns":6},{"damage":0,"enemies":"downfall:FleeingMerchant","floor":43,"turns":4},{"damage":23,"enemies":"Transient","floor":46,"turns":5},{"damage":0,"enemies":"downfall:FleeingMerchant","floor":47,"turns":3},{"damage":0,"enemies":"Maw","floor":49,"turns":7},{"damage":58,"enemies":"SI_POISON_ARCHETYPE","floor":50,"turns":7}],"seed_played":"-9213757347628010905","potions_obtained":[{"floor":4,"key":"Fruit Juice"},{"floor":9,"key":"Energy Potion"},{"floor":10,"key":"DuplicationPotion"},{"floor":16,"key":"Block Potion"},{"floor":19,"key":"Regen Potion"},{"floor":22,"key":"Regen Potion"},{"floor":22,"key":"Regen Potion"},{"floor":22,"key":"Block Potion"},{"floor":22,"key":"SkillPotion"},{"floor":25,"key":"Fire Potion"},{"floor":32,"key":"EntropicBrew"},{"floor":33,"key":"CultistPotion"},{"floor":36,"key":"Weak Potion"},{"floor":46,"key":"FairyPotion"},{"floor":49,"key":"Regen Potion"}],"is_trial":false,"path_per_floor":["R","M","M","M","?","?","T","M","E","M","R","M","E","?","M","B",null,"R","M","M","?","?","$","T","M","M","T","?","E","?","M","M","B",null,"R","M","?","M","?","M","T","M","$","?","R","M","$","?","M","B",null],"character_chosen":"THE_SPIRIT","items_purchased":["Thread and Needle","Happy Flower","HandDrill","Peace Pipe","Fire Potion","Fire Potion","White Beast Statue"],"campfire_rested":0,"item_purchase_floors":[23,43,43,43,43,43,47],"current_hp_per_floor":[70,70,70,75,80,73,73,75,51,59,59,70,80,80,86,19,90,90,90,90,72,83,95,95,95,95,95,95,95,95,95,95,48,95,95,95,95,95,95,95,102,102,102,102,102,100,102,102,102,70],"gold":213,"neow_bonus":"RANDOM_COMMON_RELIC","is_daily":false,"chose_seed":false,"campfire_upgraded":4,"win_rate":0.0,"timestamp":1614405225,"path_taken":["R","M","M","M","?","?","T","M","E","M","R","M","E","?","M","BOSS","R","M","M","?","?","$","T","?","M","?","?","E","?","M","M","BOSS","R","M","?","M","?","?","T","M","?","?","R","M","$","?","M","BOSS"],"items_purchased_type":["Relic","Relic","Relic","Relic","Potion","Potion","Relic"],"build_version":"2020-12-22","purchased_purges":2,"victory":true,"max_hp_per_floor":[70,70,70,75,80,80,80,80,80,80,80,80,90,90,90,90,90,90,90,90,95,95,95,95,95,95,95,95,95,95,95,95,95,95,95,95,95,95,95,95,102,102,102,102,102,102,102,102,102,102],"card_choices":[{"not_picked":["hexamod:FastForward","hexamod:ThermalTransfer"],"picked":"hexamod:StepThrough","floor":2},{"not_picked":["hexamod:CatchUp","hexamod:GhostLash","hexamod:ShieldOfDarkness"],"picked":"SKIP","floor":3},{"not_picked":["hexamod:InspiringFlames","hexamod:Firestarter","hexamod:HeatMetal"],"picked":"SKIP","floor":4},{"not_picked":["hexamod:Firestarter","hexamod:Haunt","hexamod:BacktrackSmack"],"picked":"SKIP","floor":8},{"not_picked":["hexamod:Incineration","hexamod:ParanormalForm"],"picked":"hexamod:FirstSeal","floor":9},{"not_picked":["hexamod:InspiringFlames","hexamod:CatchUp","hexamod:RecurringNightmare"],"picked":"SKIP","floor":10},{"not_picked":["hexamod:GhostLash","hexamod:FastForward"],"picked":"hexamod:StepThrough","floor":12},{"not_picked":["hexamod:ShieldOfDarkness","hexamod:NightmareGuise","hexamod:InspiringFlames"],"picked":"SKIP","floor":13},{"not_picked":["hexamod:FlamesFromBeyond","hexamod:InspiringFlames"],"picked":"hexamod:PowerFromBeyond","floor":15},{"not_picked":["hexamod:TimeWarp","hexamod:ForkedFlame"],"picked":"hexamod:VolcanoVisage","floor":16},{"not_picked":["hexamod:HauntingEcho","hexamod:Hexaguard","hexamod:SpectralAdrenaline"],"picked":"SKIP","floor":19},{"not_picked":["hexamod:SwordOfDarkness","hexamod:GhostOfSpireFuture"],"picked":"hexamod:FirstSeal","floor":20},{"not_picked":["hexamod:Rewind+1","hexamod:SwordOfDarkness","hexamod:GhostflameInferno"],"picked":"SKIP","floor":23},{"not_picked":["hexamod:NightmareGuise+1","hexamod:HeatCrush"],"picked":"hexamod:RadiantFlame+1","floor":25},{"not_picked":["hexamod:ShieldOfDarkness","hexamod:Rewind","hexamod:Incineration+1"],"picked":"SKIP","floor":26},{"not_picked":["hexamod:SwordOfDarkness+1","hexamod:NightmareStrike+1"],"picked":"hexamod:PowerFromBeyond","floor":29},{"not_picked":["hexamod:NightmareGuise","hexamod:SwordOfDarkness+1"],"picked":"hexamod:RadiantFlame+1","floor":30},{"not_picked":["hexamod:TurnItUp","hexamod:ThermalTransfer+1","hexamod:NightmareStrike+1"],"picked":"SKIP","floor":31},{"not_picked":["hexamod:GhostLash+1","hexamod:HeatShield","hexamod:GhostShield+1"],"picked":"SKIP","floor":32},{"not_picked":["hexamod:UnleashSpirits+1","hexamod:SearingWound"],"picked":"hexamod:TimeWarp+1","floor":33},{"not_picked":["hexamod:ThermalTransfer+1","hexamod:Firestarter+1","hexamod:SpectersWail+1"],"picked":"SKIP","floor":36},{"not_picked":["hexamod:FastForward","hexamod:Firestarter+1","hexamod:InspiringFlames"],"picked":"SKIP","floor":38},{"not_picked":["hexamod:NightmareStrike+1","hexamod:ThermalTransfer+1","hexamod:HauntingEcho+1"],"picked":"SKIP","floor":40},{"not_picked":["hexamod:Firestarter+1","hexamod:ParanormalForm"],"picked":"hexamod:FlamesFromBeyond+1","floor":42},{"not_picked":["hexamod:SkipABeat","hexamod:SpectersWail+1"],"picked":"hexamod:InspiringFlames+1","floor":43},{"not_picked":["hexamod:FastForward+1","hexamod:NightmareGuise+1"],"picked":"hexamod:BurningTouch+1","floor":46},{"not_picked":["hexamod:DynamicBlow+1","hexamod:Hexaguard","hexamod:BacktrackSmack+1"],"picked":"SKIP","floor":47},{"not_picked":["hexamod:EmpoweredFlame","hexamod:NightmareGuise","hexamod:AdvancingGuard"],"picked":"SKIP","floor":49}],"player_experience":196666,"relics_obtained":[{"floor":7,"key":"Gremlin Horn"},{"floor":9,"key":"Ornamental Fan"},{"floor":13,"key":"Pear"},{"floor":22,"key":"Toy Ornithopter"},{"floor":24,"key":"hexamod:InflammatoryLetter"},{"floor":27,"key":"Molten Egg 2"},{"floor":28,"key":"FossilizedHelix"},{"floor":28,"key":"Matryoshka"},{"floor":29,"key":"Letter Opener"},{"floor":30,"key":"MutagenicStrength"},{"floor":41,"key":"Strawberry"}],"event_choices":[{"damage_healed":0,"gold_gain":0,"player_choice":"Donut","damage_taken":0,"max_hp_gain":5,"max_hp_loss":0,"event_name":"Big Fish","floor":5,"gold_loss":0},{"cards_removed":["hexamod:Strike"],"damage_healed":0,"gold_gain":0,"player_choice":"Forget","damage_taken":0,"max_hp_gain":0,"max_hp_loss":0,"event_name":"Living Wall","floor":14,"gold_loss":0}],"is_beta":false,"boss_relics":[{"not_picked":["Coffee Dripper","Calling Bell"],"picked":"hexamod:IceCube"},{"not_picked":["SlaversCollar","Velvet Choker"],"picked":"SacredBark"}],"items_purged_floors":[23,43],"is_endless":false,"potions_floor_spawned":[4,9,10,16,19,22,25,32,33,36,46,49],"ascension_level":0}}