{"host":"o7j6aatxjwpw1421","time":1614387640,"event":{"mods":["2.2 Compatiblity","AchievementEnabler","BaseMod","Colored Map","DeckTracker","Highlight Path","Keyboard Shortcuts","Minty Spire (QoL Compilation)","Permanent Neow","Quick Restart","StSLib","SuperFastMode","everything is the same but u backflip on backflip"],"gold_per_floor":[112,130,130,144,171,171,96,96,96,109,129,158,175,200,200,274,274,288,288,238,238,258,283,283,283,283],"floor_reached":25,"language":"KOR","playtime":942,"items_purged":["Strike_G","Strike_G"],"score":462,"play_id":"1cee9ab3-d1fb-438e-b0d1-a5b0ae187299","local_time":"20210227100040","is_ascension_mode":true,"campfire_choices":[{"data":"Blade Dance","floor":6.0,"key":"SMITH"},{"data":"Masterful Stab","floor":8.0,"key":"SMITH"},{"data":"Accuracy","floor":15.0,"key":"SMITH"},{"floor":24,"key":"REST"}],"circlet_count":0,"master_deck":["AscendersBane","Strike_G","Strike_G","Strike_G","Defend_G","Defend_G","Defend_G","Defend_G","Defend_G","Survivor","Neutralize","After Image","Blade Dance+1","Masterful Stab+1","Infinite Blades","Reflex","Backflip","Accuracy+1","Phantasmal Killer","Acrobatics","Blur+1","Leg Sweep"],"relics":["Ring of the Snake","Omamori","White Beast Statue","Smiling Mask","Tiny Chest","Matryoshka"],"acts_visited":["Exordium","TheCity"],"potions_floor_usage":[25,25],"damage_taken":[{"damage":4.0,"enemies":"Small Slimes","floor":1.0,"turns":5.0},{"damage":0.0,"enemies":"Jaw Worm","floor":2.0,"turns":5.0},{"damage":3.0,"enemies":"2 Louse","floor":4.0,"turns":3.0},{"damage":0.0,"enemies":"2 Fungi Beasts","floor":10.0,"turns":3.0},{"damage":7.0,"enemies":"Red Slaver","floor":11.0,"turns":5.0},{"damage":18.0,"enemies":"Lagavulin","floor":12.0,"turns":5.0},{"damage":1.0,"enemies":"3 Louse","floor":13.0,"turns":5.0},{"damage":4.0,"enemies":"3 Sentries","floor":14.0,"turns":7.0},{"damage":22.0,"enemies":"The Guardian","floor":16.0,"turns":15.0},{"damage":3.0,"enemies":"3 Byrds","floor":18.0,"turns":5.0},{"damage":5.0,"enemies":"Shell Parasite","floor":22.0,"turns":5.0},{"damage":45,"enemies":"Book of Stabbing","floor":23,"turns":5},{"damage":16,"enemies":"Gremlin Leader","floor":25,"turns":5}],"seed_played":"7289782100293853997","potions_obtained":[{"floor":2.0,"key":"Weak Potion"},{"floor":4.0,"key":"BlessingOfTheForge"},{"floor":10.0,"key":"DuplicationPotion"},{"floor":12.0,"key":"SpeedPotion"},{"floor":13.0,"key":"SkillPotion"},{"floor":14.0,"key":"Fire Potion"},{"floor":16.0,"key":"DistilledChaos"},{"floor":18.0,"key":"PowerPotion"},{"floor":22.0,"key":"Ancient Potion"},{"floor":23,"key":"Block Potion"}],"is_trial":false,"path_per_floor":["M","M","?","M","T","R","$","R","T","M","M","E","M","E","R","B",null,"M","?","$","?","M","E","R","E"],"character_chosen":"THE_SILENT","items_purchased":[],"campfire_rested":1,"item_purchase_floors":[],"current_hp_per_floor":[55,55,60,57,57,57,57,57,57,57,50,32,31,27,27,5,55,52,52,52,52,47,2,23,7,7],"gold":283,"neow_bonus":"ONE_RANDOM_RARE_CARD","is_daily":false,"chose_seed":false,"campfire_upgraded":3,"win_rate":0.0,"timestamp":1614387640,"path_taken":["M","M","?","M","?","R","$","R","T","M","M","E","M","E","R","BOSS","M","?","$","?","M","E","R","E"],"items_purchased_type":[],"build_version":"2020-12-22","purchased_purges":2,"victory":false,"max_hp_per_floor":[66,66,71,71,71,71,71,71,71,71,71,71,71,71,71,71,71,71,71,71,71,71,71,71,71,71],"card_choices":[{"not_picked":["Bane","Predator"],"picked":"Blade Dance","floor":1.0},{"not_picked":["Quick Slash","Deflect","Bane"],"picked":"SKIP","floor":2.0},{"not_picked":["Concentrate","Acrobatics"],"picked":"Masterful Stab","floor":4.0},{"not_picked":["Blur","Predator"],"picked":"Infinite Blades","floor":10.0},{"not_picked":["Leg Sweep","Outmaneuver"],"picked":"Reflex","floor":11.0},{"not_picked":["Poisoned Stab","Predator"],"picked":"Backflip","floor":12.0},{"not_picked":["Dagger Spray","Bane","Concentrate"],"picked":"SKIP","floor":13.0},{"not_picked":["Flying Knee","Storm of Steel"],"picked":"Accuracy","floor":14.0},{"not_picked":["Die Die Die","Burst"],"picked":"Phantasmal Killer","floor":16.0},{"not_picked":["Deadly Poison+1","Bouncing Flask"],"picked":"Acrobatics","floor":18.0},{"not_picked":["Dagger Spray+1","Cloak And Dagger"],"picked":"Blur+1","floor":22.0},{"not_picked":["Poisoned Stab","Dagger Throw"],"picked":"Leg Sweep","floor":23}],"player_experience":628376,"relics_obtained":[{"floor":5.0,"key":"Omamori"},{"floor":9.0,"key":"White Beast Statue"},{"floor":12.0,"key":"Smiling Mask"},{"floor":14.0,"key":"Tiny Chest"},{"floor":23,"key":"Matryoshka"}],"event_choices":[{"damage_healed":0.0,"max_hp_gain":5.0,"max_hp_loss":0.0,"gold_gain":0.0,"event_name":"Big Fish","player_choice":"Donut","floor":3.0,"gold_loss":0.0,"damage_taken":0.0},{"damage_healed":0.0,"max_hp_gain":0.0,"max_hp_loss":0.0,"gold_gain":0.0,"event_name":"Ghosts","player_choice":"Ignored","floor":19.0,"gold_loss":0.0,"damage_taken":0.0},{"damage_healed":0.0,"max_hp_gain":0.0,"max_hp_loss":0.0,"gold_gain":0.0,"event_name":"Vampires","player_choice":"Ignored","floor":21.0,"gold_loss":0.0,"damage_taken":0.0}],"is_beta":false,"boss_relics":[{"not_picked":["Sozu","Ring of the Serpent","Ectoplasm"]}],"items_purged_floors":[7,20],"is_endless":false,"potions_floor_spawned":[2,4,10,11,12,13,14,16,18,22,23],"killed_by":"Gremlin Leader","ascension_level":20}}