{"host":"dbkc9h3etq50r1dq","time":1614395949,"event":{"mods":["AchievementEnabler","BaseMod","Block Reminder","Colored Powertips","Curses Come First","Dark Map","Highlight Path","Keyboard Shortcuts","Marisa£®ÏF”Í°°ƒß¿Ì…≥£©","Minty Spire (QoL Compilation)","Permanent Neow","Potion Indicator Mod","Random Character Button","Rare Cards Sparkle","StSLib","SuperFastMode","Weighted Paths"],"gold_per_floor":[111,12,31,31,31,31,57,69,105,117,147,159,202,232,244,351,363,390,402,414,87,97,97,125,138,189,189,206,206,225,257,257,257,257],"floor_reached":33,"language":"ZHS","playtime":1697,"items_purged":["Defend_G","Strike_G"],"score":438,"play_id":"bf437b00-42c3-426d-b505-1d8cc134acd9","local_time":"20210227111909","is_ascension_mode":true,"campfire_choices":[{"data":"Backstab","floor":6.0,"key":"SMITH"},{"floor":8.0,"key":"REST"},{"data":"After Image","floor":12.0,"key":"SMITH"},{"data":"Footwork","floor":15.0,"key":"SMITH"},{"data":"Escape Plan","floor":23.0,"key":"SMITH"},{"floor":29,"key":"REST"},{"data":"Noxious Fumes","floor":32,"key":"SMITH"}],"circlet_count":0,"master_deck":["Defend_G","Defend_G+1","Defend_G","Survivor","Neutralize+1","Backstab+1","Backflip+1","After Image+1","Footwork+1","After Image","Dagger Spray+1","Escape Plan+1","Sucker Punch","Sucker Punch","Noxious Fumes+1","Escape Plan+1","Dagger Spray"],"relics":["Ring of the Snake","MawBank","Blood Vial","Orichalcum","Empty Cage","Pen Nib","Tiny Chest","Lantern","War Paint"],"acts_visited":["Exordium","TheCity"],"potions_floor_usage":[27,30,31,33],"damage_taken":[{"damage":0.0,"enemies":"Cultist","floor":1.0,"turns":4.0},{"damage":0.0,"enemies":"Jaw Worm","floor":3.0,"turns":5.0},{"damage":17.0,"enemies":"Lagavulin","floor":7.0,"turns":6.0},{"damage":0.0,"enemies":"Small Slimes","floor":11.0,"turns":3.0},{"damage":9.0,"enemies":"Gremlin Nob","floor":13.0,"turns":5.0},{"damage":1.0,"enemies":"Exordium Thugs","floor":14.0,"turns":4.0},{"damage":60.0,"enemies":"Slime Boss","floor":16.0,"turns":32.0},{"damage":11.0,"enemies":"Chosen","floor":18.0,"turns":10.0},{"damage":0.0,"enemies":"3 Byrds","floor":22.0,"turns":4.0},{"damage":12.0,"enemies":"Gremlin Leader","floor":24.0,"turns":10.0},{"damage":3.0,"enemies":"Shelled Parasite and Fungi","floor":25.0,"turns":8.0},{"damage":0,"enemies":"Slavers","floor":27,"turns":1},{"damage":5,"enemies":"Snake Plant","floor":28,"turns":6},{"damage":5,"enemies":"Centurion and Healer","floor":30,"turns":8},{"damage":12,"enemies":"Gremlin Leader","floor":31,"turns":7},{"damage":66,"enemies":"Champ","floor":33,"turns":17}],"seed_played":"1106997200388028064","potions_obtained":[{"floor":1.0,"key":"Strength Potion"},{"floor":11.0,"key":"SmokeBomb"},{"floor":13.0,"key":"PowerPotion"},{"floor":14.0,"key":"BlessingOfTheForge"},{"floor":18.0,"key":"Regen Potion"},{"floor":25.0,"key":"LiquidMemories"},{"floor":28,"key":"Energy Potion"},{"floor":31,"key":"EssenceOfSteel"}],"is_trial":false,"path_per_floor":["M","$","M","?","$","R","E","R","T","$","M","R","E","M","R","B",null,"M","?","?","$","M","R","E","M","T","E","M","R","M","E","R","B"],"character_chosen":"THE_SILENT","items_purchased":["Backflip","Escape Plan","Sucker Punch","Pen Nib"],"campfire_rested":2,"item_purchase_floors":[2,21,21,21],"current_hp_per_floor":[63,63,63,63,63,63,46,67,67,67,69,69,61,62,62,4,54,45,45,45,45,59,59,49,48,48,50,47,68,65,55,55,0,0],"gold":257,"neow_bonus":"UPGRADE_CARD","is_daily":false,"chose_seed":false,"campfire_upgraded":5,"win_rate":0.0,"timestamp":1614395949,"path_taken":["M","?","M","?","$","R","E","R","T","?","M","R","E","M","R","BOSS","M","?","?","$","?","R","E","M","T","E","M","R","M","E","R","BOSS"],"items_purchased_type":["Card","Card","Card","Relic"],"build_version":"2020-12-22","purchased_purges":2,"victory":false,"max_hp_per_floor":[70,70,70,70,70,70,70,70,70,70,70,70,70,70,70,70,70,70,70,70,70,70,70,70,70,70,70,70,70,70,70,70,70,70],"card_choices":[{"not_picked":["Dagger Throw","Well Laid Plans"],"picked":"Backstab","floor":1.0},{"not_picked":["Concentrate","Quick Slash","Noxious Fumes"],"picked":"SKIP","floor":3.0},{"not_picked":["Blade Dance","Caltrops","PiercingWail"],"picked":"SKIP","floor":7.0},{"not_picked":["Sucker Punch","Predator"],"picked":"After Image","floor":11.0},{"not_picked":["Flying Knee","All Out Attack","Endless Agony"],"picked":"SKIP","floor":13.0},{"not_picked":["Dodge and Roll","Outmaneuver"],"picked":"Footwork","floor":14.0},{"not_picked":["Phantasmal Killer","Burst"],"picked":"After Image","floor":16.0},{"not_picked":["Deflect+1","Backflip"],"picked":"Dagger Spray+1","floor":18.0},{"not_picked":["Dodge and Roll","Quick Slash"],"picked":"Sucker Punch","floor":22.0},{"not_picked":["Setup","Night Terror","Expertise"],"picked":"SKIP","floor":24.0},{"not_picked":["Slice","Tactician"],"picked":"Noxious Fumes","floor":25.0},{"not_picked":["Choke","Backflip"],"picked":"Escape Plan+1","floor":28},{"not_picked":["Choke+1","Deadly Poison"],"picked":"Dagger Spray","floor":30},{"not_picked":["Bane","Night Terror","All Out Attack+1"],"picked":"SKIP","floor":31}],"player_experience":226701,"relics_obtained":[{"floor":7.0,"key":"MawBank"},{"floor":9.0,"key":"Blood Vial"},{"floor":13.0,"key":"Orichalcum"},{"floor":24.0,"key":"Tiny Chest"},{"floor":26.0,"key":"Lantern"},{"floor":31,"key":"War Paint"}],"event_choices":[{"cards_removed":["Strike_G"],"damage_healed":0.0,"max_hp_gain":0.0,"max_hp_loss":0.0,"gold_gain":0.0,"event_name":"Living Wall","player_choice":"Forget","floor":4.0,"gold_loss":0.0,"damage_taken":0.0},{"cards_removed":["Strike_G"],"damage_healed":0.0,"max_hp_gain":0.0,"max_hp_loss":0.0,"gold_gain":0.0,"event_name":"Back to Basics","player_choice":"Elegance","floor":19.0,"gold_loss":0.0,"damage_taken":0.0},{"cards_removed":["Strike_G"],"damage_healed":0.0,"max_hp_gain":0.0,"max_hp_loss":0.0,"gold_gain":0.0,"event_name":"Bonfire Elementals","player_choice":"Offered Basic","floor":20.0,"gold_loss":0.0,"damage_taken":0.0}],"is_beta":false,"boss_relics":[{"not_picked":["Runic Dome","Velvet Choker"],"picked":"Empty Cage"}],"items_purged_floors":[2,21],"is_endless":false,"potions_floor_spawned":[1,11,13,14,18,25,28,31],"killed_by":"Champ","ascension_level":8}}