{"host":"dbkc9h3etq50r1dq","time":1614458541,"event":{"mods":["100% Spire Juice","AchievementEnabler","BaseMod","Block Reminder","Colored Powertips","Curses Come First","Dark Map","Highlight Path","Keyboard Shortcuts","Minty Spire (QoL Compilation)","Permanent Neow","Potion Indicator Mod","Random Character Button","Rare Cards Sparkle","StSLib","SuperFastMode","Weighted Paths"],"gold_per_floor":[113,113,133,133,146,174,185,185,185,185,360,360,383,397,397,397,397],"floor_reached":16,"language":"ZHS","playtime":406,"items_purged":[],"score":153,"play_id":"edad7326-029d-49cf-bb6d-42adb4213ef7","local_time":"20210228044221","is_ascension_mode":true,"campfire_choices":[{"data":"Inflame","floor":8.0,"key":"SMITH"},{"data":"Uppercut","floor":10.0,"key":"SMITH"},{"floor":15.0,"key":"REST"}],"circlet_count":0,"master_deck":["AscendersBane","Strike_R","Strike_R","Strike_R","Strike_R","Strike_R","Defend_R","Defend_R","Defend_R","Bash","Uppercut+1","Inflame+1","Heavy Blade","Doubt","Battle Trance"],"relics":["Burning Blood","Pantograph","Kunai","Golden Idol"],"acts_visited":["Exordium"],"potions_floor_usage":[16,16],"damage_taken":[{"damage":9.0,"enemies":"2 Louse","floor":1.0,"turns":4.0},{"damage":10.0,"enemies":"Small Slimes","floor":3.0,"turns":3.0},{"damage":3.0,"enemies":"Cultist","floor":5.0,"turns":4.0},{"damage":35.0,"enemies":"3 Sentries","floor":6.0,"turns":8.0},{"damage":13.0,"enemies":"Looter","floor":7.0,"turns":4.0},{"damage":20.0,"enemies":"Large Slime","floor":13.0,"turns":6.0},{"damage":17.0,"enemies":"Exordium Wildlife","floor":14.0,"turns":4.0},{"damage":94,"enemies":"Slime Boss","floor":16,"turns":10}],"seed_played":"5610320256160851225","potions_obtained":[{"floor":1.0,"key":"Block Potion"},{"floor":4.0,"key":"EssenceOfSteel"},{"floor":4.0,"key":"ColorlessPotion"},{"floor":4.0,"key":"BloodPotion"},{"floor":6.0,"key":"SkillPotion"},{"floor":7.0,"key":"FairyPotion"},{"floor":14.0,"key":"Explosive Potion"}],"is_trial":false,"path_per_floor":["M","?","M","?","M","E","M","R","T","R","?","?","M","M","R","B"],"character_chosen":"IRONCLAD","items_purchased":[],"campfire_rested":1,"item_purchase_floors":[],"current_hp_per_floor":[77,70,66,66,69,57,50,50,50,50,50,50,36,25,49,8,8],"gold":397,"neow_bonus":"TEN_PERCENT_HP_BONUS","is_daily":false,"chose_seed":false,"campfire_upgraded":2,"win_rate":0.0,"timestamp":1614458541,"path_taken":["M","?","M","?","?","E","M","R","T","R","?","?","M","M","R","BOSS"],"items_purchased_type":[],"build_version":"2020-12-22","purchased_purges":0,"victory":false,"max_hp_per_floor":[88,88,88,88,88,88,88,88,88,88,88,81,81,81,81,81,81],"card_choices":[{"not_picked":["Burning Pact","Dropkick","Thunderclap"],"picked":"SKIP","floor":1.0},{"not_picked":["Cleave","Entrench"],"picked":"Uppercut","floor":3.0},{"not_picked":["Feel No Pain","Wild Strike","Cleave"],"picked":"SKIP","floor":5.0},{"not_picked":["Iron Wave","Brutality"],"picked":"Inflame","floor":6.0},{"not_picked":["Anger","Shrug It Off"],"picked":"Heavy Blade","floor":7.0},{"not_picked":["Combust","Iron Wave"],"picked":"Battle Trance","floor":13.0},{"not_picked":["Perfected Strike","Shockwave","Clothesline"],"picked":"SKIP","floor":14.0}],"player_experience":220239,"relics_obtained":[{"floor":6.0,"key":"Pantograph"},{"floor":9.0,"key":"Kunai"}],"event_choices":[{"cards_removed":["Defend_R"],"damage_healed":0.0,"max_hp_gain":0.0,"max_hp_loss":0.0,"gold_gain":0.0,"event_name":"Golden Wing","player_choice":"Card Removal","floor":2.0,"gold_loss":0.0,"damage_taken":7.0},{"damage_healed":0.0,"max_hp_gain":0.0,"max_hp_loss":0.0,"gold_gain":0.0,"event_name":"Lab","player_choice":"Got Potions","floor":4.0,"gold_loss":0.0,"damage_taken":0.0},{"damage_healed":0.0,"max_hp_gain":0.0,"max_hp_loss":0.0,"gold_gain":175.0,"event_name":"Liars Game","player_choice":"AGREE","floor":11.0,"gold_loss":0.0,"damage_taken":0.0,"cards_obtained":["Doubt"]},{"damage_healed":0.0,"max_hp_gain":0.0,"max_hp_loss":7.0,"gold_gain":0.0,"event_name":"Golden Idol","player_choice":"Lose Max HP","floor":12.0,"gold_loss":0.0,"damage_taken":0.0,"relics_obtained":["Golden Idol"]}],"is_beta":false,"boss_relics":[],"items_purged_floors":[],"is_endless":false,"potions_floor_spawned":[1,6,7,14],"killed_by":"Slime Boss","ascension_level":10}}