{"host":"ijtyqc57s6c9mbij","time":1614455528,"event":{"mods":["BaseMod","Colored Map","Downfall","Minty Spire (QoL Compilation)","StSLib"],"gold_per_floor":[99,9,23,42,42,53,107,107,122,22,41,41,60,79,102,230,230,230,230,230,255,275,293,293,293,324,157,282,298,98,298,314,314,314,314],"floor_reached":33,"language":"ENG","playtime":1922,"items_purged":["bronze:Strike"],"score":284,"play_id":"b9ab192d-2571-4bdc-bdc6-e4c81e6a5feb","local_time":"20210227115208","daily_mods":["downfall:Hexed"],"is_ascension_mode":false,"campfire_choices":[{"data":"bronze:Replicate","floor":1,"key":"SMITH"},{"floor":8,"key":"RECALL"},{"data":"bronze:Iterate","floor":10,"key":"SMITH"},{"data":"bronze:BitShift","floor":18,"key":"SMITH"},{"floor":30,"key":"DIG"}],"circlet_count":0,"master_deck":["bronze:Defend","bronze:Defend","bronze:Defend","bronze:Defend","bronze:Replicate+1","bronze:Goto","bronze:CutThrough","bronze:DarkDash","bronze:Iterate+1","bronze:Branch","bronze:Flail","bronze:CutThrough","bronze:BitShift+1","bronze:DigitalCarnage","bronze:Flail","bronze:Refactor","bronze:SpaghettiCode","bronze:ItsAFeature","Bite","Bite","Bite","Bite","Bite","bronze:WhirlingStrike+1","bronze:Iterate","bronze:Boost+1","bronze:InfiniteBeams+1","bronze:Deprecate","bronze:DigitalCarnage+1","downfall:Haunted","bronze:ForLoop+1"],"relics":["bronze:BronzeCore","Velvet Choker","bronze:AnalyticalCore","Happy Flower","downfall:HeartBlessingRed","Golden Idol","SacredBark","Bottled Flame","Slimebound:PreparedRelic","ClockworkSouvenir","Shovel","Bottled Tornado","downfall:HeartBlessingGreen","downfall:HeartBlessingBlue","bronze:Mallet"],"acts_visited":["Exordium","TheCity"],"potions_floor_usage":[33,33],"damage_taken":[{"damage":0,"enemies":"downfall:FleeingMerchant","floor":2,"turns":4},{"damage":0,"enemies":"2 Louse","floor":3,"turns":1},{"damage":0,"enemies":"Small Slimes","floor":4,"turns":1},{"damage":0,"enemies":"Jaw Worm","floor":6,"turns":2},{"damage":0,"enemies":"2 Fungi Beasts","floor":9,"turns":1},{"damage":0,"enemies":"Large Slime","floor":11,"turns":3},{"damage":0,"enemies":"3 Louse","floor":13,"turns":1},{"damage":4,"enemies":"2 Fungi Beasts","floor":14,"turns":2},{"damage":0,"enemies":"Exordium Wildlife","floor":15,"turns":1},{"damage":16,"enemies":"SI_SHIV_ARCHETYPE","floor":16,"turns":5},{"damage":0,"enemies":"Spheric Guardian","floor":22,"turns":3},{"damage":0,"enemies":"3 Byrds","floor":23,"turns":3},{"damage":10,"enemies":"Slavers","floor":26,"turns":2},{"damage":2,"enemies":"downfall:FleeingMerchant","floor":27,"turns":4},{"damage":36,"enemies":"DF_ARCHETYPE_STREAMLINE","floor":28,"turns":5},{"damage":5,"enemies":"Centurion and Healer","floor":29,"turns":5},{"damage":0,"enemies":"Chosen and Byrds","floor":32,"turns":2},{"damage":69,"enemies":"IC_MUSHROOM_ARCHETYPE","floor":33,"turns":5}],"seed_played":"1294775443954362918","potions_obtained":[{"floor":4,"key":"SteroidPotion"},{"floor":9,"key":"champ:CounterPotion"},{"floor":11,"key":"Dexterity Potion"},{"floor":22,"key":"FairyPotion"},{"floor":25,"key":"CultistPotion"}],"is_trial":true,"path_per_floor":["R","$","M","M","?","M","T","R","M","R","M","?","M","M","M","B",null,"R","?","?","T","M","M","T","?","E","$","?","M","R","?","M","B"],"character_chosen":"THE_AUTOMATON","items_purchased":["ClockworkSouvenir"],"campfire_rested":0,"item_purchase_floors":[27],"current_hp_per_floor":[70,70,70,70,70,70,70,70,70,70,70,53,53,49,49,33,70,70,70,49,49,49,49,49,49,43,47,13,12,22,22,24,0,0,0],"gold":314,"neow_bonus":"","is_daily":false,"chose_seed":false,"campfire_upgraded":3,"win_rate":0.0,"timestamp":1614455528,"path_taken":["R","$","M","M","?","M","T","R","M","R","M","?","M","M","M","BOSS","R","?","?","?","M","M","T","?","E","$","?","M","R","?","M","BOSS"],"items_purchased_type":["Relic"],"build_version":"2020-12-22","purchased_purges":1,"victory":false,"max_hp_per_floor":[70,70,70,70,70,70,70,70,70,70,70,70,70,70,70,70,70,70,70,49,49,49,49,49,49,49,49,49,49,59,59,59,59,59,59],"card_choices":[{"not_picked":["bronze:Allocate","bronze:FollowUp"],"picked":"bronze:CutThrough","floor":2},{"not_picked":["bronze:BuggyMess","bronze:Turbo"],"picked":"bronze:DarkDash","floor":3},{"not_picked":["bronze:Separator","bronze:Turbo"],"picked":"bronze:Iterate","floor":4},{"not_picked":["bronze:OilSpill","bronze:BronzeArmor"],"picked":"bronze:Flail","floor":6},{"not_picked":["bronze:Shield","bronze:Branch"],"picked":"bronze:CutThrough","floor":9},{"not_picked":["bronze:Deprecate","bronze:FineTuning"],"picked":"bronze:BitShift","floor":11},{"not_picked":["bronze:InfiniteBeams","bronze:ChosenStrike"],"picked":"bronze:DigitalCarnage","floor":13},{"not_picked":["bronze:Philosophize","bronze:Repair"],"picked":"bronze:Flail","floor":14},{"not_picked":["bronze:Overheat","bronze:WildBeam"],"picked":"bronze:Refactor","floor":15},{"not_picked":["bronze:ShipIt","bronze:CleanCode"],"picked":"bronze:SpaghettiCode","floor":16},{"not_picked":["bronze:Turbo","bronze:OilSpill"],"picked":"bronze:WhirlingStrike+1","floor":22},{"not_picked":["bronze:OilSpill","bronze:Safeguard+1"],"picked":"bronze:Iterate","floor":23},{"not_picked":["bronze:WhirlingStrike","bronze:Return"],"picked":"bronze:Boost+1","floor":26},{"not_picked":["bronze:HardenedForm","bronze:Shield"],"picked":"bronze:InfiniteBeams+1","floor":27},{"not_picked":["bronze:Terminator","bronze:WhirlingStrike"],"picked":"bronze:Deprecate","floor":28},{"not_picked":["bronze:FineTuning","bronze:Deprecate"],"picked":"bronze:DigitalCarnage+1","floor":29},{"not_picked":["bronze:Frontload+1","bronze:BugBarrage"],"picked":"bronze:ForLoop+1","floor":32}],"player_experience":1063741,"relics_obtained":[{"floor":7,"key":"Happy Flower"},{"floor":24,"key":"Bottled Flame"},{"floor":26,"key":"Slimebound:PreparedRelic"},{"floor":28,"key":"Shovel"},{"floor":28,"key":"Bottled Tornado"},{"floor":30,"key":"bronze:Mallet"}],"event_choices":[{"damage_healed":0,"gold_gain":0,"cards_transformed":["bronze:Strike"],"player_choice":"Change","damage_taken":0,"max_hp_gain":0,"max_hp_loss":0,"event_name":"Living Wall","floor":5,"gold_loss":0,"cards_obtained":["bronze:Branch"]},{"damage_healed":0,"gold_gain":0,"player_choice":"Take Damage","damage_taken":17,"relics_obtained":["Golden Idol"],"max_hp_gain":0,"max_hp_loss":0,"event_name":"Golden Idol","floor":12,"gold_loss":0},{"damage_healed":0,"gold_gain":0,"player_choice":"Read","damage_taken":0,"max_hp_gain":0,"max_hp_loss":0,"event_name":"The Library","floor":19,"gold_loss":0,"cards_obtained":["bronze:ItsAFeature"]},{"damage_healed":0,"gold_gain":0,"player_choice":"Became a vampire","damage_taken":0,"max_hp_gain":0,"max_hp_loss":21,"event_name":"Vampires","floor":20,"gold_loss":0,"cards_obtained":["Bite","Bite","Bite","Bite","Bite"]}],"is_beta":false,"boss_relics":[{"not_picked":["Snecko Eye","Sozu"],"picked":"SacredBark"}],"items_purged_floors":[2],"is_endless":false,"potions_floor_spawned":[4,9,11,13,15,16,22,26,29],"killed_by":"IC_MUSHROOM_ARCHETYPE","ascension_level":0}}