{"host":"ibckqdmmf9y74ymf","time":1614442373,"event":{"mods":["2.2 Compatiblity","Ascension Unlocker","BaseMod","Colored Map","Curses Come First","Highlight Path","Minty Spire (QoL Compilation)","Quick Restart","Rare Cards Sparkle","Relic Stats","StSLib"],"gold_per_floor":[112,112,123,139,139,139,139,139],"floor_reached":7,"language":"ENG","playtime":240,"items_purged":[],"score":82,"play_id":"af1f627c-c5fa-4b7c-ae8d-b6c29699c2a8","local_time":"20210227171253","is_ascension_mode":true,"campfire_choices":[{"data":"Dagger Spray","floor":6,"key":"SMITH"}],"circlet_count":0,"master_deck":["AscendersBane","Strike_G","Strike_G","Strike_G","Defend_G","Defend_G","Defend_G","Defend_G","Defend_G","Survivor","Neutralize","Slice","Flechettes","PiercingWail","Dagger Spray+1"],"relics":["Sozu"],"acts_visited":["Exordium"],"potions_floor_usage":[],"damage_taken":[{"damage":4,"enemies":"Small Slimes","floor":1,"turns":5},{"damage":0,"enemies":"Jaw Worm","floor":3,"turns":4},{"damage":6,"enemies":"Cultist","floor":4,"turns":5},{"damage":8,"enemies":"Gremlin Nob","floor":7,"turns":3}],"seed_played":"4965661107580959626","potions_obtained":[],"is_trial":false,"path_per_floor":["M","?","M","M","?","R","E"],"character_chosen":"THE_SILENT","items_purchased":[],"campfire_rested":0,"item_purchase_floors":[],"current_hp_per_floor":[55,55,55,49,42,42,34,34],"gold":139,"neow_bonus":"BOSS_RELIC","is_daily":false,"chose_seed":false,"campfire_upgraded":1,"win_rate":0.0,"timestamp":1614442373,"path_taken":["M","?","M","M","?","R","E"],"items_purchased_type":[],"build_version":"2020-12-22","purchased_purges":0,"victory":false,"max_hp_per_floor":[66,66,66,66,66,66,66,66],"relic_stats":{"Sozu":1,"counters":[4,17],"obtain_stats":[{"Sozu":0,"Ring of the Snake":0},{"Sozu":0,"Ring of the Snake":0},{"Sozu":0,"Ring of the Snake":0}]},"card_choices":[{"not_picked":["Calculated Gamble","Bane"],"picked":"Slice","floor":1},{"not_picked":["Flying Knee","Caltrops"],"picked":"PiercingWail","floor":3},{"not_picked":["Deadly Poison","PiercingWail"],"picked":"Dagger Spray","floor":4}],"player_experience":578911,"relics_obtained":[],"event_choices":[{"damage_healed":0,"gold_gain":0,"cards_transformed":["Strike_G"],"player_choice":"Change","damage_taken":0,"max_hp_gain":0,"max_hp_loss":0,"event_name":"Living Wall","floor":2,"gold_loss":0,"cards_obtained":["Flechettes"]},{"cards_removed":["Strike_G"],"damage_healed":0,"gold_gain":0,"player_choice":"Card Removal","damage_taken":7,"max_hp_gain":0,"max_hp_loss":0,"event_name":"Golden Wing","floor":5,"gold_loss":0}],"is_beta":false,"boss_relics":[],"items_purged_floors":[],"is_endless":false,"potions_floor_spawned":[1],"killed_by":"Gremlin Nob","ascension_level":20}}