{"host":"ekdm9k8smkjw8x9v","time":1614451693,"event":{"mods":["BaseMod","Hermit","Minty Spire (QoL Compilation)","Relic Stats","StSLib"],"gold_per_floor":[113,113,288,304,314,342,46,74,74,87,87,50,76,76,76,174,224,241,241,241,60,78,78,113,113,168,185,198,198,214,226,226,321,321,339,352,25,36,54,54,64,64,64],"floor_reached":42,"language":"RUS","playtime":1778,"items_purged":["hermit:Defend_Hermit","hermit:Strike_Hermit"],"score":490,"play_id":"1ca852e0-fa28-499f-9eb5-e73e26f67d66","local_time":"20210228014813","is_ascension_mode":false,"campfire_choices":[{"data":"hermit:EternalForm","floor":11,"key":"SMITH"},{"floor":15,"key":"REST"},{"data":"hermit:Roughhouse","floor":23,"key":"SMITH"},{"data":"hermit:EyeOfTheStorm","floor":25,"key":"SMITH"},{"floor":29,"key":"REST"},{"floor":32,"key":"REST"},{"floor":40,"key":"REST"}],"circlet_count":0,"master_deck":["hermit:Strike_Hermit","hermit:Strike_Hermit","hermit:Strike_Hermit","hermit:Defend_Hermit","hermit:Defend_Hermit","hermit:Defend_Hermit+1","hermit:Snapshot","hermit:Covet","hermit:GhostlyPresence","Doubt","hermit:Headshot","hermit:EyeOfTheStorm+1","hermit:Enervate","hermit:BigShot","hermit:FlashPowder","hermit:Quickdraw","hermit:ItchyTrigger","hermit:EternalForm+1","hermit:TrackingShot+1","hermit:Malice+1","hermit:HeroicBravado","hermit:Shortfuse","hermit:Manifest+1","Injury","hermit:Roughhouse+1","hermit:HighCaliber","hermit:Roulette","hermit:Snipe","hermit:Dive+1","hermit:Headshot+1","hermit:Brawl+1","hermit:Magnum","hermit:Coalescence","hermit:ShadowCloak","hermit:GhostlyPresence+1","hermit:Combo+1","hermit:Cheat+1"],"relics":["hermit:ClaspedLocket","Vajra","HornCleat","Letter Opener","Bottled Tornado","Art of War","Tiny House","Lee\u0027s Waffle","Darkstone Periapt","Bronze Scales","hermit:RyeStalk"],"acts_visited":["Exordium","TheCity","TheBeyond"],"potions_floor_usage":[6,8,13,24,28,28,39,39,39],"damage_taken":[{"damage":5,"enemies":"Small Slimes","floor":1,"turns":3},{"damage":0,"enemies":"2 Louse","floor":4,"turns":2},{"damage":0,"enemies":"Jaw Worm","floor":5,"turns":3},{"damage":13,"enemies":"Gremlin Nob","floor":6,"turns":4},{"damage":12,"enemies":"Lagavulin","floor":8,"turns":5},{"damage":9,"enemies":"Red Slaver","floor":10,"turns":2},{"damage":9,"enemies":"Gremlin Nob","floor":13,"turns":5},{"damage":7,"enemies":"Hexaghost","floor":16,"turns":8},{"damage":8,"enemies":"2 Thieves","floor":18,"turns":4},{"damage":0,"enemies":"Chosen","floor":22,"turns":4},{"damage":13,"enemies":"Book of Stabbing","floor":24,"turns":4},{"damage":16,"enemies":"3 Cultists","floor":27,"turns":4},{"damage":7,"enemies":"Snake Plant","floor":28,"turns":2},{"damage":0,"enemies":"Snecko","floor":30,"turns":4},{"damage":14,"enemies":"Shelled Parasite and Fungi","floor":31,"turns":4},{"damage":49,"enemies":"Champ","floor":33,"turns":10},{"damage":31,"enemies":"3 Darklings","floor":35,"turns":4},{"damage":1,"enemies":"Orb Walker","floor":36,"turns":4},{"damage":31,"enemies":"Jaw Worm Horde","floor":38,"turns":5},{"damage":18,"enemies":"Sphere and 2 Shapes","floor":39,"turns":5},{"damage":25,"enemies":"Maw","floor":41,"turns":7},{"damage":34,"enemies":"Reptomancer","floor":42,"turns":3}],"seed_played":"-8226300489011810990","potions_obtained":[{"floor":4,"key":"Swift Potion"},{"floor":6,"key":"LiquidBronze"},{"floor":10,"key":"BlessingOfTheForge"},{"floor":16,"key":"LiquidBronze"},{"floor":17,"key":"GamblersBrew"},{"floor":18,"key":"Swift Potion"},{"floor":27,"key":"Explosive Potion"},{"floor":33,"key":"SkillPotion"},{"floor":35,"key":"SkillPotion"},{"floor":38,"key":"PowerPotion"}],"is_trial":false,"path_per_floor":["M","?","?","M","M","E","$","E","T","M","R","?","E","?","R","B",null,"M","?","?","$","M","R","E","R","T","M","M","R","M","M","R","B",null,"M","M","$","M","M","R","M","E"],"character_chosen":"HERMIT","items_purchased":["hermit:BigShot","hermit:FlashPowder","hermit:Quickdraw","hermit:ItchyTrigger","Lee\u0027s Waffle","hermit:HighCaliber","hermit:RyeStalk","hermit:ShadowCloak"],"campfire_rested":4,"item_purchase_floors":[7,7,7,7,21,21,37,37],"current_hp_per_floor":[70,70,70,70,70,57,57,45,45,36,36,36,27,12,34,27,80,72,57,57,92,92,92,79,79,79,63,56,83,83,69,92,43,92,61,60,60,29,11,38,13,0,0],"gold":64,"neow_bonus":"RANDOM_COMMON_RELIC","is_daily":false,"chose_seed":false,"campfire_upgraded":3,"win_rate":0.0,"timestamp":1614451693,"path_taken":["M","?","?","M","M","E","$","E","T","M","R","?","E","?","R","BOSS","M","?","?","$","M","R","E","R","T","M","M","R","M","M","R","BOSS","M","M","$","M","M","R","M","E"],"items_purchased_type":["Card","Card","Card","Card","Relic","Card","Relic","Card"],"build_version":"2020-12-22","purchased_purges":2,"victory":false,"max_hp_per_floor":[75,75,75,75,75,75,75,75,75,75,75,75,75,75,75,75,80,80,85,85,92,92,92,92,92,92,92,92,92,92,92,92,92,92,92,92,92,92,92,92,92,92,92],"relic_stats":{"Darkstone Periapt":0,"Lee\u0027s Waffle":35,"counters":[22,96],"Bronze Scales":[146],"Art of War":[0],"Letter Opener":[74],"obtain_stats":[{"Darkstone Periapt":24,"hermit:RyeStalk":37,"Lee\u0027s Waffle":21,"hermit:ClaspedLocket":34,"HornCleat":6,"Tiny House":17,"Bronze Scales":26,"Vajra":0,"Art of War":13,"Letter Opener":8,"Bottled Tornado":9,"hermit:Momento":0},{"Darkstone Periapt":11,"hermit:RyeStalk":18,"Lee\u0027s Waffle":9,"hermit:ClaspedLocket":16,"HornCleat":4,"Tiny House":8,"Bronze Scales":11,"Vajra":0,"Art of War":7,"Letter Opener":5,"Bottled Tornado":5,"hermit:Momento":0},{"Darkstone Periapt":44,"hermit:RyeStalk":76,"Lee\u0027s Waffle":36,"hermit:ClaspedLocket":68,"HornCleat":12,"Tiny House":32,"Bronze Scales":44,"Vajra":0,"Art of War":24,"Letter Opener":17,"Bottled Tornado":17,"hermit:Momento":0}]},"card_choices":[{"not_picked":["hermit:Dive","hermit:Horror"],"picked":"hermit:GhostlyPresence","floor":1},{"not_picked":["hermit:Glare","hermit:GoldenBullet"],"picked":"hermit:Headshot","floor":4},{"not_picked":["hermit:LowProfile","hermit:Gestalt"],"picked":"hermit:EyeOfTheStorm","floor":5},{"not_picked":["hermit:HoleUp","hermit:Snipe"],"picked":"hermit:Enervate","floor":6},{"not_picked":["hermit:SprayPray","hermit:Glare"],"picked":"hermit:EternalForm","floor":8},{"not_picked":["hermit:WideOpen","hermit:Quickdraw"],"picked":"hermit:TrackingShot","floor":10},{"not_picked":["hermit:FlashPowder","hermit:HoleUp"],"picked":"hermit:Malice","floor":13},{"not_picked":["hermit:EternalForm","hermit:HighNoon"],"picked":"hermit:HeroicBravado","floor":16},{"not_picked":["hermit:Desperado","hermit:CalledShot"],"picked":"hermit:Shortfuse","floor":17},{"not_picked":["hermit:TrackingShot","hermit:BodyArmor"],"picked":"hermit:Manifest+1","floor":18},{"not_picked":["hermit:WideOpen+1","hermit:Scavenge+1"],"picked":"hermit:Roulette","floor":22},{"not_picked":["hermit:Cheat","hermit:LoneWolf+1"],"picked":"hermit:Snipe","floor":24},{"not_picked":["hermit:Showdown","hermit:Desperado"],"picked":"hermit:Dive+1","floor":27},{"not_picked":["hermit:LowProfile+1","hermit:BodyArmor","hermit:TrackingShot"],"picked":"SKIP","floor":28},{"not_picked":["hermit:Glare","hermit:Feint"],"picked":"hermit:Headshot+1","floor":30},{"not_picked":["hermit:OverwhelmingPower","hermit:WideOpen"],"picked":"hermit:Brawl+1","floor":31},{"not_picked":["hermit:DeadOrAlive","hermit:HighNoon"],"picked":"hermit:Magnum","floor":33},{"not_picked":["hermit:Manifest+1","hermit:DeadMansHand"],"picked":"hermit:Coalescence","floor":35},{"not_picked":["hermit:Enervate","hermit:CalledShot","hermit:Manifest"],"picked":"SKIP","floor":36},{"not_picked":["hermit:Quickdraw","hermit:Vantage"],"picked":"hermit:GhostlyPresence+1","floor":38},{"not_picked":["hermit:Brawl+1","hermit:FatalDesire"],"picked":"hermit:Combo+1","floor":39},{"not_picked":["hermit:GhostlyPresence","hermit:FlashPowder"],"picked":"hermit:Cheat+1","floor":41}],"player_experience":260625,"relics_obtained":[{"floor":6,"key":"HornCleat"},{"floor":8,"key":"Letter Opener"},{"floor":9,"key":"Bottled Tornado"},{"floor":13,"key":"Art of War"},{"floor":24,"key":"Darkstone Periapt"},{"floor":26,"key":"Bronze Scales"}],"event_choices":[{"damage_healed":0,"gold_gain":0,"player_choice":"Leave","damage_taken":0,"max_hp_gain":0,"max_hp_loss":0,"event_name":"The Cleric","floor":2,"gold_loss":0},{"damage_healed":0,"gold_gain":175,"player_choice":"AGREE","damage_taken":0,"max_hp_gain":0,"max_hp_loss":0,"event_name":"Liars Game","floor":3,"gold_loss":0,"cards_obtained":["Doubt"]},{"damage_healed":0,"gold_gain":0,"player_choice":"Left Gold","damage_taken":0,"max_hp_gain":0,"max_hp_loss":0,"event_name":"World of Goop","floor":12,"gold_loss":37},{"damage_healed":0,"gold_gain":0,"player_choice":"Entered Light","damage_taken":15,"max_hp_gain":0,"max_hp_loss":0,"event_name":"Shining Light","floor":14,"gold_loss":0,"cards_upgraded":["hermit:TrackingShot","hermit:Malice"]},{"damage_healed":0,"gold_gain":0,"player_choice":"Shed Blood","damage_taken":20,"max_hp_gain":5,"max_hp_loss":0,"event_name":"Forgotten Altar","floor":19,"gold_loss":0},{"damage_healed":0,"gold_gain":0,"player_choice":"2 cards matched","damage_taken":0,"max_hp_gain":0,"max_hp_loss":0,"event_name":"Match and Keep!","floor":20,"gold_loss":0,"cards_obtained":["Injury","hermit:Roughhouse"]}],"is_beta":false,"boss_relics":[{"not_picked":["Velvet Choker","Philosopher\u0027s Stone"],"picked":"Tiny House"},{"not_picked":["Runic Dome","Fusion Hammer"],"picked":"hermit:ClaspedLocket"}],"items_purged_floors":[7,37],"is_endless":false,"potions_floor_spawned":[4,6,10,16,18,27,33,35,38],"killed_by":"Reptomancer","ascension_level":0}}