{"host":"szp1d6dso4pv7ddl","time":1614441719,"event":{"mods":["AchievementEnabler","Alarm Clock","BaseMod","Bestiary","Block Reminder","Colored Map","Colored Powertips","Curses Come First","Dark Map","Displayed Cursed Tome","Highlight Path","Minty Spire (QoL Compilation)","Permanent Neow","Quick Restart","Relic Sorter","Relic Stats","StSLib","Synergy Search"],"gold_per_floor":[115,134,78,78,92,92,110,110,110],"floor_reached":8,"language":"ENG","playtime":465,"items_purged":[],"score":96,"play_id":"01326bd8-7545-45f7-8975-db13f6b7ff0a","local_time":"20210227080159","is_ascension_mode":true,"campfire_choices":[{"data":"Neutralize","floor":6,"key":"SMITH"}],"circlet_count":0,"master_deck":["AscendersBane","Strike_G","Strike_G","Strike_G","Strike_G","Strike_G","Defend_G","Defend_G","Defend_G","Defend_G","Defend_G","Survivor","Neutralize+1","Flechettes","Catalyst","Prepared","Dodge and Roll"],"relics":["SacredBark","Golden Idol"],"acts_visited":["Exordium"],"potions_floor_usage":[8],"damage_taken":[{"damage":6,"enemies":"Cultist","floor":1,"turns":5},{"damage":6,"enemies":"2 Louse","floor":2,"turns":4},{"damage":15,"enemies":"Small Slimes","floor":5,"turns":4},{"damage":19,"enemies":"Exordium Wildlife","floor":7,"turns":6},{"damage":15,"enemies":"3 Sentries","floor":8,"turns":2}],"seed_played":"-8811055588703615042","potions_obtained":[{"floor":2,"key":"Weak Potion"}],"is_trial":false,"path_per_floor":["M","M","$","?","M","R","M","E"],"character_chosen":"THE_SILENT","items_purchased":["Poison Potion"],"campfire_rested":0,"item_purchase_floors":[3],"current_hp_per_floor":[53,47,47,47,32,32,13,0,0],"gold":110,"neow_bonus":"BOSS_RELIC","is_daily":false,"chose_seed":false,"campfire_upgraded":1,"win_rate":0.0,"timestamp":1614441719,"path_taken":["M","M","?","?","M","R","M","E"],"items_purchased_type":["Potion"],"build_version":"2020-12-22","purchased_purges":0,"victory":false,"max_hp_per_floor":[66,66,66,60,60,60,60,60,60],"relic_stats":{"counters":[5,21],"Golden Idol":7,"obtain_stats":[{"Golden Idol":4,"SacredBark":0,"Ring of the Snake":0},{"Golden Idol":2,"SacredBark":0,"Ring of the Snake":0},{"Golden Idol":9,"SacredBark":0,"Ring of the Snake":0}]},"card_choices":[{"not_picked":["Slice","Masterful Stab"],"picked":"Flechettes","floor":1},{"not_picked":["Dodge and Roll","Dagger Throw"],"picked":"Catalyst","floor":2},{"not_picked":["Sucker Punch","Deflect"],"picked":"Prepared","floor":5},{"not_picked":["Quick Slash","Eviscerate"],"picked":"Dodge and Roll","floor":7}],"player_experience":1673625,"relics_obtained":[],"event_choices":[{"damage_healed":0,"gold_gain":0,"player_choice":"Lose Max HP","damage_taken":0,"relics_obtained":["Golden Idol"],"max_hp_gain":0,"max_hp_loss":6,"event_name":"Golden Idol","floor":4,"gold_loss":0}],"is_beta":false,"boss_relics":[],"items_purged_floors":[],"is_endless":false,"potions_floor_spawned":[2,7],"killed_by":"3 Sentries","ascension_level":20}}