{"host":"bvp2uifzy1c463d9","time":1614455596,"event":{"mods":["AchievementEnabler","BaseMod","Better Note","Block Reminder","Bossed Relics","Colored Map","Colored Powertips","Hermit","Highlight Path","Hubris","Infinite Spire","Minty Spire (QoL Compilation)","Relic Sorter","Relic Stats","Reliquary","Replay The Spire","StSLib","The Blue Laboratory","Wandering Minibosses"],"gold_per_floor":[139,139,212,487,337,429,461,512,537,537,571,541,596,96,96,214,214,290,168,168,168,202,202,301,301,348,348,411,19,64,64,64],"floor_reached":31,"language":"ENG","playtime":1604,"items_purged":["hermit:HoleUp"],"score":316,"play_id":"b3e96e0a-0566-4db9-b70d-0033f2fb5bf0","local_time":"20210227135316","is_ascension_mode":true,"campfire_choices":[{"floor":10,"key":"REST"},{"data":"hermit:TakeCover","floor":15,"key":"SMITH"},{"data":"HandOfGreed","floor":23,"key":"SMITH"},{"data":"hermit:LoneWolf","floor":25,"key":"SMITH"},{"data":"hermit:LuckOfTheDraw","floor":27,"key":"SMITH"}],"circlet_count":0,"master_deck":["hermit:Strike_Hermit","hermit:Strike_Hermit","hermit:Strike_Hermit","hermit:Strike_Hermit","hermit:Defend_Hermit","hermit:Defend_Hermit","hermit:Defend_Hermit","hermit:Defend_Hermit","hermit:Snapshot","hermit:Covet","Strike_G","Defend_G","HandOfGreed+1","hermit:Roulette","Regret","hermit:LuckOfTheDraw+1","hermit:Brawl","hermit:Shortfuse","hermit:LoneWolf+1","hermit:EyeOfTheStorm","hermit:HighCaliber","hermit:TakeCover+1","hermit:HeroicBravado","hermit:PistolWhip+1","hermit:BodyArmor","hermit:CursedWeapon+1","hermit:CalledShot","hermit:WideOpen"],"relics":["hermit:Momento","Sundial","Dream Catcher","infinitespire:Golems Mask","infinitespire:Beetle Shell","Honey Jar","hubris:Towel","Ring of Panic","Bag of Marbles","Medical Kit","ReplayTheSpireMod:Ninjato"],"acts_visited":["Exordium","TheCity"],"potions_floor_usage":[6,12,16,31],"damage_taken":[{"damage":0,"enemies":"Cultist","floor":1,"turns":3},{"damage":55,"enemies":"3 Sentries","floor":6,"turns":16},{"damage":3,"enemies":"Jaw Worm","floor":7,"turns":4},{"damage":3,"enemies":"2 Louse","floor":8,"turns":4},{"damage":0,"enemies":"Gremlin Gang","floor":11,"turns":3},{"damage":11,"enemies":"Looter","floor":12,"turns":4},{"damage":0,"enemies":"2 Fungi Beasts","floor":13,"turns":4},{"damage":24,"enemies":"Slime Boss","floor":16,"turns":13},{"damage":17,"enemies":"3 Byrds","floor":18,"turns":11},{"damage":3,"enemies":"Shell Parasite","floor":22,"turns":3},{"damage":2,"enemies":"Cultist and Chosen","floor":28,"turns":6},{"damage":32,"enemies":"Snecko","floor":30,"turns":6},{"damage":15,"enemies":"Slavers","floor":31,"turns":3}],"seed_played":"-3440978992536159356","potions_obtained":[{"floor":1,"key":"blueLaboratory:HummingbirdPotion"},{"floor":8,"key":"Weak Potion"},{"floor":11,"key":"blueLaboratory:BottledHope"},{"floor":13,"key":"Swift Potion"},{"floor":28,"key":"blueLaboratory:CorrosionFlask"},{"floor":30,"key":"blueLaboratory:PyrophylliteBrew"}],"is_trial":false,"path_per_floor":["M","T","?","?","$","E","M","M","T","R","M","M","M","$","R_BF","B",null,"M","$","?","?","M","R","?","R","T","R","M","$","M","E"],"character_chosen":"HERMIT","items_purchased":["hermit:LuckOfTheDraw","hermit:Brawl","infinitespire:Golems Mask","infinitespire:Beetle Shell","blueLaboratory:BottleOfVodka","hermit:BodyArmor","Medical Kit","ReplayTheSpireMod:Ninjato"],"campfire_rested":1,"item_purchase_floors":[5,5,14,14,14,19,29,29],"current_hp_per_floor":[75,75,75,75,75,20,17,14,14,36,36,25,25,25,25,1,57,40,40,40,40,37,37,37,37,37,37,35,35,3,0,0],"gold":64,"neow_bonus":"RANDOM_COLORLESS_2","is_daily":false,"chose_seed":false,"campfire_upgraded":4,"win_rate":0.0,"timestamp":1614455596,"path_taken":["M","?","?","?","$","E","M","M","T","R","?","M","?","$","R_BF","BOSS","M","$","?","?","M","R","?","R","T","R","M","?","M","E"],"items_purchased_type":["Card","Card","Relic","Relic","Potion","Card","Relic","Relic"],"build_version":"2020-12-22","purchased_purges":1,"victory":false,"max_hp_per_floor":[75,75,75,75,75,75,75,75,75,75,75,75,75,75,75,75,75,75,75,75,75,75,75,75,75,75,75,75,75,75,75,75],"relic_stats":{"Dream Catcher":1,"counters":[13,80],"Sundial":[8],"Medical Kit":[1],"obtain_stats":[{"Dream Catcher":9,"ReplayTheSpireMod:Ninjato":29,"Sundial":6,"Honey Jar":17,"infinitespire:Golems Mask":14,"infinitespire:Beetle Shell":14,"Bag of Marbles":26,"hubris:Towel":20,"Ring of Panic":21,"Medical Kit":29,"hermit:Momento":0},{"Dream Catcher":4,"ReplayTheSpireMod:Ninjato":11,"Sundial":2,"Honey Jar":8,"infinitespire:Golems Mask":7,"infinitespire:Beetle Shell":7,"Bag of Marbles":10,"hubris:Towel":9,"Ring of Panic":9,"Medical Kit":11,"hermit:Momento":0},{"Dream Catcher":27,"ReplayTheSpireMod:Ninjato":71,"Sundial":19,"Honey Jar":51,"infinitespire:Golems Mask":38,"infinitespire:Beetle Shell":38,"Bag of Marbles":65,"hubris:Towel":62,"Ring of Panic":62,"Medical Kit":71,"hermit:Momento":0}]},"card_choices":[{"not_picked":["ReplayUltimateDefense","Chrysalis"],"picked":"HandOfGreed","floor":0},{"not_picked":["hermit:NoHoldsBarred","hermit:PistolWhip"],"picked":"hermit:Roulette","floor":1},{"not_picked":["hermit:Coalescence","hermit:Snipe"],"picked":"hermit:Shortfuse","floor":6},{"not_picked":["hermit:Quickdraw","hermit:Dive"],"picked":"hermit:LoneWolf","floor":7},{"not_picked":["hermit:Glare","hermit:Quickdraw"],"picked":"hermit:HoleUp","floor":8},{"not_picked":["hermit:BodyArmor","hermit:Cheat"],"picked":"hermit:EyeOfTheStorm","floor":11},{"not_picked":["hermit:GoldenBullet","hermit:GhostlyPresence"],"picked":"hermit:HighCaliber","floor":12},{"not_picked":["hermit:FlashPowder","hermit:Dive"],"picked":"hermit:TakeCover","floor":13},{"not_picked":["hermit:Gambit","hermit:DeadOrAlive"],"picked":"hermit:HeroicBravado","floor":16},{"not_picked":["hermit:LowProfile","hermit:Spite","hermit:BodyArmor"],"picked":"hermit:PistolWhip+1","floor":18},{"not_picked":["hermit:BigShot","hermit:EyeOfTheStorm","hermit:TrackingShot+1"],"picked":"hermit:CursedWeapon+1","floor":22},{"not_picked":["hermit:TrackingShot","hermit:FlashPowder","hermit:Malice"],"picked":"hermit:CalledShot","floor":28},{"not_picked":["hermit:Snipe+1","hermit:Manifest","hermit:SprayPray"],"picked":"hermit:WideOpen","floor":30}],"player_experience":393839,"relics_obtained":[{"floor":6,"key":"Sundial"},{"floor":9,"key":"Dream Catcher"},{"floor":21,"key":"Ring of Panic"},{"floor":26,"key":"Bag of Marbles"}],"event_choices":[{"damage_healed":0,"gold_gain":73,"player_choice":"Gained Gold","damage_taken":0,"max_hp_gain":0,"max_hp_loss":0,"event_name":"Golden Wing","floor":3,"gold_loss":0},{"damage_healed":0,"gold_gain":275,"player_choice":"Desecrate","damage_taken":0,"max_hp_gain":0,"max_hp_loss":0,"event_name":"Golden Shrine","floor":4,"gold_loss":0,"cards_obtained":["Regret"]},{"damage_healed":0,"gold_gain":99,"player_choice":"Stole From Cult","damage_taken":0,"max_hp_gain":0,"max_hp_loss":0,"event_name":"Nest","floor":24,"gold_loss":0}],"is_beta":false,"boss_relics":[{"not_picked":["Snecko Eye","hermit:BartenderGlass"],"picked":"Honey Jar"}],"items_purged_floors":[19],"is_endless":false,"potions_floor_spawned":[1,8,11,13,28,30],"killed_by":"Slavers","ascension_level":5}}