{"host":"qksa0nge77ubun9a","time":1614395903,"event":{"mods":["AchievementEnabler","BaseMod","Colored Map","Colored Powertips","Googly Eyes","Highlight Path","Minty Spire (QoL Compilation)","Quick Restart","StSLib"],"gold_per_floor":[112,112,287,299,299,299,299],"floor_reached":6,"language":"ENG","playtime":487,"items_purged":[],"score":56,"play_id":"ad53dd6b-277c-4aa2-9d18-c663bd93f290","local_time":"20210226191823","is_ascension_mode":true,"campfire_choices":[],"circlet_count":0,"master_deck":["AscendersBane","Strike_R","Strike_R","Strike_R","Strike_R","Strike_R","Defend_R","Defend_R","Defend_R","Bash","Forethought","Headbutt","Doubt","Spot Weakness","Pain"],"relics":["Burning Blood","WarpedTongs"],"acts_visited":[],"potions_floor_usage":[6],"damage_taken":[{"damage":24,"enemies":"Jaw Worm","floor":1,"turns":5},{"damage":13,"enemies":"Small Slimes","floor":4,"turns":4},{"damage":46,"enemies":"3 Sentries","floor":6,"turns":6}],"seed_played":"2005479909516147132","potions_obtained":[{"floor":1,"key":"ColorlessPotion"}],"is_trial":false,"path_per_floor":["M","?","?","M","?","E"],"character_chosen":"IRONCLAD","items_purchased":[],"campfire_rested":0,"item_purchase_floors":[],"current_hp_per_floor":[54,47,47,40,40,0,0],"gold":299,"neow_bonus":"RANDOM_COLORLESS","is_daily":false,"chose_seed":false,"campfire_upgraded":0,"win_rate":0.0,"timestamp":1614395903,"path_taken":["M","?","?","M","?","E"],"items_purchased_type":[],"build_version":"2020-12-22","purchased_purges":0,"victory":false,"max_hp_per_floor":[80,80,80,80,80,80,80],"card_choices":[{"not_picked":["Jack Of All Trades","Discovery"],"picked":"Forethought","floor":0},{"not_picked":["Heavy Blade","Perfected Strike"],"picked":"Headbutt","floor":1},{"not_picked":["Pummel","Seeing Red"],"picked":"Spot Weakness","floor":4}],"player_experience":1446987,"relics_obtained":[],"event_choices":[{"cards_removed":["Defend_R"],"damage_healed":0,"gold_gain":0,"player_choice":"Card Removal","damage_taken":7,"max_hp_gain":0,"max_hp_loss":0,"event_name":"Golden Wing","floor":2,"gold_loss":0},{"damage_healed":0,"gold_gain":175,"player_choice":"AGREE","damage_taken":0,"max_hp_gain":0,"max_hp_loss":0,"event_name":"Liars Game","floor":3,"gold_loss":0,"cards_obtained":["Doubt"]},{"damage_healed":0,"gold_gain":0,"player_choice":"Rummage","damage_taken":0,"relics_obtained":["WarpedTongs"],"max_hp_gain":0,"max_hp_loss":0,"event_name":"Accursed Blacksmith","floor":5,"gold_loss":0,"cards_obtained":["Pain"]}],"is_beta":false,"boss_relics":[],"items_purged_floors":[],"is_endless":false,"potions_floor_spawned":[1],"killed_by":"3 Sentries","ascension_level":13}}