{"host":"1e3ivg30op4goso1","time":1614394539,"event":{"mods":["AchievementEnabler","Ascension Unlocker","BaseMod","Colored Map","Minty Spire (QoL Compilation)","Permanent Neow","Quick Restart","Relic Filter","StSLib","SuperFastMode"],"gold_per_floor":[112,187,201,201,201,227,239,239,239,93,106,106,136,146,146,247,247,263,263,276,126,126,151,151,151,198,198,225,244,196,296,296,391,391,408,408,408,427,389,418,435,119,145,164,209,225,500,528,528,528,528,528,39,72,72,72],"floor_reached":55,"language":"ENG","playtime":2861,"items_purged":["Body Slam","Perfected Strike"],"score":1244,"play_id":"59d3ecbe-6736-4207-a4dd-863b123b3102","local_time":"20210226215539","is_ascension_mode":true,"campfire_choices":[{"floor":12.0,"key":"REST"},{"data":"Armaments","floor":15.0,"key":"SMITH"},{"floor":25.0,"key":"RECALL"},{"floor":32.0,"key":"REST"},{"floor":49,"key":"REST"},{"floor":52,"key":"REST"}],"circlet_count":0,"master_deck":["AscendersBane","Bash","Heavy Blade","Uppercut+1","Armaments+1","Reaper","Heavy Blade","Flame Barrier","Heavy Blade","Body Slam","Juggernaut","Reaper","Intimidate","Thunderclap","Limit Break","Flex","True Grit+1","Heavy Blade+1","Inflame","Armaments+1","Shockwave","Sentinel+1"],"relics":["Snecko Eye","Omamori","Pantograph","Brimstone","Whetstone","Fusion Hammer","Membership Card","Mercury Hourglass","Juzu Bracelet","Unceasing Top","The Courier","Pandora\u0027s Box","Meat on the Bone","TungstenRod","Sling","Lantern","Pen Nib","Toy Ornithopter","CaptainsWheel","Bottled Flame","Nunchaku","Vajra","Frozen Eye","Ornamental Fan","Pear","Boot","Oddly Smooth Stone"],"acts_visited":["Exordium","TheCity","TheBeyond","TheEnding"],"potions_floor_usage":[54,55,55],"damage_taken":[{"damage":6.0,"enemies":"Cultist","floor":1.0,"turns":3.0},{"damage":3.0,"enemies":"2 Louse","floor":3.0,"turns":2.0},{"damage":24.0,"enemies":"Gremlin Nob","floor":6.0,"turns":4.0},{"damage":2.0,"enemies":"Jaw Worm","floor":7.0,"turns":3.0},{"damage":16.0,"enemies":"Exordium Thugs","floor":11.0,"turns":3.0},{"damage":8.0,"enemies":"Lagavulin","floor":13.0,"turns":5.0},{"damage":0.0,"enemies":"3 Louse","floor":14.0,"turns":2.0},{"damage":13.0,"enemies":"The Guardian","floor":16.0,"turns":4.0},{"damage":13.0,"enemies":"3 Byrds","floor":18.0,"turns":3.0},{"damage":24.0,"enemies":"2 Thieves","floor":20.0,"turns":3.0},{"damage":22.0,"enemies":"Book of Stabbing","floor":23.0,"turns":4.0},{"damage":9.0,"enemies":"Slavers","floor":28.0,"turns":4.0},{"damage":19.0,"enemies":"Shelled Parasite and Fungi","floor":29.0,"turns":2.0},{"damage":0.0,"enemies":"Colosseum Slavers","floor":31.0,"turns":2.0},{"damage":21.0,"enemies":"Colosseum Nobs","floor":31.0,"turns":3.0},{"damage":21.0,"enemies":"Automaton","floor":33.0,"turns":6.0},{"damage":25.0,"enemies":"3 Shapes","floor":35.0,"turns":2.0},{"damage":33.0,"enemies":"3 Darklings","floor":38.0,"turns":3.0},{"damage":10.0,"enemies":"Giant Head","floor":40.0,"turns":5.0},{"damage":12,"enemies":"Jaw Worm Horde","floor":41,"turns":3},{"damage":0,"enemies":"Spire Growth","floor":44,"turns":2},{"damage":5,"enemies":"2 Orb Walkers","floor":45,"turns":3},{"damage":11,"enemies":"Writhing Mass","floor":46,"turns":2},{"damage":1,"enemies":"Reptomancer","floor":48,"turns":2},{"damage":80,"enemies":"Donu and Deca","floor":50,"turns":5},{"damage":60,"enemies":"Shield and Spear","floor":54,"turns":5},{"damage":103,"enemies":"The Heart","floor":55,"turns":5}],"seed_played":"-2041189703557405081","potions_obtained":[{"floor":3.0,"key":"Weak Potion"},{"floor":6.0,"key":"Fire Potion"},{"floor":13.0,"key":"SteroidPotion"},{"floor":29.0,"key":"AttackPotion"},{"floor":31.0,"key":"DistilledChaos"},{"floor":33.0,"key":"Weak Potion"},{"floor":35.0,"key":"ColorlessPotion"},{"floor":40.0,"key":"CultistPotion"}],"is_trial":false,"path_per_floor":["M","?","M","?","$","E","M","$","T","$","M","R","E","M","R","B",null,"M","?","M","$","?","E","?","R","T","$","E","M","$","?","R","B",null,"M","?","?","M","$","E","M","$","T","M","?","M","?","E","R","B",null,"R","$","E","B"],"character_chosen":"IRONCLAD","items_purchased":["Brimstone","Membership Card","Flame Barrier","Heavy Blade","Inflame","TungstenRod","Sling","Lantern","Pen Nib","Nunchaku","Vajra","Frozen Eye","Ornamental Fan","Pear","Boot"],"campfire_rested":4,"item_purchase_floors":[10,21,30,30,42,42,42,42,42,53,53,53,53,53,53],"current_hp_per_floor":[66,55,52,52,52,28,26,26,26,26,10,34,26,26,26,38,70,67,67,56,56,56,42,27,27,27,27,30,11,11,22,47,68,81,74,74,74,79,79,69,69,69,69,81,76,85,85,85,85,46,75,85,95,55,0,0],"gold":72,"neow_bonus":"BOSS_RELIC","is_daily":false,"chose_seed":false,"campfire_upgraded":1,"win_rate":0.0,"timestamp":1614394539,"path_taken":["M","?","M","?","$","E","?","?","T","$","M","R","E","M","R","BOSS","M","?","M","$","?","E","?","R","T","$","E","M","$","?","R","BOSS","M","?","?","M","$","E","M","$","T","M","?","M","?","E","R","BOSS","R","$","E","BOSS"],"items_purchased_type":["Relic","Relic","Card","Card","Card","Relic","Relic","Relic","Relic","Relic","Relic","Relic","Relic","Relic","Relic"],"build_version":"2020-12-22","purchased_purges":2,"victory":false,"max_hp_per_floor":[80,80,80,80,80,80,80,80,80,80,80,80,80,80,80,80,80,80,80,80,80,80,80,85,85,85,85,85,85,85,85,85,85,85,85,85,85,85,85,85,85,85,85,85,85,85,85,85,85,85,85,85,95,95,95,95],"card_choices":[{"not_picked":["Iron Wave","Anger","Thunderclap"],"picked":"SKIP","floor":1.0},{"not_picked":["Hemokinesis","Intimidate"],"picked":"Heavy Blade","floor":3.0},{"not_picked":["Carnage","Body Slam"],"picked":"Uppercut","floor":6.0},{"not_picked":["Cleave","Wild Strike"],"picked":"Armaments","floor":7.0},{"not_picked":["Juggernaut","Thunderclap","Pommel Strike"],"picked":"SKIP","floor":11.0},{"not_picked":["Rage","Metallicize","Havoc"],"picked":"SKIP","floor":13.0},{"not_picked":["Shrug It Off","Headbutt","Perfected Strike"],"picked":"SKIP","floor":14.0},{"not_picked":["Brutality","Fiend Fire"],"picked":"Reaper","floor":16.0},{"not_picked":["Twin Strike","Disarm","Ghostly Armor"],"picked":"SKIP","floor":18.0},{"not_picked":["Combust+1","Iron Wave+1","Rupture+1"],"picked":"SKIP","floor":20.0},{"not_picked":["Exhume","Body Slam","Clash"],"picked":"SKIP","floor":23.0},{"not_picked":["Headbutt","Infernal Blade"],"picked":"Heavy Blade","floor":28.0},{"not_picked":["Armaments","Cleave+1","Hemokinesis"],"picked":"SKIP","floor":29.0},{"not_picked":["Hemokinesis","Metallicize","Clash+1"],"picked":"SKIP","floor":35.0},{"not_picked":["Searing Blow","Flex","Clash"],"picked":"SKIP","floor":38.0},{"not_picked":["Flex+1","Clash"],"picked":"True Grit+1","floor":40.0},{"not_picked":["Anger","Sword Boomerang+1"],"picked":"Heavy Blade+1","floor":41},{"not_picked":["Clash","Body Slam","Shrug It Off+1"],"picked":"SKIP","floor":44},{"not_picked":["Anger+1","Reaper"],"picked":"Armaments+1","floor":46},{"not_picked":["Intimidate+1","Anger+1","Shockwave"],"picked":"SKIP","floor":48},{"not_picked":["Intimidate+1","Anger+1"],"picked":"Shockwave","floor":48},{"not_picked":["Infernal Blade+1","Combust+1"],"picked":"Sentinel+1","floor":54}],"player_experience":47283,"relics_obtained":[{"floor":6.0,"key":"Omamori"},{"floor":9.0,"key":"Pantograph"},{"floor":13.0,"key":"Whetstone"},{"floor":23.0,"key":"Mercury Hourglass"},{"floor":28.0,"key":"Juzu Bracelet"},{"floor":31.0,"key":"Unceasing Top"},{"floor":31.0,"key":"The Courier"},{"floor":40.0,"key":"Meat on the Bone"},{"floor":43,"key":"Toy Ornithopter"},{"floor":45,"key":"CaptainsWheel"},{"floor":48,"key":"Bottled Flame"},{"floor":54,"key":"Oddly Smooth Stone"}],"event_choices":[{"damage_healed":0.0,"max_hp_gain":0.0,"max_hp_loss":0.0,"gold_gain":75.0,"event_name":"World of Goop","player_choice":"Gather Gold","floor":2.0,"gold_loss":0.0,"damage_taken":11.0},{"damage_healed":0.0,"max_hp_gain":0.0,"max_hp_loss":0.0,"gold_gain":0.0,"event_name":"The Woman in Blue","player_choice":"Bought 0 Potions","floor":4.0,"gold_loss":0.0,"damage_taken":0.0},{"damage_healed":0.0,"max_hp_gain":0.0,"max_hp_loss":0.0,"gold_gain":0.0,"event_name":"Back to Basics","player_choice":"Simplicity","floor":19.0,"gold_loss":0.0,"damage_taken":0.0,"cards_upgraded":["Strike_R","Strike_R","Strike_R","Strike_R","Defend_R","Defend_R","Defend_R","Defend_R"]},{"damage_healed":0.0,"max_hp_gain":0.0,"max_hp_loss":0.0,"gold_gain":0.0,"event_name":"Ghosts","player_choice":"Ignored","floor":22.0,"gold_loss":0.0,"damage_taken":0.0},{"damage_healed":0.0,"max_hp_gain":5.0,"max_hp_loss":0.0,"gold_gain":0.0,"event_name":"Forgotten Altar","player_choice":"Shed Blood","floor":24.0,"gold_loss":0.0,"damage_taken":20.0},{"damage_healed":0.0,"max_hp_gain":0.0,"max_hp_loss":0.0,"gold_gain":0.0,"event_name":"Colosseum","player_choice":"Fight","floor":31.0,"gold_loss":0.0,"damage_taken":0.0},{"damage_healed":0.0,"max_hp_gain":0.0,"max_hp_loss":0.0,"gold_gain":0.0,"event_name":"Colosseum","player_choice":"Fought Nobs","floor":31.0,"gold_loss":0.0,"damage_taken":0.0},{"damage_healed":0.0,"max_hp_gain":0.0,"max_hp_loss":0.0,"gold_gain":0.0,"event_name":"SensoryStone","player_choice":"Memory 1","floor":36.0,"gold_loss":0.0,"damage_taken":0.0},{"damage_healed":0.0,"max_hp_gain":0.0,"max_hp_loss":0.0,"gold_gain":0.0,"event_name":"Tomb of Lord Red Mask","player_choice":"Ignored","floor":37.0,"gold_loss":0.0,"damage_taken":0.0},{"damage_healed":0,"gold_gain":0,"player_choice":"Fight","damage_taken":0,"max_hp_gain":0,"max_hp_loss":0,"event_name":"Mysterious Sphere","floor":45,"gold_loss":0},{"damage_healed":0,"gold_gain":275,"player_choice":"Desecrate","damage_taken":0,"max_hp_gain":0,"max_hp_loss":0,"event_name":"Golden Shrine","floor":47,"gold_loss":0,"cards_obtained":["Regret"]}],"is_beta":false,"boss_relics":[{"not_picked":["Busted Crown","Runic Cube"],"picked":"Fusion Hammer"},{"not_picked":["Runic Dome","Runic Pyramid"],"picked":"Pandora\u0027s Box"}],"items_purged_floors":[39,53],"is_endless":false,"potions_floor_spawned":[3,6,13,29,31,31,33,35,40,44,48],"killed_by":"The Heart","ascension_level":10}}