{"host":"2e3z4r48quhw80cc","time":1614430343,"event":{"mods":["BaseMod","Minty Spire (QoL Compilation)","Quick Restart","StSLib","SuperFastMode"],"gold_per_floor":[110,110,110,110,133,166,166,187,187,337,412,426,440,74,74,173,173,187,187,187,211,211,211,226,246,246,246,271,271,271,271],"floor_reached":30,"language":"KOR","playtime":646,"items_purged":["Doubt"],"score":446,"play_id":"d42d9888-7ec1-4b8c-a423-7d3d10b51447","local_time":"20210227215223","is_ascension_mode":true,"campfire_choices":[{"floor":7.0,"key":"REST"},{"floor":15.0,"key":"REST"},{"floor":23.0,"key":"REST"},{"floor":27.0,"key":"REST"},{"floor":29,"key":"REST"}],"circlet_count":0,"master_deck":["AscendersBane","Strike_B","Strike_B","Defend_B","Defend_B+1","Defend_B","Defend_B","Zap","Dualcast","Loop","Static Discharge","Capacitor","Consume","Cold Snap","Machine Learning","Leap","Thunder Strike","Pain","Ball Lightning","Creative AI","Biased Cognition","Recycle+1","White Noise"],"relics":["Cracked Core","NeowsBlessing","Golden Idol","Unceasing Top","Mummified Hand","Pantograph","Dream Catcher","Black Star","WarpedTongs","War Paint"],"acts_visited":["Exordium","TheCity"],"potions_floor_usage":[],"damage_taken":[{"damage":0.0,"enemies":"Small Slimes","floor":1.0,"turns":1.0},{"damage":0.0,"enemies":"2 Louse","floor":5.0,"turns":1.0},{"damage":0.0,"enemies":"Gremlin Nob","floor":6.0,"turns":1.0},{"damage":2.0,"enemies":"Jaw Worm","floor":8.0,"turns":3.0},{"damage":14.0,"enemies":"Blue Slaver","floor":12.0,"turns":4.0},{"damage":4.0,"enemies":"Large Slime","floor":13.0,"turns":6.0},{"damage":27.0,"enemies":"Slime Boss","floor":16.0,"turns":12.0},{"damage":24.0,"enemies":"Chosen","floor":18.0,"turns":5.0},{"damage":26.0,"enemies":"3 Byrds","floor":21.0,"turns":4.0},{"damage":10.0,"enemies":"Cultist and Chosen","floor":24.0,"turns":4.0},{"damage":12.0,"enemies":"Snake Plant","floor":25.0,"turns":3.0},{"damage":22,"enemies":"Centurion and Healer","floor":28,"turns":5},{"damage":34,"enemies":"Shelled Parasite and Fungi","floor":30,"turns":3}],"seed_played":"-4650325226955310207","potions_obtained":[{"floor":1.0,"key":"PowerPotion"},{"floor":8.0,"key":"AttackPotion"},{"floor":16.0,"key":"EssenceOfDarkness"},{"floor":28,"key":"PotionOfCapacity"}],"is_trial":false,"path_per_floor":["M","?","?","?","M","E","R","M","T","?","?","M","M","$","R","B",null,"M","?","?","M","?","R","M","M","T","R","M","R","M"],"character_chosen":"DEFECT","items_purchased":["Machine Learning","Dream Catcher"],"campfire_rested":5,"item_purchase_floors":[14,14],"current_hp_per_floor":[64,40,33,28,28,28,49,47,47,47,36,22,18,18,39,37,63,39,39,39,13,13,34,24,12,12,33,11,32,0,0],"gold":271,"neow_bonus":"THREE_ENEMY_KILL","is_daily":false,"chose_seed":false,"campfire_upgraded":0,"win_rate":0.0,"timestamp":1614430343,"path_taken":["M","?","?","?","?","E","R","M","T","?","?","M","?","$","R","BOSS","M","?","?","?","?","R","M","M","T","R","M","R","M"],"items_purchased_type":["Card","Relic"],"build_version":"2020-12-22","purchased_purges":1,"victory":false,"max_hp_per_floor":[71,71,71,71,71,71,71,71,71,71,71,71,71,71,71,71,71,71,71,71,71,71,71,71,71,71,71,71,71,71,71],"card_choices":[{"not_picked":["Streamline","White Noise"],"picked":"Loop","floor":1.0},{"not_picked":["Double Energy","Beam Cell"],"picked":"Static Discharge","floor":5.0},{"not_picked":["Steam","Hologram","Turbo"],"picked":"SKIP","floor":6.0},{"not_picked":["Blizzard","Redo"],"picked":"Capacitor","floor":8.0},{"not_picked":["Barrage","Hologram"],"picked":"Consume","floor":12.0},{"not_picked":["Gash","Compile Driver"],"picked":"Cold Snap","floor":13.0},{"not_picked":["Gash","Go for the Eyes"],"picked":"Leap","floor":15.0},{"not_picked":["Meteor Strike","Biased Cognition"],"picked":"Thunder Strike","floor":16.0},{"not_picked":["Rebound","Gash","Beam Cell"],"picked":"SKIP","floor":18.0},{"not_picked":["Hologram","Skim"],"picked":"Ball Lightning","floor":21.0},{"not_picked":["Rebound","Barrage"],"picked":"Biased Cognition","floor":23.0},{"not_picked":["Gash","Rebound"],"picked":"Recycle","floor":24.0},{"not_picked":["Compile Driver","Steam","Rebound"],"picked":"SKIP","floor":25.0},{"not_picked":["Undo","Ball Lightning+1"],"picked":"White Noise","floor":28}],"player_experience":212327,"relics_obtained":[{"floor":6.0,"key":"Mummified Hand"},{"floor":9.0,"key":"Pantograph"},{"floor":26.0,"key":"War Paint"}],"event_choices":[{"damage_healed":0.0,"max_hp_gain":0.0,"max_hp_loss":0.0,"gold_gain":0.0,"event_name":"Golden Idol","player_choice":"Take Damage","floor":2.0,"gold_loss":0.0,"damage_taken":24.0,"relics_obtained":["Golden Idol"]},{"cards_removed":["Strike_B"],"damage_healed":0.0,"max_hp_gain":0.0,"max_hp_loss":0.0,"gold_gain":0.0,"event_name":"Golden Wing","player_choice":"Card Removal","floor":3.0,"gold_loss":0.0,"damage_taken":7.0},{"damage_healed":0.0,"max_hp_gain":0.0,"max_hp_loss":0.0,"gold_gain":0.0,"event_name":"Scrap Ooze","player_choice":"Success","floor":4.0,"gold_loss":0.0,"damage_taken":5.0,"relics_obtained":["Unceasing Top"]},{"damage_healed":0.0,"max_hp_gain":0.0,"max_hp_loss":0.0,"gold_gain":150.0,"event_name":"Liars Game","player_choice":"AGREE","floor":10.0,"gold_loss":0.0,"damage_taken":0.0,"cards_obtained":["Doubt"]},{"damage_healed":0.0,"max_hp_gain":0.0,"max_hp_loss":0.0,"gold_gain":75.0,"event_name":"World of Goop","player_choice":"Gather Gold","floor":11.0,"gold_loss":0.0,"damage_taken":11.0},{"cards_removed":["Strike_B"],"damage_healed":0.0,"max_hp_gain":0.0,"max_hp_loss":0.0,"gold_gain":0.0,"event_name":"Back to Basics","player_choice":"Elegance","floor":19.0,"gold_loss":0.0,"damage_taken":0.0},{"damage_healed":0.0,"max_hp_gain":0.0,"max_hp_loss":0.0,"gold_gain":0.0,"event_name":"Accursed Blacksmith","player_choice":"Rummage","floor":20.0,"gold_loss":0.0,"damage_taken":0.0,"relics_obtained":["WarpedTongs"],"cards_obtained":["Pain"]},{"damage_healed":0.0,"max_hp_gain":0.0,"max_hp_loss":0.0,"gold_gain":0.0,"event_name":"Match and Keep!","player_choice":"1 cards matched","floor":22.0,"gold_loss":0.0,"damage_taken":0.0,"cards_obtained":["Creative AI"]}],"is_beta":false,"boss_relics":[{"not_picked":["Tiny House","Astrolabe"],"picked":"Black Star"}],"items_purged_floors":[14],"is_endless":false,"potions_floor_spawned":[1,8,16,28],"killed_by":"Shelled Parasite and Fungi","ascension_level":15}}