{"host":"zefmhu9ryehjj4p1","time":1614447943,"event":{"mods":["100% Spire Juice","2.2 Compatiblity","Act Like it!","Aspiration","Aya Shameimaru","BaseMod","Beaked The Cultist","Better Note","CapriCore","ChefMod","Colored Powertips","Dark Map","DeckTracker","Downfall","Ekko","Elementarium","Friendly Minions","Gensokyo","Hallownest","Hermit","Highlight Path","Hubris","Infinite Spire","Koishi","Library of Ruina","Library of Ruina Extra","Luminous","Marisa????????","Minty Spire (QoL Compilation)","Random Character Button","Reimu??????","Reliquary","Remilia??????","Replay The Spire","Ruina","Shade Mod","Shapeshifter Mod","StSLib","The Administrix","The Blue Laboratory","The Bug Knight","The Construct","The Cursed","The Gatherer","The Hierophant","The Immortal","The Judge","The Marked","The Mystic","The Runesmith","The Senshi","The Servant 0.9.4","The Vixen","The Wild Card","TheVacant","Wandering Minibosses"],"gold_per_floor":[117,131,147,147,165,194,194,205,205,224,258,258,258,273,273,368,368,380,380,407,278,288,288,304,334,334,345,345,363,363,378,378,474,474,494,494,460,470,481,481,497,497,497,517,532,532,532,532,532,532,532,532,532,230,230,230],"floor_reached":55,"language":"ENG","playtime":2270,"items_purged":["Elementarium:StickyTar"],"score":653,"play_id":"9fcd164c-9390-4854-9e1b-5dfc8cb8ebc4","local_time":"20210227184543","is_ascension_mode":false,"campfire_choices":[{"data":"Runesmith:CraftFirestone","floor":7,"key":"SMITH"},{"floor":15,"key":"REST"},{"data":"Runesmith:MetallurgicalResearch","floor":23,"key":"SMITH"},{"floor":28,"key":"REST"},{"floor":30,"key":"REST"},{"floor":32,"key":"RECALL"},{"floor":40,"key":"REST"},{"floor":42,"key":"REST"},{"floor":47,"key":"REST"},{"floor":49,"key":"REST"},{"data":"Runesmith:Firestorm","floor":53,"key":"SMITH"}],"circlet_count":0,"master_deck":["Runesmith:Strike_RS","Runesmith:Strike_RS","Runesmith:Strike_RS","Runesmith:Defend_RS","Runesmith:Defend_RS","Runesmith:Defend_RS","Runesmith:Defend_RS","Runesmith:CraftFirestone+1","Runesmith:Fortify","Runesmith:CraftMagma","Runesmith:HeatedChisel","Runesmith:CraftMagma","Runesmith:HeatExchange","Runesmith:ChiselStab","Runesmith:EarthShield","Runesmith:MetallurgicalResearch+1","Runesmith:ChiselStab","Runesmith:Firestorm+1"],"relics":["Runesmith:BrokenRuby","aspiration:Nostalgia","bronze:BronzeCore","Oddly Smooth Stone","Philosopher\u0027s Stone","Simple Rune","Replay:Bottled Steam","hubris:MysteriousPyramids","Elementarium:ElementariumTrophy","Replay:Grab Bag","Cursed Key","reliquary:WritOfMandamus","construct:WeddingRing","infinitespire:Lucky Rock","Runesmith:MiniCore"],"acts_visited":["Exordium","Elementarium:Elementarium","Gensokyo:Gensokyoest","TheEnding"],"potions_floor_usage":[39],"damage_taken":[{"damage":0,"enemies":"Small Slimes","floor":1,"turns":4},{"damage":6,"enemies":"Jaw Worm","floor":2,"turns":3},{"damage":0,"enemies":"Cultist","floor":3,"turns":3},{"damage":16,"enemies":"Exordium Thugs","floor":5,"turns":5},{"damage":4,"enemies":"HollowMod:MossKnight","floor":6,"turns":9},{"damage":8,"enemies":"Exordium Wildlife","floor":8,"turns":4},{"damage":0,"enemies":"Blue Slaver","floor":10,"turns":3},{"damage":23,"enemies":"Lagavulin","floor":11,"turns":6},{"damage":6,"enemies":"2 Fungi Beasts","floor":14,"turns":3},{"damage":3,"enemies":"Hexaghost","floor":16,"turns":10},{"damage":6,"enemies":"Elementarium:MUD_AND_TAR_GOLEMS","floor":18,"turns":5},{"damage":8,"enemies":"Elementarium:2_ELEMENTALS","floor":22,"turns":3},{"damage":2,"enemies":"Elementarium:VoidBeast","floor":24,"turns":3},{"damage":19,"enemies":"Elementarium:FIRE_NOBILITY","floor":25,"turns":6},{"damage":17,"enemies":"Elementarium:STONE_GOLEMS","floor":27,"turns":4},{"damage":3,"enemies":"Elementarium:CYCLONE_AND_LIVING_STORMCLOUD","floor":29,"turns":5},{"damage":3,"enemies":"Elementarium:Hydrostalker","floor":31,"turns":4},{"damage":11,"enemies":"Elementarium:GolemEmperor","floor":33,"turns":10},{"damage":31,"enemies":"Gensokyo:AncientGuardian","floor":35,"turns":5},{"damage":15,"enemies":"Gensokyo:3_Boulders","floor":38,"turns":4},{"damage":25,"enemies":"Gensokyo:Dusk_and_Dawn","floor":39,"turns":4},{"damage":25,"enemies":"Gensokyo:Rafflesia","floor":41,"turns":7},{"damage":0,"enemies":"Gensokyo:SeedOfUnknown","floor":44,"turns":4},{"damage":23,"enemies":"Gensokyo:Dusk_and_Dawn","floor":45,"turns":4},{"damage":23,"enemies":"Gensokyo:Yuyuko","floor":50,"turns":8},{"damage":94,"enemies":"Shield and Spear","floor":55,"turns":3}],"seed_played":"346999255182318410","potions_obtained":[{"floor":1,"key":"Reflective Coating"},{"floor":3,"key":"blueLaboratory:FruitPunch"},{"floor":8,"key":"champ:CounterPotion"},{"floor":39,"key":"Dexterity Potion"}],"is_trial":false,"path_per_floor":["M","M","M","?","M","E","R","M","T","M","E","?","?","M","R","B",null,"M","?","T","$","M","R","M","E","T","M","R","M","R","M","R","B",null,"M","?","$","M","M","R","M","R","T","M","M","?","R","?","R","B",null,null,"R","$","E"],"character_chosen":"RUNESMITH_CLASS","items_purchased":["Runesmith:ChiselStab","Runesmith:Firestorm","infinitespire:Lucky Rock","Runesmith:MiniCore"],"campfire_rested":7,"item_purchase_floors":[21,37,54,54],"current_hp_per_floor":[70,64,64,64,48,44,44,36,36,36,13,13,13,7,28,25,70,64,64,64,64,56,56,54,35,35,18,39,36,57,54,54,43,70,39,46,46,31,8,29,4,25,25,25,2,2,23,26,48,48,48,75,75,75,0,0],"gold":230,"neow_bonus":"NOSTALGIA","is_daily":false,"chose_seed":false,"campfire_upgraded":3,"win_rate":0.0,"timestamp":1614447943,"path_taken":["M","M","M","?","M","E","R","M","T","M","E","?","?","M","R","BOSS","M","?","?","?","M","R","M","E","T","M","R","M","R","M","R","BOSS","M","?","?","?","?","R","M","R","T","M","M","?","R","?","R","BOSS","R","$","E"],"items_purchased_type":["Card","Card","Relic","Relic"],"build_version":"2020-12-22","purchased_purges":1,"victory":false,"max_hp_per_floor":[70,70,70,70,70,70,70,70,70,70,70,70,70,70,70,70,70,70,70,70,70,70,70,70,70,70,70,70,70,70,70,70,70,70,70,70,70,70,72,72,72,72,72,72,72,72,72,75,75,75,75,75,75,75,75,75],"card_choices":[{"not_picked":["Runesmith:HeatedChisel","Runesmith:Repurpose"],"picked":"Runesmith:CraftMagma","floor":1},{"not_picked":["Runesmith:StaticCage","Runesmith:RuneHurl"],"picked":"Runesmith:HeatedChisel","floor":2},{"not_picked":["aspiration:UnbridledHammer","Runesmith:FissionHammer"],"picked":"Runesmith:CraftMagma","floor":3},{"not_picked":["Runesmith:CraftMagma","Runesmith:CraftObretio"],"picked":"Runesmith:HeatExchange","floor":5},{"not_picked":["Runesmith:Overpower","Runesmith:CraftMagma","Runesmith:BackupBattery"],"picked":"SKIP","floor":6},{"not_picked":["Runesmith:CraftMagma","Runesmith:Accelerate","Runesmith:HeatedChisel"],"picked":"SKIP","floor":8},{"not_picked":["Runesmith:Overpower","Runesmith:Accelerate"],"picked":"Runesmith:ChiselStab","floor":10},{"not_picked":["Runesmith:Malloc","Runesmith:CraftMagma"],"picked":"Runesmith:EarthShield","floor":11},{"not_picked":["Runesmith:CraftMagma","Runesmith:HammerThrow","Runesmith:HeatExchange"],"picked":"SKIP","floor":14},{"not_picked":["Runesmith:CraftMedicinae","Runesmith:DuctTape"],"picked":"Runesmith:MetallurgicalResearch","floor":16},{"not_picked":["Runesmith:Refine","Runesmith:PoweredAnvil","Runesmith:HeatExchange"],"picked":"SKIP","floor":18},{"not_picked":["Runesmith:Electrocute","Runesmith:CraftReservo","Runesmith:Malloc+1"],"picked":"SKIP","floor":22},{"not_picked":["Runesmith:CraftMagma+1","Runesmith:Attraction","Runesmith:ShiftingStrike+1"],"picked":"SKIP","floor":24},{"not_picked":["Runesmith:HeatedChisel","Runesmith:GoWithTheFlow","Runesmith:PerfectChisel"],"picked":"SKIP","floor":25},{"not_picked":["Runesmith:GoWithTheFlow","Runesmith:Overpower+1","Runesmith:Retool"],"picked":"SKIP","floor":27},{"not_picked":["Runesmith:Repurpose+1","Runesmith:CraftProtectio+1","Runesmith:HammerThrow+1"],"picked":"SKIP","floor":29},{"not_picked":["Runesmith:Accelerate","Runesmith:BackupBattery","Runesmith:StaticCage+1"],"picked":"SKIP","floor":31},{"not_picked":["Runesmith:HammerTime","Runesmith:HeatExchange+1","Runesmith:Overpower+1"],"picked":"SKIP","floor":35},{"not_picked":["Runesmith:ChiselStab","Runesmith:FrozenChisel+1","Runesmith:EarthShield+1"],"picked":"SKIP","floor":38},{"not_picked":["Runesmith:Overpower","Runesmith:ChiselStab","Runesmith:CraftMagma+1"],"picked":"SKIP","floor":39},{"not_picked":["Runesmith:OneForEveryone","Runesmith:Superposition+1","Runesmith:CraftProtectio+1"],"picked":"SKIP","floor":41},{"not_picked":["Runesmith:MakeshiftArmor+1","Runesmith:PerfectChisel","Runesmith:CraftProtectio"],"picked":"SKIP","floor":44},{"not_picked":["Runesmith:NanitesCloud+1","Runesmith:BackupBattery+1","Runesmith:Repurpose"],"picked":"SKIP","floor":45}],"player_experience":229790,"relics_obtained":[{"floor":6,"key":"Oddly Smooth Stone"},{"floor":20,"key":"Simple Rune"},{"floor":25,"key":"Replay:Bottled Steam"},{"floor":26,"key":"hubris:MysteriousPyramids"}],"event_choices":[{"damage_healed":0,"gold_gain":0,"player_choice":"Bought 0 Potions","damage_taken":0,"max_hp_gain":0,"max_hp_loss":0,"event_name":"The Woman in Blue","floor":13,"gold_loss":0},{"damage_healed":0,"gold_gain":0,"player_choice":"Ignored","damage_taken":0,"max_hp_gain":0,"max_hp_loss":0,"event_name":"Elementarium:TarCoveredCasket","floor":19,"gold_loss":0}],"is_beta":false,"boss_relics":[{"not_picked":["hubris:RunicObelisk","hubris:Backtick"],"picked":"Philosopher\u0027s Stone"},{"not_picked":["ReplayTheSpireMod:SealedPack","ReplayTheSpireMod:DimensionalGlitch"],"picked":"Replay:Grab Bag"},{"not_picked":["reliquary:Craggleroot","Fusion Hammer"],"picked":"Cursed Key"},{"not_picked":["ReplayTheSpireMod:Onyx Gauntlets","Runic Dome"],"picked":"reliquary:WritOfMandamus"},{"not_picked":["Kintsugi","aspiration:MobileForge"],"picked":"construct:WeddingRing"}],"items_purged_floors":[21],"is_endless":false,"potions_floor_spawned":[1,3,8,10,24,25,31,39,44],"killed_by":"Shield and Spear","ascension_level":0}}