{"host":"o3b7ow6d1xe49css","time":1614404423,"event":{"mods":["Act Like it!","Aspiration","BaseMod","Bestiary","Better Altar","Better Match","Better Note","Better Sensory Stone","Better Skull","Better Third Choice","Colored Powertips","Conspire","Energized Spire","Force Act Four","GifTheSpireLib","Halation","Hermit","Hubris","Infinite Spire","Lobotomy","Minty Spire (QoL Compilation)","Quick Restart","Rare Cards Sparkle","Relic Filter Mod","Reliquary","Replay The Spire","Spicy Shops","Spikes Relics","StSLib","Stuff the Spire","The Blue Laboratory","The Jungle","Wandering Minibosses"],"gold_per_floor":[115,130,141,8,8,8,134,166,166,201,50,50,65,84,84,84,84],"floor_reached":16,"language":"ENG","playtime":716,"items_purged":["Strike_G","Strike_G"],"score":240,"play_id":"40d33b2a-07b2-4bd2-b754-569ca051ac5c","local_time":"20210226204023","daily_mods":["Heirloom","Flight"],"is_ascension_mode":true,"campfire_choices":[{"data":"Cloak And Dagger","floor":6,"key":"SMITH"},{"floor":12,"key":"REST"}],"circlet_count":0,"master_deck":["AscendersBane","Strike_G","Strike_G","Strike_G","Defend_G","Defend_G","Defend_G","Defend_G","Defend_G","Survivor","Neutralize","Scorched","Cloak And Dagger+1","ReplayTheSpireMod:Scrap Shanks","Dagger Spray","Tools of the Trade","Acrobatics","hubris:NaturalOne","Prepared","Blade Dance","Choke","Looming Evil"],"relics":["Ring of the Snake","Ring of Chaos","Bird Faced Urn","CogitoBucket","hubris:Icosahedron","Chameleon Ring","StuffTheSpire:Tea","Oddly Smooth Stone","ReplayTheSpireMod:Ring of Exchange","ReplayTheSpireMod:Ring of Collecting"],"acts_visited":["Exordium"],"potions_floor_usage":[7,10,14],"damage_taken":[{"damage":7,"enemies":"Small Slimes","floor":1,"turns":4},{"damage":1,"enemies":"2 Louse","floor":2,"turns":2},{"damage":4,"enemies":"Cultist","floor":3,"turns":3},{"damage":2,"enemies":"3 Sentries","floor":7,"turns":2},{"damage":23,"enemies":"Lagavulin","floor":8,"turns":7},{"damage":20,"enemies":"3 Sentries","floor":10,"turns":4},{"damage":0,"enemies":"Exordium Wildlife","floor":13,"turns":3},{"damage":10,"enemies":"Large Slime","floor":14,"turns":5},{"damage":33,"enemies":"Hexaghost","floor":16,"turns":7}],"seed_played":"7632560231554348349","potions_obtained":[{"floor":3,"key":"Strength Potion"},{"floor":7,"key":"blueLaboratory:FruitPreserves"},{"floor":8,"key":"blueLaboratory:ArtistsPotion"},{"floor":10,"key":"Poison Potion"}],"is_trial":true,"path_per_floor":["M","M","M","$","?","R","E","E","T","E","$","R","M","M","R","B"],"character_chosen":"THE_SILENT","items_purchased":["Dagger Spray","Prepared"],"campfire_rested":1,"item_purchase_floors":[4,11],"current_hp_per_floor":[52,51,47,47,47,47,47,30,30,14,14,33,35,27,27,0,0],"gold":84,"neow_bonus":"","is_daily":false,"chose_seed":false,"campfire_upgraded":1,"win_rate":0.0,"timestamp":1614404423,"path_taken":["M","M","M","$","?","R","E","E","T","E","$","R","M","?","R","BOSS"],"items_purchased_type":["Card","Card"],"build_version":"2020-12-22","purchased_purges":2,"victory":false,"max_hp_per_floor":[66,66,66,66,66,66,66,66,66,66,66,66,66,66,66,66,66],"card_choices":[{"not_picked":["Funeral","OldLady","CherryBlossoms"],"picked":"Singing Bowl","floor":1},{"not_picked":["Variant","PunishingBird"],"picked":"Scorched","floor":1},{"not_picked":["Flying Knee","Outmaneuver","Dodge and Roll"],"picked":"SKIP","floor":1},{"not_picked":["StuffTheSpire:Python","Underhanded Strike"],"picked":"Cloak And Dagger","floor":2},{"not_picked":["WallGazer","CherryBlossoms","BeautyBeast"],"picked":"Singing Bowl","floor":2},{"not_picked":["Dodge and Roll","Venomology"],"picked":"ReplayTheSpireMod:Scrap Shanks","floor":3},{"not_picked":["WallGazer","FairyFestival","MHz"],"picked":"Singing Bowl","floor":3},{"not_picked":["StuffTheSpire:BumpUp","ReplayTheSpireMod:From All Sides"],"picked":"Tools of the Trade","floor":7},{"not_picked":["StuffTheSpire:BumpUp","StuffTheSpire:Python"],"picked":"Acrobatics","floor":8},{"not_picked":["Murderer","VoidDream","WallGazer"],"picked":"Singing Bowl","floor":8},{"not_picked":["All Out Attack","StuffTheSpire:Fury","Sneak Up"],"picked":"SKIP","floor":10},{"not_picked":["SpiderBud","WallGazer","Wellcheers"],"picked":"Singing Bowl","floor":13},{"not_picked":["Prepared","StuffTheSpire:BumpUp"],"picked":"Blade Dance","floor":13},{"not_picked":["Skewer","ReplayTheSpireMod:Shiv Toss"],"picked":"Choke","floor":14}],"player_experience":1517809,"relics_obtained":[{"floor":7,"key":"Chameleon Ring"},{"floor":8,"key":"StuffTheSpire:Tea"},{"floor":10,"key":"Oddly Smooth Stone"},{"floor":15,"key":"ReplayTheSpireMod:Ring of Exchange"},{"floor":15,"key":"ReplayTheSpireMod:Ring of Collecting"}],"event_choices":[],"is_beta":false,"boss_relics":[],"items_purged_floors":[4,11],"is_endless":false,"potions_floor_spawned":[3,7,8,10],"killed_by":"Hexaghost","ascension_level":20}}