{"host":"pi8b3ffzwvxqztac","time":1614435830,"event":{"mods":["BaseMod","Colored Map","Custom Start","Downfall","Minty Spire (QoL Compilation)","StSLib"],"gold_per_floor":[20,40,54,81,98,98,98,162,162,190,190,200,217,235,235,335,335,351,450,475,140,160,160,194,213,213,238,238,249,281,292,292,395,395,405,421,421,421,440,440,91,91,116,134,134,134,159,186,186,186],"floor_reached":51,"language":"ENG","playtime":2530,"items_purged":["Strike_B"],"score":1153,"play_id":"bce19e12-7d19-43bc-84ae-f7b703ac99ee","local_time":"20210228032350","is_ascension_mode":true,"campfire_choices":[{"data":"Zap","floor":6,"key":"SMITH"},{"data":"Self Repair","floor":11,"key":"SMITH"},{"data":"Redo","floor":15,"key":"SMITH"},{"data":"Hologram","floor":23,"key":"SMITH"},{"floor":28,"key":"REST"},{"data":"Blizzard","floor":32,"key":"SMITH"},{"data":"Conserve Battery","floor":40,"key":"SMITH"},{"data":"Conserve Battery","floor":42,"key":"SMITH"},{"data":"Cold Snap","floor":45,"key":"SMITH"},{"data":"Seek","floor":49,"key":"SMITH"}],"circlet_count":0,"master_deck":["Strike_B","Strike_B","Defend_B","Defend_B+1","Defend_B","Defend_B","Zap+1","Dualcast+1","Self Repair+1","Leap","Melter","Blizzard+1","Cold Snap+1","Go for the Eyes+1","Scrape+1","Redo+1","Conserve Battery+1","All For One+1","Hologram+1","Cold Snap+1","Coolheaded+1","Conserve Battery+1","Streamline+1","Go for the Eyes+1","Machine Learning","Cold Snap+1","Leap","Barrage+1","Sweeping Beam+1","Seek+1"],"relics":["Cracked Core","hexamod:Sixitude","Regal Pillow","HornCleat","Molten Egg 2","War Paint","Inserter","Omamori","Shuriken","Kunai","Ancient Tea Set","Meat on the Bone","Blue Candle","Coffee Dripper","Guardian:PocketSentry","Vajra","CeramicFish"],"acts_visited":["Exordium","TheCity","TheBeyond"],"potions_floor_usage":[8,16,18,22,24,30,50],"damage_taken":[{"damage":1,"enemies":"Cultist","floor":1,"turns":3},{"damage":3,"enemies":"Small Slimes","floor":2,"turns":4},{"damage":2,"enemies":"Jaw Worm","floor":3,"turns":4},{"damage":10,"enemies":"2 Fungi Beasts","floor":5,"turns":3},{"damage":15,"enemies":"Gremlin Nob","floor":8,"turns":3},{"damage":23,"enemies":"Lagavulin","floor":10,"turns":7},{"damage":12,"enemies":"Exordium Wildlife","floor":12,"turns":3},{"damage":5,"enemies":"3 Louse","floor":13,"turns":2},{"damage":9,"enemies":"2 Fungi Beasts","floor":14,"turns":2},{"damage":0,"enemies":"The Guardian","floor":16,"turns":11},{"damage":8,"enemies":"Shell Parasite","floor":18,"turns":5},{"damage":0,"enemies":"Spheric Guardian","floor":22,"turns":3},{"damage":33,"enemies":"Slavers","floor":24,"turns":6},{"damage":15,"enemies":"Centurion and Healer","floor":25,"turns":6},{"damage":34,"enemies":"Book of Stabbing","floor":27,"turns":7},{"damage":4,"enemies":"Snake Plant","floor":29,"turns":3},{"damage":45,"enemies":"Gremlin Leader","floor":30,"turns":7},{"damage":0,"enemies":"Snecko","floor":31,"turns":4},{"damage":39,"enemies":"Champ","floor":33,"turns":12},{"damage":0,"enemies":"3 Shapes","floor":35,"turns":5},{"damage":2,"enemies":"Orb Walker","floor":36,"turns":3},{"damage":13,"enemies":"Spire Growth","floor":39,"turns":5},{"damage":0,"enemies":"Maw","floor":44,"turns":8},{"damage":0,"enemies":"Transient","floor":47,"turns":5},{"damage":0,"enemies":"Jaw Worm Horde","floor":48,"turns":4},{"damage":0,"enemies":"Donu and Deca","floor":50,"turns":9}],"seed_played":"-3501707297697144492","potions_obtained":[{"floor":1,"key":"Energy Potion"},{"floor":2,"key":"AttackPotion"},{"floor":5,"key":"Weak Potion"},{"floor":8,"key":"PowerPotion"},{"floor":16,"key":"champ:CounterPotion"},{"floor":27,"key":"SpeedPotion"},{"floor":29,"key":"SmokeBomb"},{"floor":31,"key":"Block Potion"},{"floor":33,"key":"Block Potion"},{"floor":39,"key":"DistilledChaos"}],"is_trial":false,"path_per_floor":["M","M","M","T","M","R","?","?","T","E","R","M","M","M","R","B",null,"M","?","T","$","M","R","E","M","T","E","R","M","E","M","R","B",null,"M","M","?","?","M","R","$","R","T","M","R","?","M","M","R","B",null],"character_chosen":"DEFECT","items_purchased":["Shuriken","Guardian:PocketSentry","Vajra","Barrage+1"],"campfire_rested":1,"item_purchase_floors":[21,41,41,41],"current_hp_per_floor":[67,71,75,75,72,72,72,64,64,48,48,46,41,42,42,62,72,74,74,74,74,75,75,52,47,47,23,60,56,33,55,55,38,66,75,73,71,71,68,68,68,68,68,71,71,71,71,71,71,71],"gold":186,"neow_bonus":"ONE_RARE_RELIC","is_daily":false,"chose_seed":false,"campfire_upgraded":9,"win_rate":0.0,"timestamp":1614435830,"path_taken":["M","M","M","?","M","R","?","?","T","E","R","M","M","M","R","BOSS","M","?","?","$","M","R","E","M","T","E","R","M","E","M","R","BOSS","M","M","?","?","M","R","$","R","T","M","R","?","M","M","R","BOSS"],"items_purchased_type":["Relic","Relic","Relic","Card"],"build_version":"2020-12-22","purchased_purges":1,"victory":true,"max_hp_per_floor":[75,75,75,75,75,75,75,75,75,75,75,75,75,75,75,75,75,75,75,75,75,75,75,75,75,75,75,75,75,75,75,75,75,75,75,75,71,71,71,71,71,71,71,71,71,71,71,71,71,71],"card_choices":[{"not_picked":["Double Energy","Undo"],"picked":"Self Repair","floor":1},{"not_picked":["Steam","Barrage"],"picked":"Leap","floor":2},{"not_picked":["Sweeping Beam","Heatsinks"],"picked":"Melter","floor":3},{"not_picked":["Ball Lightning","Turbo"],"picked":"Blizzard","floor":5},{"not_picked":["Streamline","Defragment"],"picked":"Cold Snap","floor":8},{"not_picked":["Amplify","Conserve Battery"],"picked":"Go for the Eyes+1","floor":10},{"not_picked":["Stack","Conserve Battery"],"picked":"Scrape+1","floor":12},{"not_picked":["Coolheaded","Reprogram"],"picked":"Redo","floor":13},{"not_picked":["Reinforced Body","Barrage+1"],"picked":"Conserve Battery","floor":14},{"not_picked":["Multi-Cast","Thunder Strike+1"],"picked":"All For One+1","floor":16},{"not_picked":["Ball Lightning+1","Sweeping Beam+1"],"picked":"Gash+1","floor":18},{"not_picked":["Stack","Redo"],"picked":"Hologram","floor":22},{"not_picked":["Biased Cognition","Capacitor"],"picked":"Cold Snap+1","floor":24},{"not_picked":["Loop","White Noise","Compile Driver+1"],"picked":"SKIP","floor":25},{"not_picked":["Ball Lightning+1","Compile Driver+1"],"picked":"Coolheaded+1","floor":27},{"not_picked":["Aggregate","Turbo"],"picked":"Conserve Battery","floor":29},{"not_picked":["Turbo","Echo Form"],"picked":"Streamline+1","floor":30},{"not_picked":["Redo","Conserve Battery"],"picked":"Go for the Eyes+1","floor":31},{"not_picked":["All For One+1","Rainbow"],"picked":"Machine Learning","floor":33},{"not_picked":["Go for the Eyes+1","Ball Lightning+1","Steam Power"],"picked":"SKIP","floor":35},{"not_picked":["BootSequence+1","Sweeping Beam+1"],"picked":"Cold Snap+1","floor":36},{"not_picked":["Aggregate+1","Reinforced Body"],"picked":"Leap","floor":39},{"not_picked":["Fusion+1","Redo","Tempest"],"picked":"SKIP","floor":44},{"not_picked":["Capacitor+1","Conserve Battery"],"picked":"Sweeping Beam+1","floor":47},{"not_picked":["Undo","Stack"],"picked":"Seek","floor":48}],"player_experience":844152,"relics_obtained":[{"floor":4,"key":"Regal Pillow"},{"floor":8,"key":"HornCleat"},{"floor":9,"key":"Molten Egg 2"},{"floor":10,"key":"War Paint"},{"floor":20,"key":"Omamori"},{"floor":24,"key":"Kunai"},{"floor":26,"key":"Ancient Tea Set"},{"floor":27,"key":"Meat on the Bone"},{"floor":30,"key":"Blue Candle"},{"floor":43,"key":"CeramicFish"}],"event_choices":[{"damage_healed":0,"gold_gain":0,"player_choice":"Ignored","damage_taken":0,"max_hp_gain":0,"max_hp_loss":0,"event_name":"Liars Game","floor":7,"gold_loss":0},{"damage_healed":0,"gold_gain":0,"player_choice":"Searched \u00271\u0027 times","damage_taken":0,"max_hp_gain":0,"max_hp_loss":0,"event_name":"Dead Adventurer","floor":8,"gold_loss":0},{"damage_healed":0,"gold_gain":99,"player_choice":"Stole From Cult","damage_taken":0,"max_hp_gain":0,"max_hp_loss":0,"event_name":"Nest","floor":19,"gold_loss":0},{"damage_healed":0,"gold_gain":0,"player_choice":"Max HP","damage_taken":0,"max_hp_gain":0,"max_hp_loss":4,"event_name":"Winding Halls","floor":37,"gold_loss":0},{"cards_removed":["Gash"],"damage_healed":0,"gold_gain":0,"player_choice":"Removed Attack","damage_taken":0,"max_hp_gain":0,"max_hp_loss":0,"event_name":"Falling","floor":38,"gold_loss":0},{"cards_removed":["Strike_B"],"damage_healed":0,"gold_gain":0,"player_choice":"Purged","damage_taken":0,"max_hp_gain":0,"max_hp_loss":0,"event_name":"Purifier","floor":46,"gold_loss":0}],"is_beta":false,"boss_relics":[{"not_picked":["Busted Crown","Philosopher\u0027s Stone"],"picked":"Inserter"},{"not_picked":["Runic Pyramid","Runic Dome"],"picked":"Coffee Dripper"}],"items_purged_floors":[21],"is_endless":false,"potions_floor_spawned":[1,2,5,8,16,27,29,31,33,39,47,48],"ascension_level":9}}