{"host":"3fq4qkq16k5wd7va","time":1614451089,"event":{"mods":["BaseMod","Better Match","Googly Eyes","Minty Spire (QoL Compilation)","StSLib"],"gold_per_floor":[118,43,59,76,76,76,109,109,109,124,150,207,219,306,318,330,330],"floor_reached":16,"language":"ENG","playtime":663,"items_purged":["Strike_R"],"score":124,"play_id":"eb82291c-1bb3-4d70-a07c-d1f797f687b6","local_time":"20210228053809","is_ascension_mode":true,"campfire_choices":[{"data":"Uppercut","floor":6,"key":"SMITH"},{"data":"Rampage","floor":8,"key":"SMITH"},{"data":"Shrug It Off","floor":13,"key":"SMITH"},{"floor":15,"key":"REST"}],"circlet_count":0,"master_deck":["Strike_R","Strike_R","Strike_R","Defend_R","Defend_R","Defend_R+1","Defend_R+1","Bash","Uppercut+1","Shrug It Off+1","Rampage+1","True Grit","Entrench"],"relics":["Burning Blood","Omamori","War Paint","Self Forming Clay","Matryoshka","MawBank"],"acts_visited":["Exordium"],"potions_floor_usage":[7,16],"damage_taken":[{"damage":6,"enemies":"Cultist","floor":1,"turns":3},{"damage":18,"enemies":"Jaw Worm","floor":3,"turns":4},{"damage":0,"enemies":"2 Louse","floor":4,"turns":2},{"damage":36,"enemies":"Lagavulin","floor":7,"turns":7},{"damage":10,"enemies":"Gremlin Gang","floor":10,"turns":5},{"damage":28,"enemies":"3 Sentries","floor":11,"turns":9},{"damage":8,"enemies":"Lagavulin Event","floor":12,"turns":5},{"damage":35,"enemies":"Slime Boss","floor":16,"turns":9}],"seed_played":"3960975701681385476","potions_obtained":[{"floor":3,"key":"EssenceOfSteel"},{"floor":7,"key":"SteroidPotion"},{"floor":12,"key":"LiquidMemories"}],"is_trial":false,"path_per_floor":["M","$","M","M","?","R","E","R","T","M","E","?","R","?","R","B"],"character_chosen":"IRONCLAD","items_purchased":[],"campfire_rested":1,"item_purchase_floors":[],"current_hp_per_floor":[80,80,68,74,74,74,44,44,44,40,18,16,16,5,29,0,0],"gold":330,"neow_bonus":"RANDOM_COMMON_RELIC","is_daily":false,"chose_seed":false,"campfire_upgraded":3,"win_rate":0.0,"timestamp":1614451089,"path_taken":["M","$","M","M","?","R","E","R","T","M","E","?","R","?","R","BOSS"],"items_purchased_type":[],"build_version":"2020-12-22","purchased_purges":1,"victory":false,"max_hp_per_floor":[80,80,80,80,80,80,80,80,80,80,80,80,80,80,80,80,80],"card_choices":[{"not_picked":["Cleave","Iron Wave"],"picked":"Uppercut","floor":1},{"not_picked":["Wild Strike","Pommel Strike"],"picked":"Shrug It Off","floor":3},{"not_picked":["Armaments","Shockwave","Warcry"],"picked":"SKIP","floor":4},{"not_picked":["Shrug It Off","Shockwave"],"picked":"Rampage","floor":7},{"not_picked":["Burning Pact","Sever Soul"],"picked":"True Grit","floor":10},{"not_picked":["Spot Weakness","Sever Soul","Anger"],"picked":"SKIP","floor":11},{"not_picked":["Twin Strike","Heavy Blade"],"picked":"Entrench","floor":12}],"player_experience":172432,"relics_obtained":[{"floor":7,"key":"War Paint"},{"floor":9,"key":"Self Forming Clay"},{"floor":11,"key":"Matryoshka"},{"floor":12,"key":"MawBank"}],"event_choices":[{"cards_removed":["Strike_R"],"damage_healed":0,"gold_gain":0,"player_choice":"Forget","damage_taken":0,"max_hp_gain":0,"max_hp_loss":0,"event_name":"Living Wall","floor":5,"gold_loss":0},{"damage_healed":0,"gold_gain":0,"player_choice":"Searched \u00271\u0027 times","damage_taken":0,"max_hp_gain":0,"max_hp_loss":0,"event_name":"Dead Adventurer","floor":12,"gold_loss":0},{"damage_healed":0,"gold_gain":75,"player_choice":"Gather Gold","damage_taken":11,"max_hp_gain":0,"max_hp_loss":0,"event_name":"World of Goop","floor":14,"gold_loss":0}],"is_beta":false,"boss_relics":[],"items_purged_floors":[2],"is_endless":false,"potions_floor_spawned":[3,7,12],"killed_by":"Slime Boss","ascension_level":3}}