{"host":"lkb82ji38tfhvp5c","time":1614446542,"event":{"mods":["Abigail Mod","AchievementEnabler","Act Like it!","Aspiration","Astrologer","Bartender","BaseMod","Beaked The Cultist","BetterRewards","CapriCore","ChefMod","Clockwork Mod","Colored Powertips","Conspire","Dio Mod","Elementarium","Friendly Minions","GifTheSpireLib","Halation","Hallownest","Hermit","HololiveMod","Hubris","Infinite Spire","Jorbs\u0027s Wanderer Trilogy","Koishi","Luminous","Mad Scientist","Marisa????????","Minty Spire (QoL Compilation)","Prisma Mod","Reliquary","Remilia??????","Replay The Spire","Robot Space Explorer","Shade Mod","Shop Mod","Somnambulant","StSLib","Stuff the Spire","Td1madao Mod","The Alterego","The Animator","The Blackbeard","The Clintock","The Construct","The Cursed","The Disciple","The Elementalist","The Forsaken","The Hierophant","The Immortal","The Judge","The Marked","The Mystic","The Necromancer","The Runesmith","The Servant 0.9.4","The Valiant","TheFirefly","TheHero","Treasure Hunter","Yohane!","Yuri Mod"],"gold_per_floor":[117,133,133,133,145,145,145,145,145,18,47,62,77,77,77],"floor_reached":14,"language":"ENG","playtime":1593,"items_purged":[],"score":90,"play_id":"c0ff3de0-a59b-4f28-9f78-720323f73ea8","local_time":"20210227112222","is_ascension_mode":false,"campfire_choices":[{"data":"RobotSpaceExplorer:IronShell","floor":6,"key":"SMITH"},{"data":"RobotSpaceExplorer:ScrapToss","floor":8,"key":"SMITH"}],"circlet_count":0,"master_deck":["RobotSpaceExplorer:Strike","RobotSpaceExplorer:Strike","RobotSpaceExplorer:Strike","RobotSpaceExplorer:Strike","RobotSpaceExplorer:Defend","RobotSpaceExplorer:Defend","RobotSpaceExplorer:Defend","RobotSpaceExplorer:Defend","RobotSpaceExplorer:MiniLasers+1","RobotSpaceExplorer:SurgingStrike","RobotSpaceExplorer:ScrapToss+1","RobotSpaceExplorer:Accelerator+1","RobotSpaceExplorer:IronShell+1","TH:ElvenBoots","RobotSpaceExplorer:PowerGlove","RobotSpaceExplorer:MetalStrike","TH:BikiniMail","RobotSpaceExplorer:BigMissile","RobotSpaceExplorer:ToxicBomb","RobotSpaceExplorer:DualCore"],"relics":["RobotSpaceExplorer:RoboCore","reliquary:OuijaBoard","Centennial Puzzle"],"acts_visited":["Exordium"],"potions_floor_usage":[],"damage_taken":[{"damage":4,"enemies":"Cultist","floor":1,"turns":4},{"damage":0,"enemies":"Small Slimes","floor":2,"turns":3},{"damage":1,"enemies":"2 Louse","floor":5,"turns":2},{"damage":21,"enemies":"Lagavulin","floor":11,"turns":6},{"damage":18,"enemies":"Exordium Thugs","floor":12,"turns":5},{"damage":16,"enemies":"Large Slime","floor":13,"turns":4},{"damage":19,"enemies":"3 Sentries","floor":14,"turns":2}],"seed_played":"-3417122255382364163","potions_obtained":[{"floor":11,"key":"EntropicBrew"},{"floor":12,"key":"Weak Potion"}],"is_trial":false,"path_per_floor":["M","M","?","?","M","R","?","R","T","$","E","M","M","E"],"character_chosen":"RobotSpaceExplorer","items_purchased":["RobotSpaceExplorer:PowerGlove","RobotSpaceExplorer:MetalStrike"],"campfire_rested":0,"item_purchase_floors":[10,10],"current_hp_per_floor":[71,71,71,71,70,70,70,70,70,70,49,31,15,0,0],"gold":77,"neow_bonus":"RANDOM_EVENT","is_daily":false,"chose_seed":false,"campfire_upgraded":2,"win_rate":0.0,"timestamp":1614446542,"path_taken":["M","M","?","?","M","R","?","R","T","$","E","M","?","E"],"items_purchased_type":["Card","Card"],"build_version":"2020-12-22","purchased_purges":0,"victory":false,"max_hp_per_floor":[75,75,75,75,75,75,75,75,75,75,75,75,75,75,75],"card_choices":[{"not_picked":["RobotSpaceExplorer:Pulsar","RobotSpaceExplorer:ShovelStrike"],"picked":"RobotSpaceExplorer:SurgingStrike","floor":1},{"not_picked":["RobotSpaceExplorer:StunGrenade","RobotSpaceExplorer:ScrapMissile"],"picked":"RobotSpaceExplorer:ScrapToss","floor":2},{"not_picked":["RobotSpaceExplorer:StunGrenade","RobotSpaceExplorer:DoubleBlock"],"picked":"RobotSpaceExplorer:IronShell","floor":5},{"not_picked":["TH:EnergyPotion"],"picked":"TH:ElvenBoots","floor":9},{"not_picked":["TH:ArmorSpikes"],"picked":"TH:BikiniMail","floor":11},{"not_picked":["RobotSpaceExplorer:Electroshield","RobotSpaceExplorer:ImprovisedAttack"],"picked":"RobotSpaceExplorer:BigMissile","floor":11},{"not_picked":["RobotSpaceExplorer:MetalStrike","RobotSpaceExplorer:SurgingShield"],"picked":"RobotSpaceExplorer:ToxicBomb","floor":12},{"not_picked":["RobotSpaceExplorer:GearShield","RobotSpaceExplorer:ScrapMissile"],"picked":"RobotSpaceExplorer:DualCore","floor":13}],"player_experience":2018690,"relics_obtained":[{"floor":9,"key":"reliquary:OuijaBoard"},{"floor":11,"key":"Centennial Puzzle"}],"event_choices":[{"damage_healed":0,"gold_gain":0,"player_choice":"Grow","damage_taken":0,"max_hp_gain":0,"max_hp_loss":0,"event_name":"Living Wall","floor":0,"gold_loss":0,"cards_upgraded":["RobotSpaceExplorer:MiniLasers"]},{"damage_healed":0,"gold_gain":0,"player_choice":"Ignored","damage_taken":0,"max_hp_gain":0,"max_hp_loss":0,"event_name":"NoteForYourself","floor":7,"gold_loss":0}],"is_beta":false,"boss_relics":[],"items_purged_floors":[],"is_endless":false,"potions_floor_spawned":[11,12],"killed_by":"3 Sentries","ascension_level":0}}