{"host":"uv231blk40vjdojr","time":1614438145,"event":{"mods":["BaseMod","Minty Spire (QoL Compilation)","Relic Stats","ojb\u0027s Info Mod"],"gold_per_floor":[119,135,11,24,44,44,74,5,5,5,20,47,47,63,63,168,168,179,179,179,210,210,210,210,210],"floor_reached":24,"language":"ENG","playtime":789,"items_purged":["Strike_P"],"score":406,"play_id":"6a5d258b-6b97-4604-b57a-d7842a375b2c","local_time":"20210227160225","is_ascension_mode":true,"campfire_choices":[{"data":"Conclude","floor":6,"key":"SMITH"},{"floor":15,"key":"REST"},{"floor":23,"key":"REST"}],"circlet_count":0,"master_deck":["AscendersBane","Strike_P","Strike_P","Strike_P","Defend_P","Defend_P","Defend_P","Defend_P","Eruption","Vigilance","BattleHymn","Conclude+1","CutThroughFate","Vengeance","MentalFortress","Tantrum","CrushJoints+1","Vault","FearNoEvil+1","Vault","ReachHeaven+1","RitualDagger+1","EmptyFist+1","Ghostly","Ghostly","Ghostly","Ghostly","Ghostly"],"relics":["Runic Dome","Kunai","Molten Egg 2","Frozen Egg 2","The Courier","Fusion Hammer","Red Mask"],"acts_visited":["Exordium","TheCity"],"potions_floor_usage":[7,12,16,16,21,21],"damage_taken":[{"damage":0,"enemies":"Cultist","floor":1,"turns":3},{"damage":0,"enemies":"Jaw Worm","floor":2,"turns":3},{"damage":0,"enemies":"Small Slimes","floor":4,"turns":1},{"damage":31,"enemies":"Exordium Thugs","floor":5,"turns":3},{"damage":0,"enemies":"Gremlin Nob","floor":7,"turns":2},{"damage":16,"enemies":"Blue Slaver","floor":11,"turns":3},{"damage":0,"enemies":"Lagavulin","floor":12,"turns":4},{"damage":0,"enemies":"2 Fungi Beasts","floor":14,"turns":2},{"damage":17,"enemies":"The Guardian","floor":16,"turns":5},{"damage":13,"enemies":"Shell Parasite","floor":18,"turns":5},{"damage":0,"enemies":"Masked Bandits","floor":21,"turns":4},{"damage":40,"enemies":"Gremlin Leader","floor":24,"turns":5}],"seed_played":"-8823534867004961742","potions_obtained":[{"floor":1,"key":"PowerPotion"},{"floor":5,"key":"Explosive Potion"},{"floor":11,"key":"SteroidPotion"},{"floor":13,"key":"SmokeBomb"},{"floor":13,"key":"StancePotion"},{"floor":14,"key":"Strength Potion"},{"floor":18,"key":"Strength Potion"}],"is_trial":false,"path_per_floor":["M","M","$","M","M","R","E","$","T","?","M","E","?","M","R","B",null,"M","?","?","?","?","R","E"],"character_chosen":"WATCHER","items_purchased":["CutThroughFate","Tantrum"],"campfire_rested":2,"item_purchase_floors":[3,8],"current_hp_per_floor":[65,65,65,65,34,34,34,34,34,34,18,18,18,18,39,22,60,47,41,28,28,28,38,0,0],"gold":210,"neow_bonus":"BOSS_RELIC","is_daily":false,"chose_seed":false,"campfire_upgraded":1,"win_rate":0.0,"timestamp":1614438145,"path_taken":["M","M","$","M","M","R","E","?","T","?","?","E","?","M","R","BOSS","M","?","?","?","?","R","E"],"items_purchased_type":["Card","Card"],"build_version":"2020-12-22","purchased_purges":1,"victory":false,"max_hp_per_floor":[72,72,72,72,72,72,72,72,72,72,72,72,72,72,72,72,72,72,72,77,77,38,38,38,38],"relic_stats":{"counters":[12,40],"Kunai":[8],"obtain_stats":[{"Runic Dome":0,"Molten Egg 2":9,"The Courier":12,"Fusion Hammer":17,"Red Mask":21,"Kunai":7,"PureWater":0,"Frozen Egg 2":10},{"Runic Dome":0,"Molten Egg 2":5,"The Courier":7,"Fusion Hammer":9,"Red Mask":11,"Kunai":5,"PureWater":0,"Frozen Egg 2":5},{"Runic Dome":0,"Molten Egg 2":12,"The Courier":19,"Fusion Hammer":26,"Red Mask":35,"Kunai":12,"PureWater":0,"Frozen Egg 2":12}]},"card_choices":[{"not_picked":["Crescendo","DeceiveReality"],"picked":"BattleHymn","floor":1},{"not_picked":["Evaluate","JustLucky"],"picked":"Conclude","floor":2},{"not_picked":["Protect","Crescendo"],"picked":"Vengeance","floor":4},{"not_picked":["ThirdEye","Indignation"],"picked":"MentalFortress","floor":5},{"not_picked":["FollowUp","Consecrate"],"picked":"EmptyFist","floor":7},{"not_picked":["Halt","Consecrate+1"],"picked":"CrushJoints+1","floor":11},{"not_picked":["Wallop+1","Protect"],"picked":"Vault","floor":12},{"not_picked":["PathToVictory","FlurryOfBlows+1"],"picked":"FearNoEvil+1","floor":14},{"not_picked":["Alpha","ConjureBlade"],"picked":"Vault","floor":16},{"not_picked":["ClearTheMind","WreathOfFlame"],"picked":"ReachHeaven+1","floor":18},{"not_picked":["FlurryOfBlows+1","SashWhip+1"],"picked":"EmptyFist+1","floor":21}],"player_experience":805349,"relics_obtained":[{"floor":7,"key":"Kunai"},{"floor":9,"key":"Molten Egg 2"},{"floor":12,"key":"The Courier"},{"floor":21,"key":"Red Mask"}],"event_choices":[{"cards_removed":["EmptyFist"],"damage_healed":0,"gold_gain":0,"player_choice":"Gave Card","damage_taken":0,"relics_obtained":["Frozen Egg 2"],"max_hp_gain":0,"max_hp_loss":0,"event_name":"WeMeetAgain","floor":10,"gold_loss":0},{"damage_healed":0,"gold_gain":0,"player_choice":"Got Potions","damage_taken":0,"max_hp_gain":0,"max_hp_loss":0,"event_name":"Lab","floor":13,"gold_loss":0},{"damage_healed":0,"gold_gain":0,"player_choice":"Joined the Cult","damage_taken":6,"max_hp_gain":0,"max_hp_loss":0,"event_name":"Nest","floor":19,"gold_loss":0,"cards_obtained":["RitualDagger"]},{"damage_healed":0,"gold_gain":0,"player_choice":"Shed Blood","damage_taken":18,"max_hp_gain":5,"max_hp_loss":0,"event_name":"Forgotten Altar","floor":20,"gold_loss":0},{"damage_healed":0,"gold_gain":0,"player_choice":"Fought Bandits","damage_taken":0,"max_hp_gain":0,"max_hp_loss":0,"event_name":"Masked Bandits","floor":21,"gold_loss":0},{"damage_healed":0,"gold_gain":0,"player_choice":"Became a Ghost","damage_taken":0,"max_hp_gain":0,"max_hp_loss":39,"event_name":"Ghosts","floor":22,"gold_loss":0,"cards_obtained":["Ghostly","Ghostly","Ghostly","Ghostly","Ghostly"]}],"is_beta":false,"boss_relics":[{"not_picked":["Ectoplasm","Empty Cage"],"picked":"Fusion Hammer"}],"items_purged_floors":[3],"is_endless":false,"potions_floor_spawned":[1,5,11,14,18],"killed_by":"Gremlin Leader","ascension_level":10}}