{"host":"ju1b3c4x8n2jtjm7","time":1614446930,"event":{"mods":["AchievementEnabler","BaseMod","Colored Map","Colored Powertips","DeckTracker","Highlight Path","Minty Spire (QoL Compilation)","Quick Restart","Rare Cards Sparkle","Relic Stats","StSLib"],"gold_per_floor":[115,115,132,151,151,183,183,214,214,233,233,247,7,22,22,96,96,115,128,140,140,42,73,73,89,116,134,161,180,180,205,205,284,284,301,353,371,387,387,387,417,427,427,440,440,35,68,82,82,82],"floor_reached":51,"language":"ENG","playtime":3160,"items_purged":["Defend_G+1"],"score":1798,"play_id":"06ccef18-8bbb-48c0-99b0-e810faedde59","local_time":"20210227182850","is_ascension_mode":true,"campfire_choices":[{"data":"Quick Slash","floor":7.0,"key":"SMITH"},{"data":"Neutralize","floor":11.0,"key":"SMITH"},{"floor":15.0,"key":"REST"},{"data":"Adrenaline","floor":24.0,"key":"SMITH"},{"data":"Survivor","floor":30.0,"key":"SMITH"},{"data":"Footwork","floor":32.0,"key":"SMITH"},{"floor":40.0,"key":"RECALL"},{"floor":45.0,"key":"REST"},{"floor":49.0,"key":"REST"}],"circlet_count":0,"master_deck":["AscendersBane","Strike_G+1","Strike_G+1","Strike_G+1","Strike_G+1","Strike_G+1","Defend_G+1","Defend_G+1","Defend_G+1","Defend_G+1","Survivor+1","Neutralize+1","Adrenaline+1","Quick Slash+1","Dodge and Roll+1","Bouncing Flask+1","Crippling Poison+1","Dodge and Roll+1","Prepared+1","Bandage Up+1","Catalyst+1","Corpse Explosion+1","Deadly Poison+1","PiercingWail+1","Tactician+1","Deflect+1","Acrobatics+1","Crippling Poison+1","Decay","Deadly Poison+1","Crippling Poison+1","Footwork+1","Reflex+1","Acrobatics+1","Calculated Gamble+1","Noxious Fumes+1","Tactician+1","Acrobatics+1","Catalyst+1","Bullet Time+1"],"relics":["Ring of the Snake","Toxic Egg 2","Ice Cream","Pear","CaptainsWheel","Toolbox","Cursed Key","Snake Skull","Lantern","Singing Bowl","Black Star","Incense Burner","Toy Ornithopter","Kunai","Pocketwatch","Bag of Marbles","Ninja Scroll"],"acts_visited":["Exordium","TheCity","TheBeyond","TheEnding"],"potions_floor_usage":[],"damage_taken":[{"damage":1.0,"enemies":"2 Louse","floor":1.0,"turns":4.0},{"damage":4.0,"enemies":"Small Slimes","floor":3.0,"turns":3.0},{"damage":0.0,"enemies":"Jaw Worm","floor":4.0,"turns":3.0},{"damage":8.0,"enemies":"Gremlin Nob","floor":6.0,"turns":4.0},{"damage":11.0,"enemies":"Lagavulin","floor":8.0,"turns":7.0},{"damage":0.0,"enemies":"2 Fungi Beasts","floor":10.0,"turns":3.0},{"damage":6.0,"enemies":"Looter","floor":12.0,"turns":3.0},{"damage":1.0,"enemies":"3 Louse","floor":14.0,"turns":3.0},{"damage":0.0,"enemies":"The Guardian","floor":16.0,"turns":5.0},{"damage":4.0,"enemies":"Chosen","floor":18.0,"turns":4.0},{"damage":2.0,"enemies":"Shell Parasite","floor":19.0,"turns":5.0},{"damage":0.0,"enemies":"Chosen and Byrds","floor":20.0,"turns":4.0},{"damage":23.0,"enemies":"Gremlin Leader","floor":23.0,"turns":5.0},{"damage":0.0,"enemies":"Cultist and Chosen","floor":25.0,"turns":4.0},{"damage":0.0,"enemies":"3 Cultists","floor":27.0,"turns":2.0},{"damage":0.0,"enemies":"Slavers","floor":28.0,"turns":2.0},{"damage":18.0,"enemies":"Snake Plant","floor":29.0,"turns":3.0},{"damage":0.0,"enemies":"Book of Stabbing","floor":31.0,"turns":3.0},{"damage":29.0,"enemies":"Collector","floor":33.0,"turns":6.0},{"damage":4.0,"enemies":"Orb Walker","floor":35.0,"turns":2.0},{"damage":3.0,"enemies":"2 Orb Walkers","floor":36.0,"turns":4.0},{"damage":0.0,"enemies":"3 Darklings","floor":37.0,"turns":1.0},{"damage":5.0,"enemies":"Writhing Mass","floor":38.0,"turns":4.0},{"damage":1.0,"enemies":"Reptomancer","floor":41.0,"turns":5.0},{"damage":0.0,"enemies":"Spire Growth","floor":42.0,"turns":3.0},{"damage":0.0,"enemies":"Jaw Worm Horde","floor":44.0,"turns":2.0},{"damage":9.0,"enemies":"Giant Head","floor":47.0,"turns":5.0},{"damage":21.0,"enemies":"3 Darklings","floor":48.0,"turns":2.0},{"damage":7.0,"enemies":"Donu and Deca","floor":50.0,"turns":6.0}],"seed_played":"-468165075700279852","potions_obtained":[{"floor":4.0,"key":"SpeedPotion"},{"floor":12.0,"key":"Block Potion"},{"floor":14.0,"key":"EssenceOfSteel"},{"floor":16.0,"key":"Dexterity Potion"},{"floor":25.0,"key":"Dexterity Potion"},{"floor":29.0,"key":"Poison Potion"},{"floor":33.0,"key":"GamblersBrew"},{"floor":38.0,"key":"SpeedPotion"},{"floor":44.0,"key":"Energy Potion"}],"is_trial":false,"path_per_floor":["M","?","M","M","?","E","R","E","T","M","R","M","$","M","R","B",null,"M","M","M","?","$","E","R","M","T","M","E","M","R","E","R","B",null,"M","?","M","M","?","R","E","M","T","M","R","$","E","M","R","B",null],"character_chosen":"THE_SILENT","items_purchased":["Toolbox","Bandage Up+1","Tactician+1","Deflect+1","Pocketwatch","Acrobatics+1"],"campfire_rested":3,"item_purchase_floors":[13,13,22,22,46,46],"current_hp_per_floor":[58,40,36,36,36,28,28,27,27,27,27,21,21,26,48,54,71,73,74,74,74,74,51,51,57,57,63,63,51,51,57,57,36,68,66,71,71,72,72,72,77,82,82,82,82,82,79,58,82,81],"gold":82,"neow_bonus":"ONE_RANDOM_RARE_CARD","is_daily":false,"chose_seed":false,"campfire_upgraded":5,"win_rate":0.0,"timestamp":1614446930,"path_taken":["M","?","M","M","?","E","R","E","T","?","R","M","$","M","R","BOSS","M","M","M","?","$","E","R","M","T","M","E","M","R","E","R","BOSS","M","?","M","M","?","R","E","M","T","M","R","$","E","M","R","BOSS"],"items_purchased_type":["Relic","Card","Card","Card","Relic","Card"],"build_version":"2020-12-22","purchased_purges":1,"victory":true,"max_hp_per_floor":[66,66,66,66,66,66,66,76,76,76,76,76,76,76,76,76,76,76,76,76,76,76,76,76,76,76,76,76,76,76,76,76,78,78,80,82,82,82,82,82,82,82,82,82,82,82,82,82,82,82],"relic_stats":{"Singing Bowl":6,"counters":[29,107],"Snake Skull":[153],"Black Star":2,"Kunai":[4],"Cursed Key":1,"obtain_stats":[{"Ice Cream":6,"Lantern":28,"Pear":8,"Singing Bowl":31,"Snake Skull":23,"Incense Burner":36,"Cursed Key":17,"CaptainsWheel":9,"Ninja Scroll":47,"Toolbox":13,"Black Star":34,"Bag of Marbles":47,"Kunai":41,"Toxic Egg 2":2,"Toy Ornithopter":41,"Ring of the Snake":0,"Pocketwatch":46},{"Ice Cream":4,"Lantern":16,"Pear":5,"Singing Bowl":18,"Snake Skull":13,"Incense Burner":21,"Cursed Key":9,"CaptainsWheel":5,"Ninja Scroll":27,"Toolbox":7,"Black Star":19,"Bag of Marbles":27,"Kunai":24,"Toxic Egg 2":1,"Toy Ornithopter":24,"Ring of the Snake":0,"Pocketwatch":26},{"Ice Cream":14,"Lantern":61,"Pear":21,"Singing Bowl":67,"Snake Skull":53,"Incense Burner":79,"Cursed Key":35,"CaptainsWheel":21,"Ninja Scroll":99,"Toolbox":27,"Black Star":73,"Bag of Marbles":99,"Kunai":89,"Toxic Egg 2":4,"Toy Ornithopter":89,"Ring of the Snake":0,"Pocketwatch":94}],"Toy Ornithopter":0,"Ring of the Snake":[56],"Pocketwatch":[6]},"card_choices":[{"not_picked":["PiercingWail","Outmaneuver"],"picked":"Quick Slash","floor":1.0},{"not_picked":["Underhanded Strike","Dodge and Roll+1","Bane"],"picked":"SKIP","floor":3.0},{"not_picked":["Underhanded Strike","Bane"],"picked":"Dodge and Roll+1","floor":3.0},{"not_picked":["Dagger Throw","Flying Knee"],"picked":"Bouncing Flask+1","floor":4.0},{"not_picked":["Bullet Time+1","Distraction+1"],"picked":"Crippling Poison+1","floor":6.0},{"not_picked":["Heel Hook","Flechettes","Expertise+1"],"picked":"SKIP","floor":8.0},{"not_picked":["PiercingWail+1","All Out Attack"],"picked":"Dodge and Roll+1","floor":10.0},{"not_picked":["Bane","Flying Knee"],"picked":"Prepared+1","floor":12.0},{"not_picked":["Dagger Spray","Dodge and Roll+1"],"picked":"Catalyst+1","floor":14.0},{"not_picked":["Phantasmal Killer+1","Wraith Form v2"],"picked":"Corpse Explosion+1","floor":16.0},{"not_picked":["Expertise+1","Flechettes+1"],"picked":"Deadly Poison+1","floor":18.0},{"not_picked":["Prepared+1","Underhanded Strike"],"picked":"PiercingWail+1","floor":19.0},{"not_picked":["Slice","Infinite Blades","Deadly Poison+1"],"picked":"SKIP","floor":20.0},{"not_picked":["PiercingWail+1","Masterful Stab"],"picked":"Acrobatics+1","floor":23.0},{"not_picked":["Bane","Eviscerate"],"picked":"Crippling Poison+1","floor":25.0},{"not_picked":["Outmaneuver+1","PiercingWail+1"],"picked":"Bullet Time+1","floor":27.0},{"not_picked":["Flying Knee","Riddle With Holes"],"picked":"Deadly Poison+1","floor":28.0},{"not_picked":["Dagger Spray+1","Deflect+1"],"picked":"Crippling Poison+1","floor":29.0},{"not_picked":["Flechettes","Underhanded Strike"],"picked":"Footwork","floor":31.0},{"not_picked":["Malaise+1","Venomology+1","After Image"],"picked":"Singing Bowl","floor":33.0},{"not_picked":["Leg Sweep+1","Flying Knee","Dodge and Roll+1"],"picked":"Singing Bowl","floor":35.0},{"not_picked":["Cloak And Dagger+1","Deadly Poison+1","Underhanded Strike"],"picked":"Singing Bowl","floor":36.0},{"not_picked":["Backstab","Distraction+1"],"picked":"Reflex+1","floor":37.0},{"not_picked":["Flechettes","Concentrate+1"],"picked":"Acrobatics+1","floor":38.0},{"not_picked":["Slice","Dagger Throw"],"picked":"Calculated Gamble+1","floor":41.0},{"not_picked":["Sucker Punch","Dagger Spray"],"picked":"Noxious Fumes+1","floor":42.0},{"not_picked":["Flechettes","Crippling Poison+1"],"picked":"Tactician+1","floor":44.0},{"not_picked":["Dagger Throw","Bane+1"],"picked":"Catalyst+1","floor":47.0},{"not_picked":["Backstab+1","Blur+1"],"picked":"Bullet Time+1","floor":48.0}],"player_experience":579565,"relics_obtained":[{"floor":6.0,"key":"Ice Cream"},{"floor":8.0,"key":"Pear"},{"floor":9.0,"key":"CaptainsWheel"},{"floor":23.0,"key":"Snake Skull"},{"floor":28.0,"key":"Lantern"},{"floor":31.0,"key":"Singing Bowl"},{"floor":36.0,"key":"Incense Burner"},{"floor":41.0,"key":"Toy Ornithopter"},{"floor":41.0,"key":"Kunai"},{"floor":47.0,"key":"Bag of Marbles"},{"floor":47.0,"key":"Ninja Scroll"}],"event_choices":[{"damage_healed":0.0,"max_hp_gain":0.0,"max_hp_loss":0.0,"gold_gain":0.0,"event_name":"Scrap Ooze","player_choice":"Success","floor":2.0,"gold_loss":0.0,"damage_taken":18.0,"relics_obtained":["Toxic Egg 2"]},{"damage_healed":0.0,"max_hp_gain":0.0,"max_hp_loss":0.0,"gold_gain":0.0,"event_name":"Liars Game","player_choice":"Ignored","floor":5.0,"gold_loss":0.0,"damage_taken":0.0},{"damage_healed":0.0,"max_hp_gain":0.0,"max_hp_loss":0.0,"gold_gain":0.0,"event_name":"Back to Basics","player_choice":"Simplicity","floor":21.0,"gold_loss":0.0,"damage_taken":0.0,"cards_upgraded":["Strike_G","Strike_G","Strike_G","Strike_G","Strike_G","Defend_G","Defend_G","Defend_G","Defend_G","Defend_G"]},{"damage_healed":0.0,"max_hp_gain":0.0,"max_hp_loss":0.0,"gold_gain":0.0,"event_name":"Mysterious Sphere","player_choice":"Fight","floor":36.0,"gold_loss":0.0,"damage_taken":0.0},{"cards_removed":["Bullet Time"],"damage_healed":0.0,"max_hp_gain":0.0,"max_hp_loss":0.0,"gold_gain":0.0,"event_name":"Falling","player_choice":"Removed Skill","floor":39.0,"gold_loss":0.0,"damage_taken":0.0}],"is_beta":false,"boss_relics":[{"not_picked":["Tiny House","Sozu"],"picked":"Cursed Key"},{"not_picked":["Busted Crown","HoveringKite"],"picked":"Black Star"}],"items_purged_floors":[46],"is_endless":false,"potions_floor_spawned":[4,12,14,16,23,25,29,33,35,38,44],"ascension_level":15}}