{"host":"seyebgsfkenzddlz","time":1614414853,"event":{"mods":["AchievementEnabler","BaseMod","Bestiary","Block Reminder","Colored Powertips","Minty Spire (QoL Compilation)","Practice Mode","Relic Stats"],"gold_per_floor":[20,38,38,38,38,38,82,107,107,107,107,107,123,142,142,272,272,296,311,311,327,327,327,327],"floor_reached":23,"language":"RUS","playtime":1238,"items_purged":[],"score":220,"play_id":"fbee15d6-1cf3-4f98-936a-711f0705ca42","local_time":"20210227183413","is_ascension_mode":true,"campfire_choices":[{"data":"Worship","floor":6.0,"key":"SMITH"},{"floor":10.0,"key":"REST"},{"data":"Study","floor":12.0,"key":"SMITH"},{"data":"Protect","floor":15.0,"key":"SMITH"}],"circlet_count":0,"master_deck":["Strike_P","Strike_P","Strike_P","Strike_P","Defend_P","Defend_P","Defend_P","Defend_P","Eruption+1","Vigilance","Worship+1","SashWhip","CarveReality","Study+1","Protect+1","DevaForm","Collect","FlurryOfBlows"],"relics":["PureWater","Thread and Needle","Golden Idol","Incense Burner","Calipers","Runic Pyramid"],"acts_visited":["Exordium","TheCity"],"potions_floor_usage":[21,23],"damage_taken":[{"damage":0.0,"enemies":"Cultist","floor":1.0,"turns":4.0},{"damage":0.0,"enemies":"Small Slimes","floor":2.0,"turns":4.0},{"damage":30.0,"enemies":"Lagavulin","floor":7.0,"turns":9.0},{"damage":0.0,"enemies":"2 Louse","floor":8.0,"turns":2.0},{"damage":10.0,"enemies":"Gremlin Gang","floor":13.0,"turns":6.0},{"damage":3.0,"enemies":"Exordium Wildlife","floor":14.0,"turns":7.0},{"damage":18.0,"enemies":"The Guardian","floor":16.0,"turns":9.0},{"damage":4.0,"enemies":"Shell Parasite","floor":18.0,"turns":5.0},{"damage":26,"enemies":"3 Byrds","floor":19,"turns":5},{"damage":7,"enemies":"Centurion and Healer","floor":21,"turns":7},{"damage":46,"enemies":"Book of Stabbing","floor":23,"turns":8}],"seed_played":"5834258583656971965","potions_obtained":[{"floor":7.0,"key":"Strength Potion"},{"floor":8.0,"key":"Dexterity Potion"},{"floor":13.0,"key":"PowerPotion"},{"floor":18.0,"key":"Block Potion"},{"floor":19,"key":"Dexterity Potion"},{"floor":21,"key":"Regen Potion"}],"is_trial":false,"path_per_floor":["M","M","$","?","?","R","E","M","T","R","?","R","M","M","R","B",null,"M","M","?","M","?","E"],"character_chosen":"WATCHER","items_purchased":[],"campfire_rested":1,"item_purchase_floors":[],"current_hp_per_floor":[72,72,72,67,67,67,37,37,37,57,57,57,47,44,44,26,67,63,37,37,30,30,0,0],"gold":327,"neow_bonus":"ONE_RARE_RELIC","is_daily":false,"chose_seed":false,"campfire_upgraded":3,"win_rate":0.0,"timestamp":1614414853,"path_taken":["M","M","?","?","?","R","E","?","T","R","?","R","M","M","R","BOSS","M","M","?","?","?","E"],"items_purchased_type":[],"build_version":"2020-12-22","purchased_purges":0,"victory":false,"max_hp_per_floor":[72,72,72,67,67,67,67,67,67,67,67,67,67,67,67,67,67,67,67,67,67,67,67,67],"relic_stats":{"counters":[11,66],"Golden Idol":58,"obtain_stats":[{"Calipers":9,"Golden Idol":4,"Thread and Needle":0,"Incense Burner":7,"PureWater":0,"Runic Pyramid":17},{"Calipers":4,"Golden Idol":2,"Thread and Needle":0,"Incense Burner":3,"PureWater":0,"Runic Pyramid":7},{"Calipers":19,"Golden Idol":8,"Thread and Needle":0,"Incense Burner":17,"PureWater":0,"Runic Pyramid":41}]},"card_choices":[{"not_picked":["EmptyBody","Prostrate"],"picked":"Worship","floor":1.0},{"not_picked":["SignatureMove","JustLucky"],"picked":"SashWhip","floor":2.0},{"not_picked":["Evaluate","WreathOfFlame"],"picked":"CarveReality","floor":7.0},{"not_picked":["CrushJoints","JustLucky"],"picked":"Study","floor":8.0},{"not_picked":["FlurryOfBlows","ForeignInfluence"],"picked":"Protect","floor":13.0},{"not_picked":["ClearTheMind","SashWhip","Consecrate"],"picked":"SKIP","floor":14.0},{"not_picked":["SpiritShield","LessonLearned"],"picked":"DevaForm","floor":16.0},{"not_picked":["FlurryOfBlows","FlyingSleeves+1"],"picked":"Collect","floor":18.0},{"not_picked":["ClearTheMind","ReachHeaven"],"picked":"FlurryOfBlows","floor":19},{"not_picked":["Tantrum","ClearTheMind","Wallop"],"picked":"SKIP","floor":21}],"player_experience":145335,"relics_obtained":[{"floor":7.0,"key":"Incense Burner"},{"floor":9.0,"key":"Calipers"}],"event_choices":[{"damage_healed":0.0,"max_hp_gain":0.0,"max_hp_loss":5.0,"gold_gain":0.0,"event_name":"Golden Idol","player_choice":"Lose Max HP","floor":4.0,"gold_loss":0.0,"damage_taken":0.0,"relics_obtained":["Golden Idol"]},{"damage_healed":0.0,"max_hp_gain":0.0,"max_hp_loss":0.0,"gold_gain":0.0,"event_name":"Accursed Blacksmith","player_choice":"Forge","floor":5.0,"gold_loss":0.0,"damage_taken":0.0,"cards_upgraded":["Eruption"]},{"damage_healed":0.0,"max_hp_gain":0.0,"max_hp_loss":0.0,"gold_gain":0.0,"event_name":"The Cleric","player_choice":"Leave","floor":11.0,"gold_loss":0.0,"damage_taken":0.0},{"damage_healed":0,"gold_gain":0,"player_choice":"0 cards matched","damage_taken":0,"max_hp_gain":0,"max_hp_loss":0,"event_name":"Match and Keep!","floor":20,"gold_loss":0,"cards_obtained":[]},{"damage_healed":0,"gold_gain":0,"player_choice":"Ignored","damage_taken":0,"max_hp_gain":0,"max_hp_loss":0,"event_name":"Cursed Tome","floor":22,"gold_loss":0}],"is_beta":false,"boss_relics":[{"not_picked":["SacredBark","VioletLotus"],"picked":"Runic Pyramid"}],"items_purged_floors":[],"is_endless":false,"potions_floor_spawned":[7,8,13,18,19,21],"killed_by":"Book of Stabbing","ascension_level":3}}