{"host":"eaiphzh066bwqdh7","time":1614387029,"event":{"mods":["AchievementEnabler","Aspiration","BaseMod","Bestiary","Better Note","Better Third Choice","Colored Powertips","Curses Come First","GifTheSpireLib","Halation","Highlight Path","Hubris","Infinite Spire","Minty Spire (QoL Compilation)","Quick Restart","Reliquary","Replay The Spire","StSLib","Stuff the Spire"],"gold_per_floor":[112,112,122,133,133,163,163,180,204,224,224,224,237,251,251,354,354,364,381,381,381,396,396,33,62,62,74,74,74,74,87,87,192,192,192,210,210,110,135,166,166,177,177,177,177,192,192,206,206,206],"floor_reached":51,"language":"ENG","playtime":1765,"items_purged":["hubris:Despair","Defend_R","Replay:Many Hands+1"],"score":920,"play_id":"d5a4cc14-a22c-4ed6-b335-9a0eb5f43405","local_time":"20210226195029","is_ascension_mode":true,"campfire_choices":[{"floor":7,"key":"REST"},{"data":"Whirlwind","floor":12,"key":"SMITH"},{"data":"ReplayTheSpireMod:Muscle Training","floor":15,"key":"SMITH"},{"floor":23,"key":"REST"},{"data":"infinitespire:TheBestDefense","floor":29,"key":"SMITH"},{"floor":32,"key":"REST"},{"data":"Barricade","floor":41,"key":"SMITH"},{"data":"StuffTheSpire:TitanForm","floor":45,"key":"SMITH"},{"floor":49,"key":"REST"}],"circlet_count":0,"master_deck":["Strike_R+1","Strike_R+1","Strike_R","Strike_R","Defend_R","Bash","Shrug It Off","Whirlwind+1","EmptyFist","Feel No Pain","Intimidate","ReplayTheSpireMod:Muscle Training+1","ReplayTheSpireMod:Strike From Hell","Bludgeon","Limit Break","True Grit+1","True Grit+1","infinitespire:TheBestDefense+1","Wild Strike","Shrug It Off+1","Limit Break","Heavy Blade+1","infinitespire:Starlight","Flex","Barricade+1","Combust+1","Inflame+1","StuffTheSpire:TitanForm+1","Pommel Strike+1","Heavy Blade+1"],"relics":["Burning Blood","aspiration:Nostalgia","Replay:M_SmolderingBlood","StuffTheSpire:RedRose","Mummified Hand","Whetstone","aspiration:HatOfInfinitePower","Ooze Armor","Shuriken","Tiny Chest","reliquary:RosewoodLute","hubris:EmptyBottle","halation:PinkSoulGem","Astrolabe","Happy Flower","StuffTheSpire:SapphireSignet","Peace Pipe"],"acts_visited":["Exordium","TheCity","TheBeyond"],"potions_floor_usage":[4,8,22,33,33,35,40,40,44,50,50,50,50],"damage_taken":[{"damage":3,"enemies":"Small Slimes","floor":1,"turns":4},{"damage":12,"enemies":"Jaw Worm","floor":3,"turns":4},{"damage":10,"enemies":"Cultist","floor":4,"turns":3},{"damage":29,"enemies":"3 Sentries","floor":6,"turns":8},{"damage":0,"enemies":"3 Louse","floor":8,"turns":1},{"damage":6,"enemies":"2 Fungi Beasts","floor":10,"turns":2},{"damage":5,"enemies":"Exordium Wildlife","floor":13,"turns":3},{"damage":12,"enemies":"Looter","floor":14,"turns":2},{"damage":28,"enemies":"Fading Forest","floor":16,"turns":11},{"damage":13,"enemies":"2 Thieves","floor":18,"turns":3},{"damage":1,"enemies":"Spheric Guardian","floor":19,"turns":3},{"damage":1,"enemies":"Centurion and Healer","floor":22,"turns":3},{"damage":1,"enemies":"Gremlin Leader","floor":25,"turns":5},{"damage":15,"enemies":"3 Cultists","floor":27,"turns":4},{"damage":24,"enemies":"Snake Plant","floor":31,"turns":3},{"damage":72,"enemies":"hubris:MusketHawk","floor":33,"turns":9},{"damage":0,"enemies":"3 Darklings","floor":35,"turns":1},{"damage":12,"enemies":"Orb Walker","floor":36,"turns":3},{"damage":32,"enemies":"Reptomancer","floor":40,"turns":5},{"damage":10,"enemies":"4 Shapes","floor":42,"turns":3},{"damage":0,"enemies":"Jaw Worm Horde","floor":44,"turns":1},{"damage":4,"enemies":"Transient","floor":46,"turns":5},{"damage":30,"enemies":"Spire Growth","floor":48,"turns":4},{"damage":140,"enemies":"Awakened One","floor":50,"turns":12}],"seed_played":"1728742517445590229","potions_obtained":[{"floor":1,"key":"BlessingOfTheForge"},{"floor":3,"key":"Energy Potion"},{"floor":10,"key":"SmokeBomb"},{"floor":16,"key":"Ancient Potion"},{"floor":19,"key":"Fire Potion"},{"floor":27,"key":"Dexterity Potion"},{"floor":36,"key":"SteroidPotion"},{"floor":40,"key":"Fruit Juice"},{"floor":42,"key":"FairyPotion"},{"floor":46,"key":"Weak Potion"}],"is_trial":false,"path_per_floor":["M","?","M","M","?","E","R","M","T","M","?","R","M","M","R","B",null,"M","M","?","?","M","R","$","E","T","M","AVR","R","?","M","R","B",null,"M","M","?","$","T","E","R","M","T","M","R","M","?","M","R","B",null],"character_chosen":"IRONCLAD","items_purchased":["Shuriken","Shrug It Off+1"],"campfire_rested":4,"item_purchase_floors":[24,24],"current_hp_per_floor":[80,80,74,70,70,47,71,77,77,77,77,77,78,72,72,50,73,66,71,56,34,39,64,64,69,69,60,60,60,60,52,77,21,69,75,79,79,79,79,73,73,69,69,85,85,95,95,80,95,19],"gold":206,"neow_bonus":"NOSTALGIA","is_daily":false,"chose_seed":false,"campfire_upgraded":5,"win_rate":0.0,"timestamp":1614387029,"path_taken":["M","?","M","M","?","E","R","?","T","M","?","R","M","M","R","BOSS","M","M","?","?","M","R","$","E","T","M","AVR","R","?","?","R","BOSS","M","M","?","$","?","E","R","?","T","M","R","M","?","M","R","BOSS"],"items_purchased_type":["Relic","Card"],"build_version":"2020-12-22","purchased_purges":3,"victory":true,"max_hp_per_floor":[80,80,80,80,80,80,80,80,80,80,80,80,80,80,80,80,80,80,80,85,85,85,85,85,85,85,85,85,85,85,85,85,85,85,85,85,85,85,85,95,95,95,95,95,95,95,95,95,95,95],"card_choices":[{"not_picked":["Halt","Tantrum"],"picked":"Shrug It Off","floor":1},{"not_picked":["Warcry","Clothesline"],"picked":"Whirlwind","floor":3},{"not_picked":["Clothesline","Power Through"],"picked":"EmptyFist","floor":4},{"not_picked":["Sword Boomerang","ReplayTheSpireMod:Strike From Hell"],"picked":"Feel No Pain","floor":6},{"not_picked":["Replay:Many Hands","CrushJoints"],"picked":"Intimidate","floor":8},{"not_picked":["Body Slam","Pummel"],"picked":"ReplayTheSpireMod:Muscle Training","floor":10},{"not_picked":["Massacre","Hemokinesis"],"picked":"ReplayTheSpireMod:Strike From Hell","floor":13},{"not_picked":["hubris:ReadiedAction","Shrug It Off"],"picked":"Bludgeon","floor":14},{"not_picked":["Demonic Infusion","Ragnarok"],"picked":"Limit Break","floor":16},{"not_picked":["ReplayTheSpireMod:Strike From Hell","Clothesline+1"],"picked":"True Grit+1","floor":18},{"not_picked":["Havoc","StuffTheSpire:RockThrow"],"picked":"True Grit+1","floor":19},{"not_picked":["infinitespire:SealOfDarkness+","Replay:Fractal Strike"],"picked":"infinitespire:TheBestDefense","floor":21},{"not_picked":["Pommel Strike+1","Shrug It Off"],"picked":"Wild Strike","floor":22},{"not_picked":["Cleave","Feel No Pain"],"picked":"Limit Break","floor":25},{"not_picked":["Power Through+1","Rampage"],"picked":"Heavy Blade+1","floor":27},{"not_picked":["Clothesline","Wild Strike"],"picked":"Flex","floor":31},{"not_picked":["Bludgeon","Corruption"],"picked":"Barricade","floor":33},{"not_picked":["Anger+1","Warcry"],"picked":"Searing Blow+1","floor":36},{"not_picked":["hubris:CleavingFinish","Heavy Blade","hubris:ReadiedAction"],"picked":"SKIP","floor":40},{"not_picked":["Twin Strike","StuffTheSpire:Slingshot"],"picked":"StuffTheSpire:TitanForm","floor":42},{"not_picked":["Carnage","Combust"],"picked":"Pommel Strike+1","floor":46},{"not_picked":["Thunderclap","Havoc"],"picked":"Heavy Blade+1","floor":48}],"player_experience":352878,"relics_obtained":[{"floor":6,"key":"Mummified Hand"},{"floor":9,"key":"Whetstone"},{"floor":11,"key":"aspiration:HatOfInfinitePower"},{"floor":25,"key":"Tiny Chest"},{"floor":26,"key":"reliquary:RosewoodLute"},{"floor":39,"key":"Happy Flower"},{"floor":40,"key":"StuffTheSpire:SapphireSignet"},{"floor":43,"key":"Peace Pipe"}],"event_choices":[{"damage_healed":0,"gold_gain":0,"cards_transformed":["Regret"],"player_choice":"Transformed","damage_taken":0,"max_hp_gain":0,"max_hp_loss":0,"event_name":"Transmorgrifier","floor":5,"gold_loss":0,"cards_obtained":["hubris:Despair"]},{"damage_healed":0,"gold_gain":0,"player_choice":"Shed Blood","damage_taken":20,"max_hp_gain":5,"max_hp_loss":0,"event_name":"Forgotten Altar","floor":20,"gold_loss":0},{"cards_removed":["Searing Blow"],"damage_healed":0,"gold_gain":0,"player_choice":"Offered Uncommon","damage_taken":0,"max_hp_gain":0,"max_hp_loss":0,"event_name":"Bonfire Elementals","floor":47,"gold_loss":0}],"is_beta":false,"boss_relics":[{"not_picked":["Philosopher\u0027s Stone","hubris:TerracottaHorce"],"picked":"Ooze Armor"},{"not_picked":["Abe\u0027s Treasure","Replay:Bronze Core"],"picked":"Astrolabe"}],"items_purged_floors":[24,28,38],"is_endless":false,"potions_floor_spawned":[1,3,10,16,19,27,36,40,42,46],"ascension_level":5}}