{"host":"sr8h12zimc8zi8zs","time":1614403932,"event":{"mods":["2.2 Compatiblity","AchievementEnabler","BaseMod","CapriCore","Colored Map","GifTheSpireLib","GungeonMod","Minty Spire (QoL Compilation)","Permanent Neow","StSLib","The Jungle"],"gold_per_floor":[13,13,23,39,53,81,81,81,81,81,92,127,147,177,177,177,177],"floor_reached":16,"language":"KOR","playtime":1882,"items_purged":[],"score":112,"play_id":"c0bd14ea-6e93-434e-9da3-ffed7a049a8c","local_time":"20210227143212","is_ascension_mode":false,"campfire_choices":[{"data":"Secret Technique","floor":7,"key":"SMITH"},{"data":"DemoMod:ManualReload","floor":10,"key":"SMITH"},{"floor":15,"key":"REST"}],"circlet_count":0,"master_deck":["DemoMod:Strike_Huntress","DemoMod:Strike_Huntress","DemoMod:Defend_Huntress","DemoMod:Defend_Huntress","DemoMod:Defend_Huntress","DemoMod:Defend_Huntress","DemoMod:Roll","DemoMod:ManualReload+1","DemoMod:RustySidearm","DemoMod:CrossBow","Secret Technique+1","DemoMod:StickyCrossBow","DemoMod:StickyCrossBow","DemoMod:FeignSurrender+1","DemoMod:MegaHand","DemoMod:FastSwitch","DemoMod:StickyCrossBow+1","DemoMod:FastSwitch"],"relics":["DemoMod:Dog","DemoMod:ChaffGrenade","Molten Egg 2","DemoMod:LamentConfigurum","Odd Mushroom","DemoMod:GlassGuonStoneRelic"],"acts_visited":["Exordium"],"potions_floor_usage":[11,16],"damage_taken":[{"damage":0,"enemies":"2 Louse","floor":1,"turns":4},{"damage":3,"enemies":"Small Slimes","floor":3,"turns":3},{"damage":3,"enemies":"Jaw Worm","floor":4,"turns":2},{"damage":4,"enemies":"Exordium Wildlife","floor":5,"turns":3},{"damage":9,"enemies":"Lagavulin","floor":6,"turns":6},{"damage":0,"enemies":"3 Louse","floor":11,"turns":2},{"damage":29,"enemies":"3 Sentries","floor":12,"turns":9},{"damage":1,"enemies":"Red Slaver","floor":13,"turns":3},{"damage":13,"enemies":"The Mushroom Lair","floor":14,"turns":3},{"damage":28,"enemies":"Slime Boss","floor":16,"turns":3}],"seed_played":"4717210231728528641","potions_obtained":[{"floor":4,"key":"AttackPotion"},{"floor":5,"key":"Explosive Potion"},{"floor":6,"key":"LiquidBronze"},{"floor":13,"key":"DemoMod:LeadSkinPotion"}],"is_trial":false,"path_per_floor":["M","?","M","M","M","E","R","?","T","R","M","E","M","?","R","B"],"character_chosen":"HUNTRESS","items_purchased":[],"campfire_rested":1,"item_purchase_floors":[],"current_hp_per_floor":[70,63,60,57,53,44,44,44,44,44,44,15,14,1,22,0,0],"gold":177,"neow_bonus":"RANDOM_COLORLESS_2","is_daily":false,"chose_seed":false,"campfire_upgraded":2,"win_rate":0.0,"timestamp":1614403932,"path_taken":["M","?","M","M","M","E","R","?","T","R","M","E","M","?","R","BOSS"],"items_purchased_type":[],"build_version":"2020-12-22","purchased_purges":0,"victory":false,"max_hp_per_floor":[70,70,70,70,70,70,70,70,70,70,70,70,70,70,70,70,70],"card_choices":[{"not_picked":["DemoMod:Invincible","Transmutation"],"picked":"Secret Technique","floor":0},{"not_picked":["DemoMod:FastSwitch","DemoMod:Polaris"],"picked":"DemoMod:StickyCrossBow","floor":1},{"not_picked":["DemoMod:HardPowerCard","DemoMod:SAA"],"picked":"DemoMod:StickyCrossBow","floor":3},{"not_picked":["DemoMod:Unmoved","DemoMod:MegaHand"],"picked":"DemoMod:FeignSurrender","floor":4},{"not_picked":["DemoMod:MachoBrace","DemoMod:LifeOrb"],"picked":"DemoMod:MegaHand","floor":5},{"not_picked":["DemoMod:StickyCrossBow","DemoMod:TeaPot","DemoMod:HuntsMan"],"picked":"SKIP","floor":6},{"not_picked":["DemoMod:SAA+1","DemoMod:SniperShot"],"picked":"DemoMod:FastSwitch","floor":11},{"not_picked":["DemoMod:PotionOfGunFriendShip","DemoMod:GunstockTap+1"],"picked":"DemoMod:StickyCrossBow+1","floor":12},{"not_picked":["DemoMod:StickyCrossBow+1","DemoMod:BoxingGlove+1","DemoMod:HardPowerCard"],"picked":"SKIP","floor":13},{"not_picked":["DemoMod:AC15+1","DemoMod:HardPowerCard"],"picked":"DemoMod:FastSwitch","floor":14}],"player_experience":162839,"relics_obtained":[{"floor":6,"key":"DemoMod:ChaffGrenade"},{"floor":9,"key":"Molten Egg 2"},{"floor":12,"key":"DemoMod:LamentConfigurum"},{"floor":14,"key":"Odd Mushroom"}],"event_choices":[{"cards_removed":["DemoMod:Strike_Huntress"],"damage_healed":0,"gold_gain":0,"player_choice":"Card Removal","damage_taken":7,"max_hp_gain":0,"max_hp_loss":0,"event_name":"Golden Wing","floor":2,"gold_loss":0},{"damage_healed":0,"gold_gain":0,"player_choice":"Grow","damage_taken":0,"max_hp_gain":0,"max_hp_loss":0,"event_name":"Living Wall","floor":8,"gold_loss":0,"cards_upgraded":["DemoMod:FeignSurrender"]},{"damage_healed":0,"gold_gain":0,"player_choice":"Fought Mushrooms","damage_taken":0,"max_hp_gain":0,"max_hp_loss":0,"event_name":"Mushrooms","floor":14,"gold_loss":0}],"is_beta":false,"boss_relics":[],"items_purged_floors":[],"is_endless":false,"potions_floor_spawned":[4,5,6,13,14],"killed_by":"Slime Boss","ascension_level":0}}