{"host":"07bh1hsegidpcsuh","time":1614435665,"event":{"mods":["BaseMod","Downfall","Googly Eyes","Minty Spire (QoL Compilation)","Quick Restart","StSLib","everything is the same but u backflip on backflip"],"gold_per_floor":[115,5,5,5,5,39,39,112,136,161,219,272,98,141,141,271,271,294,307,307,320,344,385,204,204,204,204,222,260,260,138,138,257,257,278,278,278,278,28,61,61,43,69,69,69,69,69,109,109,109],"floor_reached":51,"language":"ENG","playtime":1415,"items_purged":["Regret"],"score":938,"play_id":"b1227ed5-e9e6-4719-a964-e87c90d83cda","local_time":"20210227092105","daily_mods":["SealedDeck","Heirloom","Time Dilation","Flight"],"is_ascension_mode":true,"campfire_choices":[{"floor":7.0,"key":"REST"},{"data":"bronze:ItsAFeature","floor":15.0,"key":"SMITH"},{"floor":27,"key":"REST"},{"data":"bronze:Repulsor","floor":32,"key":"SMITH"},{"data":"bronze:WhirlingStrike","floor":41,"key":"SMITH"},{"data":"bronze:Turbo","floor":44,"key":"SMITH"},{"data":"bronze:DigitalCarnage","floor":46,"key":"SMITH"},{"data":"bronze:InfiniteLoop","floor":49,"key":"SMITH"}],"circlet_count":0,"master_deck":["bronze:Shield","bronze:DigitalCarnage+1","bronze:Boost+1","bronze:WhirlingStrike","bronze:GetLatest","bronze:Turbo","bronze:BuggyMess+1","bronze:Refactor","bronze:FineTuning","bronze:WhirlingStrike+1","bronze:ItsAFeature+1","bronze:Break","bronze:Repulsor+1","bronze:RecursiveStrike","bronze:Optimize+1","bronze:InfiniteLoop+1","bronze:Repair+1","bronze:HardenedForm+1","bronze:Optimize+1","bronze:Turbo+1","bronze:Repair"],"relics":["bronze:BronzeCore","champ:DeflectingBracers","Tiny Chest","Golden Idol","hexamod:CandleOfCauterizing","War Paint","MawBank","Centennial Puzzle","The Courier","bronze:DonusWashers","Frozen Egg 2","sneckomod:SneckoTalon","Nunchaku","Boot","hexamod:BolsterEngine","Nilry\u0027s Codex","Ornamental Fan","Vajra","Juzu Bracelet","bronze:MakeshiftBattery","Bottled Flame","Dead Branch","sneckomod:BlankCard","Ancient Tea Set","Eternal Feather","Kunai","Potion Belt"],"acts_visited":["Exordium","TheCity","TheBeyond"],"potions_floor_usage":[21,23,33,40],"damage_taken":[{"damage":0.0,"enemies":"Cultist","floor":1.0,"turns":2.0},{"damage":17.0,"enemies":"3 Sentries","floor":6.0,"turns":3.0},{"damage":4.0,"enemies":"Gremlin Nob","floor":8.0,"turns":4.0},{"damage":0.0,"enemies":"Jaw Worm","floor":10.0,"turns":2.0},{"damage":2.0,"enemies":"Lagavulin","floor":12.0,"turns":3.0},{"damage":4.0,"enemies":"Gremlin Nob","floor":14.0,"turns":3.0},{"damage":3.0,"enemies":"Slime Boss","floor":16.0,"turns":5.0},{"damage":0,"enemies":"3 Byrds","floor":18,"turns":3},{"damage":0,"enemies":"2 Thieves","floor":19,"turns":3},{"damage":9,"enemies":"Snake Plant","floor":21,"turns":2},{"damage":3,"enemies":"Slavers","floor":23,"turns":3},{"damage":10,"enemies":"Centurion and Healer","floor":28,"turns":2},{"damage":0,"enemies":"Gremlin Leader","floor":29,"turns":5},{"damage":42,"enemies":"Collector","floor":33,"turns":8},{"damage":6,"enemies":"3 Darklings","floor":35,"turns":4},{"damage":0,"enemies":"Nemesis","floor":40,"turns":3},{"damage":39,"enemies":"Reptomancer","floor":48,"turns":3},{"damage":27,"enemies":"Time Eater","floor":50,"turns":6}],"seed_played":"-8803797198304040060","potions_obtained":[{"floor":10.0,"key":"SkillPotion"},{"floor":12.0,"key":"Block Potion"},{"floor":14.0,"key":"champ:CounterPotion"},{"floor":21,"key":"AttackPotion"},{"floor":29,"key":"LiquidMemories"},{"floor":35,"key":"bronze:FreeFunctionsPotion"}],"is_trial":true,"path_per_floor":["M","$","?","$","?","E","R","?","T","M","T","E","$","E","R","B",null,"M","M","?","M","T","E","$","?","T","R","M","E","?","$","R","B",null,"M","T","?","$","$","E","R","$","T","R","?","R","T","E","R","B",null],"character_chosen":"THE_AUTOMATON","items_purchased":["bronze:ItsAFeature","bronze:Refactor","bronze:DonusWashers","bronze:InfiniteLoop","hexamod:BolsterEngine","Juzu Bracelet","Dead Branch","bronze:Turbo"],"campfire_rested":2,"item_purchase_floors":[2,2,13,24,24,31,39,42],"current_hp_per_floor":[70,70,70,70,53,36,57,53,53,53,53,51,51,47,47,44,70,70,70,70,61,61,58,58,42,42,63,53,63,63,63,63,31,70,66,66,66,66,66,70,70,70,70,70,70,70,70,41,53,46],"gold":109,"neow_bonus":"","is_daily":false,"chose_seed":false,"campfire_upgraded":6,"win_rate":0.0,"timestamp":1614435665,"path_taken":["M","?","?","$","?","E","R","?","T","?","?","E","$","E","R","BOSS","M","?","?","?","?","E","$","?","T","R","M","E","?","?","R","BOSS","M","?","?","?","$","E","R","$","T","R","?","R","?","E","R","BOSS"],"items_purchased_type":["Card","Card","Relic","Card","Relic","Relic","Relic","Card"],"build_version":"2020-12-22","purchased_purges":1,"victory":true,"max_hp_per_floor":[70,70,70,70,70,70,70,70,70,70,70,70,70,70,70,70,70,70,70,70,70,70,70,70,70,70,70,70,70,70,70,70,70,70,70,70,70,70,70,70,70,70,70,70,70,70,70,70,70,70],"card_choices":[{"not_picked":["bronze:DelayedGuard","bronze:WildBeam","bronze:BitShift"],"picked":"SKIP","floor":1.0},{"not_picked":["bronze:NullPointer","bronze:Frontload","bronze:Iterate"],"picked":"SKIP","floor":6.0},{"not_picked":["bronze:ForLoop","bronze:BugBarrage"],"picked":"bronze:Break","floor":10.0},{"not_picked":["bronze:Overheat","bronze:Iterate"],"picked":"bronze:Repulsor","floor":12.0},{"not_picked":["bronze:Safeguard","bronze:Frontload","bronze:FollowUp"],"picked":"SKIP","floor":14.0},{"not_picked":["bronze:CleanCode+1","bronze:Break"],"picked":"bronze:RecursiveStrike","floor":16.0},{"not_picked":["bronze:Constructor","bronze:CutThrough","bronze:OilSpill+1"],"picked":"SKIP","floor":18},{"not_picked":["bronze:Shield","bronze:Repulsor+1","bronze:DelayedGuard"],"picked":"SKIP","floor":19},{"not_picked":["bronze:Iterate","bronze:DelayedGuard+1"],"picked":"bronze:Optimize+1","floor":21},{"not_picked":["bronze:Allocate","bronze:Shield","bronze:Invalidate"],"picked":"SKIP","floor":23},{"not_picked":["bronze:Philosophize","bronze:Deprecate"],"picked":"bronze:Repair+1","floor":28},{"not_picked":["bronze:Deprecate","bronze:Refactor+1"],"picked":"bronze:HardenedForm+1","floor":29},{"not_picked":["bronze:BronzeArmor","bronze:Fortify+1","bronze:Deprecate"],"picked":"SKIP","floor":35},{"not_picked":["bronze:DelayedSlice","bronze:FineTuning+1"],"picked":"bronze:Optimize+1","floor":40},{"not_picked":["bronze:Allocate","bronze:Deprecate+1"],"picked":"bronze:Repair","floor":48}],"player_experience":1483738,"relics_obtained":[{"floor":6.0,"key":"hexamod:CandleOfCauterizing"},{"floor":8.0,"key":"War Paint"},{"floor":9.0,"key":"MawBank"},{"floor":11.0,"key":"Centennial Puzzle"},{"floor":12.0,"key":"The Courier"},{"floor":14.0,"key":"Frozen Egg 2"},{"floor":22,"key":"Nunchaku"},{"floor":23,"key":"Boot"},{"floor":25,"key":"Nilry\u0027s Codex"},{"floor":26,"key":"Ornamental Fan"},{"floor":29,"key":"Vajra"},{"floor":36,"key":"Bottled Flame"},{"floor":40,"key":"sneckomod:BlankCard"},{"floor":43,"key":"Ancient Tea Set"},{"floor":47,"key":"Kunai"},{"floor":48,"key":"Potion Belt"}],"event_choices":[{"damage_healed":0.0,"max_hp_gain":0.0,"max_hp_loss":0.0,"gold_gain":0.0,"event_name":"Big Fish","player_choice":"Box","floor":3.0,"gold_loss":0.0,"damage_taken":0.0,"relics_obtained":["Tiny Chest"],"cards_obtained":["Regret"]},{"damage_healed":0.0,"max_hp_gain":0.0,"max_hp_loss":0.0,"gold_gain":0.0,"event_name":"Golden Idol","player_choice":"Take Damage","floor":5.0,"gold_loss":0.0,"damage_taken":17.0,"relics_obtained":["Golden Idol"]},{"damage_healed":0.0,"max_hp_gain":0.0,"max_hp_loss":0.0,"gold_gain":0.0,"event_name":"Dead Adventurer","player_choice":"Searched \u00271\u0027 times","floor":8.0,"gold_loss":0.0,"damage_taken":0.0},{"damage_healed":0,"gold_gain":0,"player_choice":"Bought 0 Potions","damage_taken":0,"max_hp_gain":0,"max_hp_loss":0,"event_name":"The Woman in Blue","floor":20,"gold_loss":0},{"damage_healed":0,"gold_gain":0,"player_choice":"Obtained Book","damage_taken":16,"max_hp_gain":0,"max_hp_loss":0,"event_name":"Cursed Tome","floor":25,"gold_loss":0},{"damage_healed":0,"gold_gain":0,"player_choice":"Ignored","damage_taken":0,"max_hp_gain":0,"max_hp_loss":0,"event_name":"Vampires","floor":30,"gold_loss":0},{"cards_removed":["bronze:Refactor"],"damage_healed":0,"gold_gain":0,"player_choice":"Removed Skill","damage_taken":0,"max_hp_gain":0,"max_hp_loss":0,"event_name":"Falling","floor":37,"gold_loss":0},{"damage_healed":0,"gold_gain":0,"player_choice":"Gave Potion","damage_taken":0,"relics_obtained":["Eternal Feather"],"max_hp_gain":0,"max_hp_loss":0,"event_name":"WeMeetAgain","floor":45,"gold_loss":0}],"is_beta":false,"boss_relics":[{"not_picked":["Astrolabe","SlaversCollar"],"picked":"sneckomod:SneckoTalon"},{"not_picked":["Sozu","Black Star"],"picked":"bronze:MakeshiftBattery"}],"items_purged_floors":[13],"is_endless":false,"potions_floor_spawned":[8,10,12,14,19,21,29,35],"ascension_level":1}}