{"host":"87w2793jpavfbt1o","time":1614394431,"event":{"mods":["AchievementEnabler","Aspiration","BaseMod","Better Altar","Better Match","Better Note","Better Sensory Stone","Better Skull","Better Third Choice","Better Vampires","BetterRewards","Conspire","Displayed Cursed Tome","Downfall","Energized Spire","Filter the Spire","Halation","Highlight Path","Hubris","Infinite Spire","Marked Mod","Minty Spire (QoL Compilation)","Prisma Mod","Relic Filter","Relic Sorter","Shop Mod","StSLib","TestMod","??????REMEMod"],"gold_per_floor":[112,112,77,3,3,34,34,58,58,58,72,110,110,10,10,138,138,183,183,193,262,262,262,262,300,352,352,427,427,471,471,471,471,471],"floor_reached":33,"language":"ENG","playtime":2372,"items_purged":[],"score":614,"play_id":"3f74c515-390b-49d2-b0cf-ef66b677909d","local_time":"20210226185351","is_ascension_mode":true,"campfire_choices":[{"floor":7,"key":"REST"},{"floor":15,"key":"REST"},{"floor":23,"key":"REST"},{"floor":27,"key":"REST"},{"floor":29,"key":"RECALL"},{"data":"MarkedMod:GracefulMovements","floor":32,"key":"SMITH"}],"circlet_count":0,"master_deck":["Strike_P","Strike_P","Strike_P","Strike_P","Defend_P","Defend_P+1","Defend_P","Eruption","Vigilance","testmod-Librarian","PathToVictory","MarkedMod:FirstStrike","MarkedMod:GracefulMovements+1","MarkedMod:GentlePulse","PathToVictory","EmptyBody+1","Study","SandsOfTime","FlurryOfBlows","ThirdEye","conspire:SpireCoStock","conspire:SpireCoStock","MarkedMod:ChiBlock","FlurryOfBlows","PathToVictory","MarkedMod:GracefulMovements+1","infinitespire:UltimateForm","Prostrate","JustLucky","PathToVictory","Writhe"],"relics":["PureWater","REME_ComplimentaryCards","testmod-TestBox","testmod-Nine","Bloody Idol","Vajra","War Paint","hubris:Backtick","Ice Cream","Blood Vial","Enchiridion","Happy Flower","REME_HourglassOfDeath","aspiration:HiddenCompartment"],"acts_visited":["Exordium","TheCity"],"potions_floor_usage":[11,12,12,20,21,30],"damage_taken":[{"damage":11,"enemies":"Jaw Worm","floor":1,"turns":5},{"damage":27,"enemies":"Gremlin Nob","floor":6,"turns":4},{"damage":0,"enemies":"Small Slimes","floor":8,"turns":3},{"damage":6,"enemies":"Cultist","floor":11,"turns":3},{"damage":25,"enemies":"3 Sentries","floor":12,"turns":8},{"damage":0,"enemies":"Slime Boss","floor":16,"turns":3},{"damage":21,"enemies":"3 Byrds","floor":18,"turns":4},{"damage":10,"enemies":"2 Thieves","floor":20,"turns":2},{"damage":19,"enemies":"conspire:HollyBat","floor":21,"turns":7},{"damage":11,"enemies":"Centurion and Healer","floor":25,"turns":6},{"damage":62,"enemies":"Book of Stabbing","floor":28,"turns":6},{"damage":10,"enemies":"Shelled Parasite and Fungi","floor":30,"turns":3},{"damage":8,"enemies":"Champ","floor":33,"turns":3}],"seed_played":"-588548753801823018","potions_obtained":[{"floor":1,"key":"StancePotion"},{"floor":10,"key":"PowerPotion"},{"floor":10,"key":"sneckomod:MuddlingPotion"},{"floor":18,"key":"Slimebound:ThreeZeroPotion"},{"floor":20,"key":"REME_GoldPotion"},{"floor":28,"key":"PowerPotion"}],"is_trial":false,"path_per_floor":["M","?","?","$","?","E","R","M","T","?","M","E","?","?","R","B",null,"M","?","M","M","?","R","AVR","M","T","R","E","R","M","?","R","B"],"character_chosen":"WATCHER","items_purchased":["PathToVictory","MarkedMod:FirstStrike","MarkedMod:GracefulMovements","PathToVictory","EmptyBody"],"campfire_rested":4,"item_purchase_floors":[0,0,0,4,4],"current_hp_per_floor":[49,31,49,49,49,22,40,40,40,40,34,9,6,6,24,24,53,32,15,17,20,4,22,22,28,33,51,6,6,8,8,8,0,0],"gold":471,"neow_bonus":"","is_daily":false,"chose_seed":false,"campfire_upgraded":1,"win_rate":0.0,"timestamp":1614394431,"path_taken":["M","?","?","?","?","E","R","?","T","?","?","E","?","?","R","BOSS","M","?","M","M","?","R","AVR","M","T","R","E","R","?","?","R","BOSS"],"items_purchased_type":["Card","Card","Card","Card","Card"],"build_version":"2020-12-22","purchased_purges":0,"victory":false,"max_hp_per_floor":[72,72,72,72,72,63,63,63,63,63,63,63,63,63,63,63,63,63,63,63,63,63,63,63,63,63,63,18,18,18,18,18,1,1],"card_choices":[{"not_picked":["MarkedMod:Acupuncture","Vengeance"],"picked":"MarkedMod:GentlePulse","floor":1},{"not_picked":["Conclude","WreathOfFlame"],"picked":"Study","floor":6},{"not_picked":["SignatureMove","Fasting2"],"picked":"SandsOfTime","floor":8},{"not_picked":["EmptyBody","Nirvana"],"picked":"FlurryOfBlows","floor":11},{"not_picked":["BattleHymn","WindmillStrike"],"picked":"ThirdEye","floor":12},{"not_picked":["Blasphemy","MasterReality"],"picked":"MarkedMod:ChiBlock","floor":16},{"not_picked":["CrushJoints","EmptyFist"],"picked":"FlurryOfBlows","floor":18},{"not_picked":["FollowUp","MarkedMod:GentlePulse"],"picked":"PathToVictory","floor":20},{"not_picked":["FlyingSleeves+1","Halt+1"],"picked":"MarkedMod:GracefulMovements+1","floor":21},{"not_picked":["Worship","BowlingBash"],"picked":"Prostrate","floor":25},{"not_picked":["TalkToTheHand","SpiritShield"],"picked":"JustLucky","floor":28},{"not_picked":["Indignation","JustLucky"],"picked":"PathToVictory","floor":30}],"player_experience":654076,"relics_obtained":[{"floor":6,"key":"Vajra"},{"floor":12,"key":"War Paint"},{"floor":26,"key":"Happy Flower"},{"floor":28,"key":"REME_HourglassOfDeath"}],"event_choices":[{"damage_healed":0,"gold_gain":0,"player_choice":"Take Damage","damage_taken":18,"relics_obtained":["Golden Idol"],"max_hp_gain":0,"max_hp_loss":0,"event_name":"Golden Idol","floor":2,"gold_loss":0},{"damage_healed":18,"gold_gain":0,"player_choice":"Healed","damage_taken":0,"max_hp_gain":0,"max_hp_loss":0,"event_name":"The Cleric","floor":3,"gold_loss":35},{"cards_removed":["Defend_P"],"damage_healed":0,"gold_gain":0,"player_choice":"Purged","damage_taken":0,"max_hp_gain":0,"max_hp_loss":0,"event_name":"Purifier","floor":5,"gold_loss":0},{"damage_healed":0,"gold_gain":0,"player_choice":"Got Potions","damage_taken":0,"max_hp_gain":0,"max_hp_loss":0,"event_name":"Lab","floor":10,"gold_loss":0},{"damage_healed":0,"gold_gain":1,"player_choice":"LEAVE","damage_taken":3,"max_hp_gain":0,"max_hp_loss":0,"event_name":"betterThird:BetterScrap","floor":13,"gold_loss":0,"cards_obtained":["Seeing Red"]},{"damage_healed":0,"gold_gain":0,"player_choice":"Invest 2","damage_taken":0,"max_hp_gain":0,"max_hp_loss":0,"event_name":"conspire:Investor","floor":14,"gold_loss":0},{"damage_healed":0,"gold_gain":0,"player_choice":" GoldIdol Vial ","damage_taken":17,"relics_obtained":["Bloody Idol","Blood Vial"],"max_hp_gain":32,"max_hp_loss":15,"event_name":"betterAltar:BetterAltar","floor":19,"potions_obtained":[],"relics_lost":["Golden Idol"],"gold_loss":0},{"damage_healed":0,"gold_gain":0,"player_choice":"Obtained Book","damage_taken":16,"max_hp_gain":0,"max_hp_loss":0,"event_name":"Cursed Tome","floor":22,"gold_loss":0},{"damage_healed":0,"gold_gain":0,"player_choice":"Opened","damage_taken":0,"relics_obtained":["aspiration:HiddenCompartment"],"max_hp_gain":0,"max_hp_loss":0,"event_name":"The Mausoleum","floor":31,"gold_loss":0,"cards_obtained":["Writhe"]}],"is_beta":false,"boss_relics":[{"not_picked":["REME_LowDesire","Ectoplasm"],"picked":"hubris:Backtick"}],"items_purged_floors":[],"is_endless":false,"potions_floor_spawned":[1,18,20,28],"killed_by":"Champ","ascension_level":8}}