{"host":"d76q0rb9a0s9bgr5","time":1614431446,"event":{"mods":["BaseMod","Downfall","Hubris","Minty Spire (QoL Compilation)","StSLib"],"gold_per_floor":[99,110,166,183,183,199,499,513,526,561,241,241,258,258,274,376,376,376,395,395,406,425,425,449,30,30,30,43,70,70,97,110,214,214,214,214,214,225,225,225,271,321,349,368,368,368,395,449,466,466],"floor_reached":51,"language":"ENG","playtime":3853,"items_purged":["sneckomod:Strike","sneckomod:Strike"],"score":795,"play_id":"70e93a7b-ff02-4b4e-8472-d7e69f1b453c","local_time":"20210227141046","is_ascension_mode":false,"campfire_choices":[{"data":"sneckomod:Unknown","floor":1,"key":"SMITH"},{"data":"expansioncontent:StudyTheSpire","floor":12,"key":"SMITH"},{"data":"sneckomod:Restock","floor":18,"key":"SMITH"},{"data":"sneckomod:DefensiveFlair","floor":23,"key":"SMITH"},{"data":"sneckomod:UnknownStrength","floor":26,"key":"SMITH"},{"data":"sneckomod:UnknownRarePower","floor":35,"key":"SMITH"},{"data":"sneckomod:UnknownUncommonSkill","floor":40,"key":"SMITH"},{"data":"sneckomod:Unknown","floor":46,"key":"SMITH"}],"circlet_count":0,"master_deck":["sneckomod:Defend","sneckomod:Defend","sneckomod:TailWhip+1","sneckomod:SnekBite","sneckomod:Unknown+1","sneckomod:Unknown+1","sneckomod:SerpentIdol+1","sneckomod:QuickMove","expansioncontent:StudyTheSpire+1","sneckomod:UnknownStrength+1","sneckomod:DefensiveFlair+1","sneckomod:Restock+1","sneckomod:UnknownDexterity+1","sneckomod:UnknownClassRED+1","sneckomod:DefensiveFlair+1","sneckomod:UnknownRarePower+1","sneckomod:UnknownUncommonSkill+1","expansioncontent:AwakenDeath","expansioncontent:PrepareCrush"],"relics":["Busted Crown","Boot","Old Coin","HornCleat","hubris:Backtick","Ice Cream","Vajra","hubris:64BitClover","hubris:TinFlute","sneckomod:LoadedDie","Coffee Dripper","hubris:Towel","hubris:Icosahedron","Art of War","Bird Faced Urn","Happy Flower","Unceasing Top","Toy Ornithopter"],"acts_visited":["Exordium","TheCity","TheBeyond"],"potions_floor_usage":[10,43,50,50,50,50],"damage_taken":[{"damage":1,"enemies":"2 Louse","floor":2,"turns":2},{"damage":28,"enemies":"Lagavulin Event","floor":3,"turns":6},{"damage":0,"enemies":"Small Slimes","floor":4,"turns":3},{"damage":1,"enemies":"Cultist","floor":6,"turns":3},{"damage":0,"enemies":"3 Louse","floor":8,"turns":3},{"damage":5,"enemies":"Large Slime","floor":9,"turns":5},{"damage":14,"enemies":"3 Sentries","floor":10,"turns":10},{"damage":0,"enemies":"downfall:FleeingMerchant","floor":11,"turns":4},{"damage":10,"enemies":"Exordium Thugs","floor":13,"turns":3},{"damage":1,"enemies":"2 Fungi Beasts","floor":15,"turns":3},{"damage":4,"enemies":"IC_STATUS_ARCHETYPE","floor":16,"turns":7},{"damage":3,"enemies":"Spheric Guardian","floor":19,"turns":4},{"damage":11,"enemies":"downfall:LooterAlt2","floor":21,"turns":4},{"damage":0,"enemies":"Cultist and Chosen","floor":22,"turns":3},{"damage":0,"enemies":"downfall:FleeingMerchant","floor":25,"turns":4},{"damage":0,"enemies":"Sentry and Sphere","floor":28,"turns":3},{"damage":0,"enemies":"Book of Stabbing","floor":29,"turns":4},{"damage":0,"enemies":"Gremlin Leader","floor":31,"turns":6},{"damage":2,"enemies":"Centurion and Healer","floor":32,"turns":5},{"damage":34,"enemies":"WA_ARCHETYPE_CALM","floor":33,"turns":9},{"damage":0,"enemies":"3 Darklings","floor":38,"turns":6},{"damage":0,"enemies":"3 Darklings","floor":42,"turns":5},{"damage":6,"enemies":"Giant Head","floor":43,"turns":10},{"damage":0,"enemies":"Orb Walker","floor":44,"turns":3},{"damage":39,"enemies":"Reptomancer","floor":47,"turns":5},{"damage":1,"enemies":"Jaw Worm Horde","floor":49,"turns":3},{"damage":40,"enemies":"DF_ARCHETYPE_ORBS","floor":50,"turns":11}],"seed_played":"-333953625590370129","potions_obtained":[{"floor":3,"key":"sneckomod:OffclassReductionPotion"},{"floor":4,"key":"Ancient Potion"},{"floor":6,"key":"Strength Potion"},{"floor":8,"key":"SkillPotion"},{"floor":10,"key":"hexamod:SoulburnPotion"},{"floor":19,"key":"Fire Potion"},{"floor":30,"key":"CultistPotion"},{"floor":31,"key":"EntropicBrew"},{"floor":43,"key":"SmokeBomb"},{"floor":47,"key":"Explosive Potion"}],"is_trial":false,"path_per_floor":["R","M","?","M","?","M","T","M","M","E","$","R","M","?","M","B",null,"R","M","?","M","M","R","T","$","R","?","M","E","?","E","M","B",null,"R","?","?","M","?","R","T","?","E","M","?","R","E","T","M","B",null],"character_chosen":"THE_SNECKO","items_purchased":["expansioncontent:StudyTheSpire","sneckomod:UnknownStrength","hubris:64BitClover"],"campfire_rested":0,"item_purchase_floors":[11,11,25],"current_hp_per_floor":[90,89,61,61,61,60,60,60,55,41,41,41,41,41,40,46,90,90,87,87,76,76,76,76,76,76,76,76,76,76,76,74,40,90,90,90,90,90,90,90,90,90,84,88,83,83,53,53,58,58],"gold":466,"neow_bonus":"BOSS_RELIC","is_daily":false,"chose_seed":false,"campfire_upgraded":8,"win_rate":0.0,"timestamp":1614431446,"path_taken":["R","M","?","M","?","M","T","M","M","E","$","R","?","?","M","BOSS","R","M","?","M","M","R","T","$","R","?","?","E","?","E","M","BOSS","R","?","?","?","?","R","T","?","E","M","?","R","E","?","M","BOSS"],"items_purchased_type":["Card","Card","Relic"],"build_version":"2020-12-22","purchased_purges":2,"victory":true,"max_hp_per_floor":[90,90,90,90,90,90,90,90,90,90,90,90,90,90,90,90,90,90,90,90,90,90,90,90,90,90,90,90,90,90,90,90,90,90,90,90,90,90,90,90,90,90,90,90,90,90,90,90,90,90],"card_choices":[{"not_picked":["sneckomod:UnknownBlock"],"picked":"SKIP","floor":2},{"not_picked":[],"picked":"sneckomod:SerpentIdol","floor":4},{"not_picked":["sneckomod:UnknownCommonSkill"],"picked":"SKIP","floor":6},{"not_picked":["sneckomod:UnknownCommonSkill"],"picked":"SKIP","floor":8},{"not_picked":["sneckomod:Memorize"],"picked":"SKIP","floor":9},{"not_picked":[],"picked":"sneckomod:QuickMove","floor":10},{"not_picked":["sneckomod:SoulDraw"],"picked":"SKIP","floor":11},{"not_picked":["sneckomod:QuickMove"],"picked":"SKIP","floor":13},{"not_picked":[],"picked":"sneckomod:DefensiveFlair","floor":15},{"not_picked":[],"picked":"sneckomod:Restock","floor":16},{"not_picked":["sneckomod:DiceCrush"],"picked":"SKIP","floor":19},{"not_picked":[],"picked":"sneckomod:UnknownDexterity+1","floor":21},{"not_picked":["sneckomod:RainOfDice"],"picked":"SKIP","floor":22},{"not_picked":[],"picked":"sneckomod:UnknownClassRED+1","floor":25},{"not_picked":[],"picked":"sneckomod:DefensiveFlair+1","floor":28},{"not_picked":["sneckomod:Memorize"],"picked":"SKIP","floor":29},{"not_picked":["sneckomod:RainOfDice"],"picked":"SKIP","floor":31},{"not_picked":["sneckomod:UnknownDraw"],"picked":"SKIP","floor":32},{"not_picked":[],"picked":"sneckomod:UnknownRarePower","floor":33},{"not_picked":["sneckomod:UnknownUncommonAttack"],"picked":"SKIP","floor":38},{"not_picked":["sneckomod:PureSnecko+1"],"picked":"SKIP","floor":43},{"not_picked":["sneckomod:UnknownClassPURPLE+1"],"picked":"SKIP","floor":44},{"not_picked":["expansioncontent:InvincibleStrength","expansioncontent:LastStand"],"picked":"expansioncontent:AwakenDeath","floor":45},{"not_picked":["expansioncontent:Hexaburn","expansioncontent:PolyBeam"],"picked":"expansioncontent:PrepareCrush","floor":45},{"not_picked":["sneckomod:UnlimitedRolls"],"picked":"SKIP","floor":47},{"not_picked":["sneckomod:RainOfDice"],"picked":"SKIP","floor":49}],"player_experience":180827,"relics_obtained":[{"floor":3,"key":"Boot"},{"floor":7,"key":"Old Coin"},{"floor":10,"key":"HornCleat"},{"floor":24,"key":"Vajra"},{"floor":29,"key":"hubris:TinFlute"},{"floor":31,"key":"sneckomod:LoadedDie"},{"floor":41,"key":"Art of War"},{"floor":42,"key":"Bird Faced Urn"},{"floor":43,"key":"Happy Flower"},{"floor":47,"key":"Unceasing Top"},{"floor":48,"key":"Toy Ornithopter"}],"event_choices":[{"cards_removed":["sneckomod:Strike"],"damage_healed":0,"gold_gain":0,"player_choice":"Card Removal","damage_taken":0,"max_hp_gain":0,"max_hp_loss":0,"event_name":"The Cleric","floor":14,"gold_loss":0},{"damage_healed":0,"gold_gain":0,"player_choice":"Ignored","damage_taken":0,"max_hp_gain":0,"max_hp_loss":0,"event_name":"Ghosts","floor":20,"gold_loss":0},{"damage_healed":0,"gold_gain":0,"player_choice":"Ignored","damage_taken":0,"max_hp_gain":0,"max_hp_loss":0,"event_name":"NoteForYourself","floor":27,"gold_loss":0}],"is_beta":false,"boss_relics":[{"not_picked":["Fusion Hammer","Runic Pyramid"],"picked":"hubris:Backtick"},{"not_picked":["bronze:MakeshiftBattery","Philosopher\u0027s Stone"],"picked":"Coffee Dripper"}],"items_purged_floors":[11,25],"is_endless":false,"potions_floor_spawned":[3,4,6,8,10,19,21,31,32,43,47,49],"ascension_level":0}}