{"host":"z37g2hkgkh2zjyzk","time":1614445930,"event":{"mods":["2.2 Compatiblity","AchievementEnabler","BaseMod","Bestiary","Colored Map","Colored Powertips","Curses Come First","Highlight Path","Keyboard Shortcuts","Minty Spire (QoL Compilation)","Relic Stats","StSLib","SuperFastMode"],"gold_per_floor":[210,63,75,89,264,264,291,305,305,305,318,318,345,3,3,103,103,120,120,133,150,75,75,92,92,119,148,67,78,91,101,101,202,202,218,218,233,243,243,243],"floor_reached":39,"language":"ENG","playtime":2847,"items_purged":["Pain"],"score":623,"play_id":"c320a2c3-e76b-4723-8ae0-8a15e0406e94","local_time":"20210227181210","is_ascension_mode":true,"campfire_choices":[{"data":"Neutralize","floor":6.0,"key":"SMITH"},{"floor":10.0,"key":"REST"},{"floor":15.0,"key":"REST"},{"data":"Infinite Blades","floor":23.0,"key":"SMITH"},{"data":"Infinite Blades","floor":25.0,"key":"SMITH"},{"floor":32.0,"key":"REST"}],"circlet_count":0,"master_deck":["AscendersBane","Strike_G","Strike_G","Strike_G","Strike_G","Defend_G","Defend_G","Defend_G","Defend_G","Defend_G","Survivor","Neutralize+1","Dagger Spray","Flying Knee","Poisoned Stab","Infinite Blades+1","Quick Slash","Dagger Spray","Leg Sweep","Blade Dance","Infinite Blades+1","Burst","Deflect","Well Laid Plans","Storm of Steel","Infinite Blades","Footwork","Dodge and Roll","After Image","Adrenaline","Escape Plan","Acrobatics+1"],"relics":["Ring of the Snake","MealTicket","Ancient Tea Set","Boot","WarpedTongs","Bottled Flame","Pen Nib","WristBlade","Centennial Puzzle","Question Card","HoveringKite"],"acts_visited":["Exordium","TheCity","TheBeyond"],"potions_floor_usage":[],"damage_taken":[{"damage":0.0,"enemies":"Jaw Worm","floor":1.0,"turns":4.0},{"damage":6.0,"enemies":"Cultist","floor":3.0,"turns":4.0},{"damage":7.0,"enemies":"2 Louse","floor":4.0,"turns":3.0},{"damage":22.0,"enemies":"3 Sentries","floor":7.0,"turns":8.0},{"damage":7.0,"enemies":"Red Slaver","floor":8.0,"turns":4.0},{"damage":7.0,"enemies":"Exordium Wildlife","floor":11.0,"turns":4.0},{"damage":31.0,"enemies":"Gremlin Nob","floor":13.0,"turns":5.0},{"damage":25.0,"enemies":"The Guardian","floor":16.0,"turns":12.0},{"damage":3.0,"enemies":"Spheric Guardian","floor":18.0,"turns":3.0},{"damage":6.0,"enemies":"Chosen","floor":20.0,"turns":6.0},{"damage":11.0,"enemies":"Centurion and Healer","floor":21.0,"turns":6.0},{"damage":0.0,"enemies":"Snecko","floor":24.0,"turns":4.0},{"damage":14.0,"enemies":"Slavers","floor":27.0,"turns":5.0},{"damage":8.0,"enemies":"Cultist and Chosen","floor":29.0,"turns":6.0},{"damage":11.0,"enemies":"Snake Plant","floor":30.0,"turns":4.0},{"damage":17.0,"enemies":"Sentry and Sphere","floor":31.0,"turns":5.0},{"damage":17.0,"enemies":"Champ","floor":33.0,"turns":10.0},{"damage":7.0,"enemies":"Orb Walker","floor":35.0,"turns":3.0},{"damage":21.0,"enemies":"3 Shapes","floor":37.0,"turns":6.0},{"damage":20,"enemies":"Transient","floor":38,"turns":5},{"damage":14,"enemies":"Jaw Worm Horde","floor":39,"turns":1}],"seed_played":"-2927568809103534702","potions_obtained":[{"floor":1.0,"key":"Energy Potion"},{"floor":7.0,"key":"DistilledChaos"},{"floor":8.0,"key":"Energy Potion"},{"floor":16.0,"key":"SpeedPotion"},{"floor":18.0,"key":"Regen Potion"},{"floor":20.0,"key":"GhostInAJar"},{"floor":29.0,"key":"Ancient Potion"},{"floor":38,"key":"CunningPotion"}],"is_trial":false,"path_per_floor":["M","$","M","M","?","R","E","M","T","R","M","?","E","$","R","B",null,"M","T","M","M","?","R","M","R","T","E","$","M","M","M","R","B",null,"M","?","M","M","M"],"character_chosen":"THE_SILENT","items_purchased":["MealTicket","Pen Nib","Blade Dance","Infinite Blades","Footwork"],"campfire_rested":3,"item_purchase_floors":[2,14,14,14,28],"current_hp_per_floor":[63,63,57,50,50,50,28,21,21,42,35,35,4,19,40,15,56,53,53,62,51,51,51,51,51,51,37,52,44,33,16,37,20,58,51,51,30,10,0,0],"gold":243,"neow_bonus":"HUNDRED_GOLD","is_daily":false,"chose_seed":false,"campfire_upgraded":3,"win_rate":0.0,"timestamp":1614445930,"path_taken":["M","$","M","M","?","R","E","M","T","R","M","?","E","$","R","BOSS","M","?","M","M","?","R","M","R","T","E","$","M","M","?","R","BOSS","M","?","M","M","M"],"items_purchased_type":["Relic","Relic","Card","Card","Card"],"build_version":"2020-12-22","purchased_purges":1,"victory":false,"max_hp_per_floor":[70,70,70,70,70,70,70,70,70,70,70,70,70,70,70,70,70,70,70,70,70,70,70,70,70,70,70,70,70,70,70,70,70,70,70,70,70,70,70,70],"relic_stats":{"Centennial Puzzle":[33],"counters":[21,108],"HoveringKite":[7],"MealTicket":30,"Pen Nib":[26],"Boot":[106],"Question Card":8,"obtain_stats":[{"Bottled Flame":13,"Centennial Puzzle":19,"WristBlade":17,"HoveringKite":34,"MealTicket":2,"Pen Nib":14,"Ancient Tea Set":7,"Boot":9,"Question Card":27,"Ring of the Snake":0,"WarpedTongs":12},{"Bottled Flame":7,"Centennial Puzzle":9,"WristBlade":8,"HoveringKite":17,"MealTicket":1,"Pen Nib":7,"Ancient Tea Set":4,"Boot":5,"Question Card":13,"Ring of the Snake":0,"WarpedTongs":6},{"Bottled Flame":32,"Centennial Puzzle":47,"WristBlade":44,"HoveringKite":93,"MealTicket":4,"Pen Nib":32,"Ancient Tea Set":19,"Boot":23,"Question Card":68,"Ring of the Snake":0,"WarpedTongs":27}],"Ring of the Snake":[42],"WarpedTongs":[81]},"card_choices":[{"not_picked":["Escape Plan","Choke"],"picked":"Dagger Spray","floor":1.0},{"not_picked":["Heel Hook","Cloak And Dagger"],"picked":"Flying Knee","floor":3.0},{"not_picked":["Skewer","Sucker Punch"],"picked":"Poisoned Stab","floor":4.0},{"not_picked":["Night Terror","Blade Dance"],"picked":"Infinite Blades","floor":7.0},{"not_picked":["PiercingWail","Sucker Punch"],"picked":"Quick Slash","floor":8.0},{"not_picked":["Deadly Poison","Catalyst"],"picked":"Dagger Spray","floor":11.0},{"not_picked":["Blur","Acrobatics"],"picked":"Leg Sweep","floor":13.0},{"not_picked":["Venomology","Grand Finale"],"picked":"Burst","floor":16.0},{"not_picked":["Acrobatics","Dodge and Roll"],"picked":"Deflect","floor":18.0},{"not_picked":["Flying Knee","Quick Slash+1","Dagger Spray+1"],"picked":"SKIP","floor":20.0},{"not_picked":["Blade Dance+1","Deflect"],"picked":"Well Laid Plans","floor":21.0},{"not_picked":["Outmaneuver","Dagger Spray"],"picked":"Storm of Steel","floor":24.0},{"not_picked":["Dagger Throw","Calculated Gamble"],"picked":"Infinite Blades","floor":27.0},{"not_picked":["Flying Knee+1","Poisoned Stab","Eviscerate","Sucker Punch+1"],"picked":"SKIP","floor":29.0},{"not_picked":["Noxious Fumes","Quick Slash","Cloak And Dagger"],"picked":"Dodge and Roll","floor":30.0},{"not_picked":["Endless Agony+1","PiercingWail","Dagger Throw+1"],"picked":"After Image","floor":31.0},{"not_picked":["Unload","Glass Knife","Tools of the Trade"],"picked":"Adrenaline","floor":33.0},{"not_picked":["Deadly Poison","Well Laid Plans","Bane"],"picked":"Escape Plan","floor":35.0},{"not_picked":["Bane+1","Predator","Outmaneuver+1"],"picked":"Acrobatics+1","floor":37.0},{"not_picked":["Crippling Poison+1","Bane","Riddle With Holes+1","Sucker Punch"],"picked":"SKIP","floor":38}],"player_experience":320083,"relics_obtained":[{"floor":7.0,"key":"Ancient Tea Set"},{"floor":9.0,"key":"Boot"},{"floor":13.0,"key":"Bottled Flame"},{"floor":19.0,"key":"Centennial Puzzle"},{"floor":27.0,"key":"Question Card"}],"event_choices":[{"damage_healed":0.0,"max_hp_gain":0.0,"max_hp_loss":0.0,"gold_gain":175.0,"event_name":"Liars Game","player_choice":"AGREE","floor":5.0,"gold_loss":0.0,"damage_taken":0.0,"cards_obtained":["Doubt"]},{"damage_healed":0.0,"max_hp_gain":0.0,"max_hp_loss":0.0,"gold_gain":0.0,"event_name":"Accursed Blacksmith","player_choice":"Rummage","floor":12.0,"gold_loss":0.0,"damage_taken":0.0,"relics_obtained":["WarpedTongs"],"cards_obtained":["Pain"]},{"cards_removed":["Doubt"],"damage_healed":0.0,"max_hp_gain":0.0,"max_hp_loss":0.0,"gold_gain":0.0,"event_name":"Beggar","player_choice":"Gave Gold","floor":22.0,"gold_loss":75.0,"damage_taken":0.0},{"cards_removed":["Strike_G"],"damage_healed":0.0,"max_hp_gain":0.0,"max_hp_loss":0.0,"gold_gain":0.0,"event_name":"Purifier","player_choice":"Purged","floor":36.0,"gold_loss":0.0,"damage_taken":0.0}],"is_beta":false,"boss_relics":[{"not_picked":["Pandora\u0027s Box","Cursed Key"],"picked":"WristBlade"},{"not_picked":["Snecko Eye","Ring of the Serpent"],"picked":"HoveringKite"}],"items_purged_floors":[14],"is_endless":false,"potions_floor_spawned":[1,7,8,16,18,20,29,38],"killed_by":"Jaw Worm Horde","ascension_level":10}}