{"host":"1buigr2wepn3ivn6","time":1614442950,"event":{"mods":["100% Spire Juice","BaseMod","Better Altar","BetterRewards","CapriCore","GifTheSpireLib","Minty Spire (QoL Compilation)","MostiFishMod","Reliquary","Replay The Spire","Spicy Shops","StSLib","TestMod","Transform Curses","【功能Mod】聪明的最终Boss","【遗物卡牌】REMEMod"],"gold_per_floor":[111,111,157,76,125,125,125,125],"floor_reached":7,"language":"ZHS","playtime":197,"items_purged":[],"score":74,"play_id":"595db8b4-da19-4ed3-aa1a-f17859d7359a","local_time":"20210228002230","daily_mods":["Shiny","Heirloom","Flight","DeadlyEvents","Elite Swarm"],"is_ascension_mode":true,"campfire_choices":[{"data":"Moonworks:MeltingMemories","floor":6,"key":"SMITH"}],"circlet_count":0,"master_deck":["AscendersBane","Moonworks:AccelHyper","Moonworks:FinalBattle","Moonworks:Blazing","Moonworks:MetallicMonocoque+1","Moonworks:Gamble","Moonworks:WeAreWaruda","Moonworks:ShieldCounter","Moonworks:HolyNight","Moonworks:Accelerator","Moonworks:Encore","Moonworks:EvilMastermind","Moonworks:RocketCannon","Moonworks:MeltingMemories+1","Moonworks:CrystalBarrier+1","Moonworks:PlushieMaster","Moonworks:SubspaceTunnel","Moonworks:LeapThroughSpace","Moonworks:AnotherUltimateWeapon","Moonworks:Wanted","Moonworks:ReflectiveShell","Moonworks:GoAway","Moonworks:StarBlastingFuse","Moonworks:SinkOrSwim","Moonworks:OutOfAmmo","MostiFishMod:StoryBook","Moonworks:IndiscriminateFireSupport","Moonworks:CloudOfSeagulls","Moonworks:Dinner"],"relics":["Snecko Eye","testmod-TestBox","REME_ComplimentaryCards","DaveBox","Calipers","RhineCircuit","testmod-ThousandKnives","SynthV:TestCard","White Beast Statue","Nunchaku","Smiling Mask"],"acts_visited":["Exordium"],"potions_floor_usage":[7],"damage_taken":[{"damage":0,"enemies":"Small Slimes","floor":1,"turns":2},{"damage":1008,"enemies":"Gremlin Nob","floor":7,"turns":3}],"seed_played":"9116605787060702223","potions_obtained":[{"floor":1,"key":"Venom Potion"}],"is_trial":true,"path_per_floor":["M","?","?","$","T","R","E"],"character_chosen":"THE_STARBREAKER","items_purchased":["Nunchaku"],"campfire_rested":0,"item_purchase_floors":[4],"current_hp_per_floor":[50,33,33,33,33,33,0,0],"gold":125,"neow_bonus":"","is_daily":false,"chose_seed":false,"campfire_upgraded":1,"win_rate":0.0,"timestamp":1614442950,"path_taken":["M","?","?","$","?","R","?"],"items_purchased_type":["Relic"],"build_version":"2020-12-22","purchased_purges":0,"victory":false,"max_hp_per_floor":[55,55,55,55,55,55,55,55],"card_choices":[{"not_picked":["Moonworks:EvilSpyWorkPreparation","Moonworks:SakisCookie"],"picked":"Moonworks:IndiscriminateFireSupport","floor":1},{"not_picked":["Moonworks:ImOnFire","Moonworks:SakisCookie","Moonworks:UnpaidWork","Moonworks:IntelligenceOfficer"],"picked":"Moonworks:CloudOfSeagulls","floor":3},{"not_picked":["Moonworks:MiracleWalker","Moonworks:EvilSpyWorkPreparation","Moonworks:Assault","Moonworks:SakisCookie"],"picked":"Moonworks:Dinner","floor":3}],"player_experience":196936,"relics_obtained":[{"floor":1,"key":"SynthV:TestCard"},{"floor":3,"key":"White Beast Statue"},{"floor":5,"key":"Smiling Mask"}],"event_choices":[{"damage_healed":0,"gold_gain":0,"player_choice":"Entered Light","damage_taken":17,"max_hp_gain":0,"max_hp_loss":0,"event_name":"Shining Light","floor":2,"gold_loss":0,"cards_upgraded":["Moonworks:CrystalBarrier","Moonworks:MetallicMonocoque"]}],"is_beta":false,"boss_relics":[],"items_purged_floors":[],"is_endless":false,"potions_floor_spawned":[1],"killed_by":"Gremlin Nob","ascension_level":20}}