{"host":"sm2onubqfc4ytyf3","time":1614430191,"event":{"mods":["BaseMod","Minty Spire (QoL Compilation)","SuperFastMode"],"gold_per_floor":[110,110,110,130,147,147,176,176,176,26,26,26,60,60,60,161,161,179,278,292,207,225,225,243,143,143,155,80,108,108,31,31,127,127,137,12,26,46,57,57,88,88,88,88,88,101,154,173,173,173],"floor_reached":51,"language":"ZHS","playtime":3636,"items_purged":["Strike_P","Defend_P","Defend_P"],"score":971,"play_id":"18fc57da-b248-4b76-b078-97b8ccebe1be","local_time":"20210227204951","is_ascension_mode":true,"campfire_choices":[{"data":"SignatureMove","floor":6.0,"key":"SMITH"},{"floor":8.0,"key":"REST"},{"data":"Wallop","floor":12.0,"key":"SMITH"},{"data":"Wireheading","floor":15.0,"key":"SMITH"},{"data":"Vigilance","floor":23.0,"key":"SMITH"},{"data":"Blasphemy","floor":30.0,"key":"SMITH"},{"floor":32.0,"key":"REST"},{"floor":40.0,"key":"REST"},{"data":"Indignation","floor":44.0,"key":"SMITH"},{"floor":49,"key":"REST"}],"circlet_count":0,"master_deck":["Defend_P+1","Eruption+1","Vigilance+1","SignatureMove+1","Wallop+1","Wireheading+1","FlurryOfBlows+1","LessonLearned","Evaluate+1","FearNoEvil+1","FlurryOfBlows+1","DeusExMachina+1","Blasphemy+1","Indignation+1","Omniscience+1"],"relics":["PureWater","Unceasing Top","Mango","Shuriken","Whetstone","Empty Cage","GoldenEye","Lantern","Boot","SlaversCollar","CloakClasp","Centennial Puzzle","CaptainsWheel"],"acts_visited":["Exordium","TheCity","TheBeyond"],"potions_floor_usage":[50],"damage_taken":[{"damage":0.0,"enemies":"2 Louse","floor":1.0,"turns":2.0},{"damage":0.0,"enemies":"Jaw Worm","floor":4.0,"turns":4.0},{"damage":2.0,"enemies":"Small Slimes","floor":5.0,"turns":5.0},{"damage":33.0,"enemies":"Gremlin Nob","floor":7.0,"turns":5.0},{"damage":13.0,"enemies":"Lagavulin","floor":13.0,"turns":6.0},{"damage":7.0,"enemies":"The Guardian","floor":16.0,"turns":8.0},{"damage":34.0,"enemies":"Spheric Guardian","floor":18.0,"turns":7.0},{"damage":4.0,"enemies":"2 Thieves","floor":20.0,"turns":4.0},{"damage":0.0,"enemies":"Snake Plant","floor":22.0,"turns":4.0},{"damage":2.0,"enemies":"Chosen and Byrds","floor":24.0,"turns":6.0},{"damage":0.0,"enemies":"3 Cultists","floor":27.0,"turns":4.0},{"damage":0.0,"enemies":"Slavers","floor":29.0,"turns":1.0},{"damage":21.0,"enemies":"Collector","floor":33.0,"turns":5.0},{"damage":0.0,"enemies":"Orb Walker","floor":35.0,"turns":1.0},{"damage":0.0,"enemies":"3 Shapes","floor":37.0,"turns":2.0},{"damage":4.0,"enemies":"Transient","floor":38.0,"turns":5.0},{"damage":6.0,"enemies":"Sphere and 2 Shapes","floor":39.0,"turns":5.0},{"damage":0.0,"enemies":"Giant Head","floor":41.0,"turns":5.0},{"damage":3.0,"enemies":"Writhing Mass","floor":46.0,"turns":3.0},{"damage":19.0,"enemies":"2 Orb Walkers","floor":47.0,"turns":4.0},{"damage":8,"enemies":"4 Shapes","floor":48,"turns":4},{"damage":30,"enemies":"Donu and Deca","floor":50,"turns":9}],"seed_played":"-17962542341464984","potions_obtained":[{"floor":1.0,"key":"LiquidMemories"},{"floor":7.0,"key":"LiquidMemories"},{"floor":13.0,"key":"AttackPotion"},{"floor":18.0,"key":"Block Potion"},{"floor":24.0,"key":"GamblersBrew"},{"floor":33.0,"key":"Fire Potion"},{"floor":35.0,"key":"BottledMiracle"},{"floor":46.0,"key":"Swift Potion"}],"is_trial":false,"path_per_floor":["M","?","?","M","M","R","E","R","T","$","T","R","E","$","R","B",null,"M","?","M","?","M","R","M","$","T","M","?","E","R","$","R","B",null,"M","$","M","M","M","R","E","?","T","R","$","M","?","M","R","B",null],"character_chosen":"WATCHER","items_purchased":["Wireheading","Indignation"],"campfire_rested":4,"item_purchase_floors":[10,31],"current_hp_per_floor":[65,70,63,63,61,61,28,51,65,65,65,65,52,52,52,45,80,46,46,42,42,42,42,40,40,40,40,40,40,40,40,67,46,80,80,80,80,76,70,91,91,91,91,91,91,88,69,61,88,58],"gold":173,"neow_bonus":"UPGRADE_CARD","is_daily":false,"chose_seed":false,"campfire_upgraded":6,"win_rate":0.0,"timestamp":1614430191,"path_taken":["M","?","?","M","M","R","E","R","T","$","?","R","E","$","R","BOSS","M","?","M","?","M","R","M","$","T","M","?","E","R","$","R","BOSS","M","$","M","M","M","R","E","?","T","R","$","?","?","M","R","BOSS"],"items_purchased_type":["Card","Card"],"build_version":"2020-12-22","purchased_purges":3,"victory":true,"max_hp_per_floor":[72,77,77,77,77,77,77,77,91,91,91,91,91,91,91,91,91,91,91,91,91,91,91,91,91,91,91,91,91,91,91,91,91,91,91,91,91,91,91,91,91,91,91,91,91,91,91,91,91,91],"card_choices":[{"not_picked":["TalkToTheHand","CutThroughFate","Crescendo"],"picked":"SKIP","floor":1.0},{"not_picked":["Halt","BowlingBash","ForeignInfluence"],"picked":"SKIP","floor":4.0},{"not_picked":["Crescendo","Swivel"],"picked":"SignatureMove","floor":5.0},{"not_picked":["Judgement","ForeignInfluence"],"picked":"Wallop","floor":7.0},{"not_picked":["Protect","ThirdEye"],"picked":"FlurryOfBlows","floor":13.0},{"not_picked":["DeusExMachina","Wish"],"picked":"LessonLearned","floor":16.0},{"not_picked":["SashWhip+1","BowlingBash+1"],"picked":"Evaluate+1","floor":18.0},{"not_picked":["Perseverance","Sanctity"],"picked":"FearNoEvil","floor":20.0},{"not_picked":["EmptyBody","BowlingBash+1"],"picked":"FlurryOfBlows","floor":22.0},{"not_picked":["ClearTheMind","InnerPeace+1"],"picked":"DeusExMachina","floor":24.0},{"not_picked":["FlyingSleeves","ThirdEye","EmptyBody"],"picked":"SKIP","floor":27.0},{"not_picked":["Halt","PathToVictory+1"],"picked":"Blasphemy","floor":29.0},{"not_picked":["Alpha","DevaForm"],"picked":"Omniscience","floor":33.0},{"not_picked":["CutThroughFate","EmptyMind+1","InnerPeace"],"picked":"SKIP","floor":35.0},{"not_picked":["FollowUp","ForeignInfluence","Protect+1"],"picked":"SKIP","floor":37.0},{"not_picked":["FlurryOfBlows+1","ClearTheMind","Halt"],"picked":"SKIP","floor":38.0},{"not_picked":["Halt+1","Sanctity","Consecrate"],"picked":"SKIP","floor":39.0},{"not_picked":["FlurryOfBlows+1","DeceiveReality+1","Weave"],"picked":"SKIP","floor":41.0},{"not_picked":["WindmillStrike","Protect+1","Blasphemy"],"picked":"SKIP","floor":46.0},{"not_picked":["CarveReality+1","CutThroughFate+1","WreathOfFlame+1"],"picked":"SKIP","floor":48}],"player_experience":42784,"relics_obtained":[{"floor":7.0,"key":"Unceasing Top"},{"floor":9.0,"key":"Mango"},{"floor":11.0,"key":"Shuriken"},{"floor":13.0,"key":"Whetstone"},{"floor":26.0,"key":"Lantern"},{"floor":29.0,"key":"Boot"},{"floor":41.0,"key":"CloakClasp"},{"floor":43.0,"key":"Centennial Puzzle"},{"floor":47.0,"key":"CaptainsWheel"}],"event_choices":[{"damage_healed":0.0,"max_hp_gain":5.0,"max_hp_loss":0.0,"gold_gain":0.0,"event_name":"Big Fish","player_choice":"Donut","floor":2.0,"gold_loss":0.0,"damage_taken":0.0},{"cards_removed":["Strike_P"],"damage_healed":0.0,"max_hp_gain":0.0,"max_hp_loss":0.0,"gold_gain":0.0,"event_name":"Golden Wing","player_choice":"Card Removal","floor":3.0,"gold_loss":0.0,"damage_taken":7.0},{"damage_healed":0.0,"max_hp_gain":0.0,"max_hp_loss":0.0,"gold_gain":99.0,"event_name":"Nest","player_choice":"Stole From Cult","floor":19.0,"gold_loss":0.0,"damage_taken":0.0},{"damage_healed":0.0,"max_hp_gain":0.0,"max_hp_loss":0.0,"gold_gain":0.0,"event_name":"Addict","player_choice":"Obtained Relic","floor":21.0,"gold_loss":85.0,"damage_taken":0.0,"relics_obtained":["GoldenEye"]},{"cards_removed":["Defend_P"],"damage_healed":0.0,"max_hp_gain":0.0,"max_hp_loss":0.0,"gold_gain":0.0,"event_name":"Beggar","player_choice":"Gave Gold","floor":28.0,"gold_loss":75.0,"damage_taken":0.0},{"damage_healed":0.0,"max_hp_gain":0.0,"max_hp_loss":0.0,"gold_gain":0.0,"event_name":"Upgrade Shrine","player_choice":"Upgraded","floor":42.0,"gold_loss":0.0,"damage_taken":0.0,"cards_upgraded":["FlurryOfBlows"]},{"damage_healed":0.0,"max_hp_gain":0.0,"max_hp_loss":0.0,"gold_gain":0.0,"event_name":"Mysterious Sphere","player_choice":"Fight","floor":47.0,"gold_loss":0.0,"damage_taken":0.0}],"is_beta":false,"boss_relics":[{"not_picked":["HolyWater","Busted Crown"],"picked":"Empty Cage"},{"not_picked":["Cursed Key","Tiny House"],"picked":"SlaversCollar"}],"items_purged_floors":[10,25,36],"is_endless":false,"potions_floor_spawned":[1,7,13,18,24,33,35,37,46],"ascension_level":6}}