{"host":"Oniwa","time":1614416253,"event":{"mods":["BaseMod","Bestiary","Colored Map","Colored Powertips","Minty Spire (QoL Compilation)","Relic Stats","Slay the Relics Exporter","SpireBot","StSLib","ojb\u0027s Better Paths Mod","ojb\u0027s Info Mod: The sequel"],"gold_per_floor":[119,138,151,151,165,165,185,185,185,216,276,276,289,289,289,367,367,367,367,20,20,20],"floor_reached":21,"language":"JPN","playtime":2173,"items_purged":["Strike_R"],"score":362,"play_id":"f288ef3a-10c2-43cb-80fc-d4552d678314","local_time":"20210227175733","is_ascension_mode":true,"campfire_choices":[{"floor":6,"key":"REST"},{"floor":8,"key":"REST"},{"data":"Entrench","floor":12,"key":"SMITH"},{"data":"Clothesline","floor":15,"key":"SMITH"}],"circlet_count":0,"master_deck":["AscendersBane","Strike_R","Strike_R","Strike_R","Strike_R","Defend_R","Defend_R","Defend_R","Defend_R","Bash","CurseOfTheBell","Cleave","Juggernaut","Dropkick","Clothesline+1","Shrug It Off","Body Slam+1","Entrench+1","Burning Pact","Barricade","Disarm","Flame Barrier","True Grit"],"relics":["Calling Bell","Nunchaku","Shuriken","StoneCalendar","Letter Opener","Molten Egg 2","Sundial","Charon\u0027s Ashes","Ectoplasm","Medical Kit"],"acts_visited":["Exordium","TheCity"],"potions_floor_usage":[5,10,11,16,21],"damage_taken":[{"damage":7,"enemies":"Cultist","floor":1,"turns":4},{"damage":11,"enemies":"2 Louse","floor":2,"turns":2},{"damage":4,"enemies":"Small Slimes","floor":3,"turns":4},{"damage":12,"enemies":"3 Louse","floor":5,"turns":3},{"damage":6,"enemies":"Looter","floor":7,"turns":4},{"damage":9,"enemies":"3 Sentries","floor":10,"turns":7},{"damage":12,"enemies":"3 Sentries","floor":11,"turns":5},{"damage":14,"enemies":"Blue Slaver","floor":13,"turns":4},{"damage":23,"enemies":"The Guardian","floor":16,"turns":12},{"damage":12,"enemies":"3 Byrds","floor":18,"turns":5},{"damage":20,"enemies":"Chosen","floor":19,"turns":6},{"damage":28,"enemies":"Sentry and Sphere","floor":21,"turns":5}],"seed_played":"5245125205227029789","potions_obtained":[{"floor":1,"key":"DistilledChaos"},{"floor":7,"key":"HeartOfIron"},{"floor":10,"key":"AttackPotion"},{"floor":11,"key":"SteroidPotion"},{"floor":18,"key":"GamblersBrew"}],"is_trial":false,"path_per_floor":["M","M","M","?","M","R","M","R","T","E","?","R","M","?","R","B",null,"M","M","$","M"],"character_chosen":"IRONCLAD","items_purchased":["Fire Potion","Medical Kit","True Grit"],"campfire_rested":2,"item_purchase_floors":[20,20,20],"current_hp_per_floor":[61,50,46,20,8,30,24,46,46,37,25,25,11,36,36,13,60,48,28,28,0,0],"gold":20,"neow_bonus":"BOSS_RELIC","is_daily":false,"chose_seed":false,"campfire_upgraded":2,"win_rate":0.0,"timestamp":1614416253,"path_taken":["M","?","?","?","M","R","M","R","T","E","?","R","M","?","R","BOSS","M","M","$","M"],"items_purchased_type":["Potion","Relic","Card"],"build_version":"2020-12-18","purchased_purges":1,"victory":false,"max_hp_per_floor":[75,75,75,75,75,75,75,75,75,75,75,75,75,75,75,75,75,75,75,75,75,75],"relic_stats":{"Nunchaku":[8],"counters":[12,61],"Shuriken":[11],"Sundial":[6],"StoneCalendar":[47],"Charon\u0027s Ashes":[63],"Ectoplasm":37,"Letter Opener":[36],"Medical Kit":[2],"obtain_stats":[{"Calling Bell":0,"Nunchaku":0,"Shuriken":0,"Sundial":10,"StoneCalendar":0,"Molten Egg 2":9,"Charon\u0027s Ashes":11,"Ectoplasm":17,"Letter Opener":4,"Medical Kit":20,"Burning Blood":0},{"Calling Bell":0,"Nunchaku":0,"Shuriken":0,"Sundial":6,"StoneCalendar":0,"Molten Egg 2":5,"Charon\u0027s Ashes":7,"Ectoplasm":9,"Letter Opener":3,"Medical Kit":11,"Burning Blood":0},{"Calling Bell":0,"Nunchaku":0,"Shuriken":0,"Sundial":24,"StoneCalendar":0,"Molten Egg 2":17,"Charon\u0027s Ashes":29,"Ectoplasm":45,"Letter Opener":10,"Medical Kit":56,"Burning Blood":0}]},"card_choices":[{"not_picked":["Havoc","Iron Wave"],"picked":"Cleave","floor":1},{"not_picked":["Wild Strike","Fire Breathing"],"picked":"Juggernaut","floor":2},{"not_picked":["Heavy Blade","Dual Wield"],"picked":"Dropkick","floor":3},{"not_picked":["Dark Embrace","Entrench"],"picked":"Clothesline","floor":5},{"not_picked":["True Grit","Inflame"],"picked":"Shrug It Off","floor":7},{"not_picked":["Warcry","Evolve"],"picked":"Body Slam+1","floor":10},{"not_picked":["Twin Strike+1","Headbutt+1"],"picked":"Entrench","floor":11},{"not_picked":["Carnage+1","Whirlwind+1"],"picked":"Burning Pact","floor":13},{"not_picked":["Exhume","Limit Break"],"picked":"Barricade","floor":16},{"not_picked":["Heavy Blade+1","Clash+1"],"picked":"Disarm","floor":18},{"not_picked":["Inflame","Warcry"],"picked":"Flame Barrier","floor":19}],"player_experience":2777814,"relics_obtained":[{"floor":0,"key":"Nunchaku"},{"floor":0,"key":"Shuriken"},{"floor":0,"key":"StoneCalendar"},{"floor":9,"key":"Molten Egg 2"},{"floor":10,"key":"Sundial"},{"floor":11,"key":"Charon\u0027s Ashes"}],"event_choices":[{"damage_healed":0,"gold_gain":0,"player_choice":"Success","damage_taken":26,"relics_obtained":["Letter Opener"],"max_hp_gain":0,"max_hp_loss":0,"event_name":"Scrap Ooze","floor":4,"gold_loss":0},{"damage_healed":0,"gold_gain":0,"player_choice":"Searched \u00271\u0027 times","damage_taken":0,"max_hp_gain":0,"max_hp_loss":0,"event_name":"Dead Adventurer","floor":11,"gold_loss":0},{"damage_healed":25,"gold_gain":0,"player_choice":"Banana","damage_taken":0,"max_hp_gain":0,"max_hp_loss":0,"event_name":"Big Fish","floor":14,"gold_loss":0}],"is_beta":true,"boss_relics":[{"not_picked":["Mark of Pain","Tiny House"],"picked":"Ectoplasm"}],"items_purged_floors":[20],"is_endless":false,"potions_floor_spawned":[1,7,10,11,18],"killed_by":"Sentry and Sphere","ascension_level":20}}