{"host":"s41rn2jhghpwfrvz","time":1614427734,"event":{"mods":["BaseMod","Minty Spire (QoL Compilation)","Quick Restart","Relic Stats","SuperFastMode"],"gold_per_floor":[113,130,55,73,73,73,103,103,103,103,3,30,30,60,60,131,131,143,143,162,178,178,208,232,264,264,314,314,342,354,370,370,444,444,463,9,9,9,9,9,40,60,60,76,94,94,126,141,141,141,141,141,141,113,148,148],"floor_reached":57,"language":"ENG","playtime":1554,"items_purged":["Hologram","Underhanded Strike"],"score":3672,"play_id":"3cf223b3-1ade-43b0-b217-87775603c8c2","local_time":"20210227140854","daily_mods":["SealedDeck","Diverse","Elite Swarm"],"is_ascension_mode":true,"campfire_choices":[{"data":"Tactician","floor":6.0,"key":"SMITH"},{"data":"Acrobatics","floor":8.0,"key":"SMITH"},{"data":"Burning Pact","floor":10.0,"key":"SMITH"},{"data":"Underhanded Strike","floor":15.0,"key":"SMITH"},{"data":"1","floor":28.0,"key":"LIFT"},{"data":"2","floor":32.0,"key":"LIFT"},{"data":"Barricade","floor":40.0,"key":"SMITH"},{"floor":46.0,"key":"RECALL"},{"data":"3","floor":49.0,"key":"LIFT"},{"data":"Backflip","floor":53,"key":"SMITH"}],"circlet_count":0,"master_deck":["AscendersBane","Reinforced Body+1","Underhanded Strike+1","Underhanded Strike+1","Backflip+1","Tactician+1","Acrobatics+1","Feel No Pain","Burning Pact+1","Barricade+1","Body Slam+1"],"relics":["Burning Blood","HornCleat","Anchor","Blue Candle","Omamori","Runic Dome","Happy Flower","War Paint","Sundial","Girya","Ornamental Fan","Busted Crown","Shuriken","Vajra","Thread and Needle","Regal Pillow","Whetstone"],"acts_visited":["Exordium","TheCity","TheBeyond","TheEnding"],"potions_floor_usage":[50,56],"damage_taken":[{"damage":0.0,"enemies":"Cultist","floor":1.0,"turns":2.0},{"damage":0.0,"enemies":"Jaw Worm","floor":2.0,"turns":2.0},{"damage":0.0,"enemies":"Small Slimes","floor":4.0,"turns":2.0},{"damage":0.0,"enemies":"Gremlin Nob","floor":7.0,"turns":3.0},{"damage":0.0,"enemies":"3 Sentries","floor":12.0,"turns":1.0},{"damage":0.0,"enemies":"Lagavulin","floor":14.0,"turns":1.0},{"damage":0.0,"enemies":"Slime Boss","floor":16.0,"turns":1.0},{"damage":0.0,"enemies":"Chosen","floor":18.0,"turns":1.0},{"damage":0.0,"enemies":"2 Thieves","floor":20.0,"turns":1.0},{"damage":0.0,"enemies":"Shelled Parasite and Fungi","floor":21.0,"turns":1.0},{"damage":0.0,"enemies":"Gremlin Leader","floor":23.0,"turns":2.0},{"damage":0.0,"enemies":"Book of Stabbing","floor":25.0,"turns":2.0},{"damage":0.0,"enemies":"Gremlin Leader","floor":29.0,"turns":1.0},{"damage":0.0,"enemies":"Snecko","floor":30.0,"turns":1.0},{"damage":0.0,"enemies":"Sentry and Sphere","floor":31.0,"turns":1.0},{"damage":0.0,"enemies":"Automaton","floor":33.0,"turns":3.0},{"damage":0.0,"enemies":"Orb Walker","floor":35.0,"turns":1.0},{"damage":0.0,"enemies":"Reptomancer","floor":41.0,"turns":2.0},{"damage":0.0,"enemies":"3 Shapes","floor":42.0,"turns":1.0},{"damage":0.0,"enemies":"Writhing Mass","floor":44.0,"turns":2.0},{"damage":0.0,"enemies":"Jaw Worm Horde","floor":45.0,"turns":1.0},{"damage":0.0,"enemies":"Nemesis","floor":47.0,"turns":1.0},{"damage":0.0,"enemies":"Transient","floor":48.0,"turns":2.0},{"damage":0,"enemies":"Time Eater","floor":50,"turns":7},{"damage":0,"enemies":"Awakened One","floor":51,"turns":4},{"damage":0,"enemies":"Shield and Spear","floor":55,"turns":2},{"damage":0,"enemies":"The Heart","floor":56,"turns":5}],"seed_played":"3641763663222070781","potions_obtained":[{"floor":7.0,"key":"DistilledChaos"},{"floor":16.0,"key":"Ancient Potion"}],"is_trial":true,"path_per_floor":["M","M","$","M","$","R","E","R","T","R","$","E","?","E","R","B",null,"M","?","M","M","$","E","T","E","T","?","R","E","M","M","R","B",null,"M","$","?","?","$","R","E","M","T","M","M","R","E","M","R","B","B",null,"R","$","E","B",null],"character_chosen":"IRONCLAD","items_purchased":["Shuriken","Vajra","Body Slam"],"campfire_rested":0,"item_purchase_floors":[36,36,54],"current_hp_per_floor":[74,75,75,75,75,75,75,75,75,75,75,75,75,75,75,75,75,75,75,75,75,75,75,75,75,75,75,75,75,75,75,75,75,75,75,75,71,71,71,71,71,71,71,71,71,71,71,71,71,71,71,71,71,71,71,71],"gold":148,"neow_bonus":"","is_daily":false,"chose_seed":false,"campfire_upgraded":6,"win_rate":0.0,"timestamp":1614427734,"path_taken":["M","M","?","M","$","R","E","R","T","R","$","E","?","E","R","BOSS","M","?","?","M","$","E","?","E","T","?","R","E","M","M","R","BOSS","M","$","?","?","?","R","E","?","T","M","?","R","E","M","R","BOSS","BOSS","R","$","E","BOSS"],"items_purchased_type":["Relic","Relic","Card"],"build_version":"2020-12-22","purchased_purges":2,"victory":true,"max_hp_per_floor":[75,75,75,75,75,75,75,75,75,75,75,75,75,75,75,75,75,75,75,75,75,75,75,75,75,75,75,75,75,75,75,75,75,75,75,75,71,71,71,71,71,71,71,71,71,71,71,71,71,71,71,71,71,71,71,71],"relic_stats":{"Regal Pillow":0,"Busted Crown":16,"Happy Flower":[12],"counters":[27,53],"Sundial":[256],"Ornamental Fan":[272],"Shuriken":[53],"Blue Candle":[0],"Whetstone":["Body Slam","Underhanded Strike"],"War Paint":["Adrenaline","Reinforced Body"],"obtain_stats":[{"Girya":26,"Regal Pillow":47,"Happy Flower":23,"Blue Candle":12,"Vajra":36,"Thread and Needle":41,"Omamori":14,"Whetstone":55,"War Paint":24,"Burning Blood":0,"Runic Dome":17,"Anchor":9,"HornCleat":7,"Busted Crown":34,"Sundial":25,"Ornamental Fan":29,"Shuriken":36},{"Girya":12,"Regal Pillow":22,"Happy Flower":11,"Blue Candle":5,"Vajra":17,"Thread and Needle":18,"Omamori":6,"Whetstone":26,"War Paint":11,"Burning Blood":0,"Runic Dome":7,"Anchor":4,"HornCleat":4,"Busted Crown":16,"Sundial":12,"Ornamental Fan":13,"Shuriken":17},{"Girya":19,"Regal Pillow":33,"Happy Flower":17,"Blue Candle":10,"Vajra":26,"Thread and Needle":28,"Omamori":11,"Whetstone":48,"War Paint":17,"Burning Blood":0,"Runic Dome":12,"Anchor":9,"HornCleat":9,"Busted Crown":25,"Sundial":19,"Ornamental Fan":20,"Shuriken":26}],"Burning Blood":7},"card_choices":[{"not_picked":["SashWhip","Sword Boomerang","Skewer"],"picked":"SKIP","floor":1.0},{"not_picked":["Wild Strike","SignatureMove"],"picked":"Burning Pact","floor":2.0},{"not_picked":["Rupture","Fusion","Conclude"],"picked":"SKIP","floor":4.0},{"not_picked":["Multi-Cast","After Image","Doppelganger"],"picked":"SKIP","floor":7.0},{"not_picked":["Establishment","Amplify"],"picked":"Adrenaline","floor":12.0},{"not_picked":["Echo Form","DeusExMachina","Electrodynamics"],"picked":"SKIP","floor":14.0},{"not_picked":["Adaptation","Tantrum","PiercingWail"],"picked":"SKIP","floor":18.0},{"not_picked":["Prostrate","Headbutt","Dash"],"picked":"SKIP","floor":20.0},{"not_picked":["Flying Knee","Cleave","Infernal Blade"],"picked":"SKIP","floor":21.0},{"not_picked":["Bludgeon","Storm of Steel"],"picked":"Barricade","floor":23.0},{"not_picked":["Brilliance","Glass Knife","Electrodynamics"],"picked":"SKIP","floor":25.0},{"not_picked":["LessonLearned","Multi-Cast","Fission"],"picked":"SKIP","floor":29.0},{"not_picked":["Wallop+1","Reckless Charge","Choke"],"picked":"SKIP","floor":30.0},{"not_picked":["Barrage+1","Reckless Charge","Sweeping Beam"],"picked":"SKIP","floor":31.0},{"not_picked":["Havoc+1"],"picked":"SKIP","floor":35.0},{"not_picked":["Meteor Strike"],"picked":"SKIP","floor":41.0},{"not_picked":["Armaments+1"],"picked":"SKIP","floor":42.0},{"not_picked":["Coolheaded"],"picked":"SKIP","floor":44.0},{"not_picked":["Storm"],"picked":"SKIP","floor":45.0},{"not_picked":["Wraith Form v2"],"picked":"SKIP","floor":47.0},{"not_picked":["Halt"],"picked":"SKIP","floor":48.0},{"not_picked":["Brilliance"],"picked":"SKIP","floor":55}],"player_experience":2050862,"relics_obtained":[{"floor":7.0,"key":"HornCleat"},{"floor":9.0,"key":"Anchor"},{"floor":12.0,"key":"Blue Candle"},{"floor":14.0,"key":"Omamori"},{"floor":23.0,"key":"Happy Flower"},{"floor":24.0,"key":"War Paint"},{"floor":25.0,"key":"Sundial"},{"floor":26.0,"key":"Girya"},{"floor":29.0,"key":"Ornamental Fan"},{"floor":41.0,"key":"Thread and Needle"},{"floor":47.0,"key":"Regal Pillow"},{"floor":55,"key":"Whetstone"}],"event_choices":[{"damage_healed":0.0,"max_hp_gain":0.0,"max_hp_loss":0.0,"gold_gain":0.0,"event_name":"Wheel of Change","player_choice":"Full Heal","floor":13.0,"gold_loss":0.0,"damage_taken":0.0},{"cards_removed":["Turbo"],"damage_healed":5.0,"max_hp_gain":0.0,"max_hp_loss":0.0,"gold_gain":0.0,"event_name":"Bonfire Elementals","player_choice":"Offered Common","floor":19.0,"gold_loss":0.0,"damage_taken":0.0},{"cards_removed":["Turbo"],"damage_healed":5.0,"max_hp_gain":0.0,"max_hp_loss":0.0,"gold_gain":0.0,"event_name":"Bonfire Elementals","player_choice":"Offered Special","floor":19.0,"gold_loss":0.0,"damage_taken":0.0},{"damage_healed":0.0,"max_hp_gain":0.0,"max_hp_loss":0.0,"gold_gain":50.0,"event_name":"Nest","player_choice":"Stole From Cult","floor":27.0,"gold_loss":0.0,"damage_taken":0.0},{"damage_healed":0.0,"max_hp_gain":0.0,"max_hp_loss":4.0,"gold_gain":0.0,"event_name":"Winding Halls","player_choice":"Max HP","floor":37.0,"gold_loss":0.0,"damage_taken":0.0},{"cards_removed":["Adrenaline"],"damage_healed":0.0,"max_hp_gain":0.0,"max_hp_loss":0.0,"gold_gain":0.0,"event_name":"Falling","player_choice":"Removed Skill","floor":38.0,"gold_loss":0.0,"damage_taken":0.0}],"is_beta":false,"boss_relics":[{"not_picked":["Snecko Eye","Fusion Hammer"],"picked":"Runic Dome"},{"not_picked":["SlaversCollar","Mark of Pain"],"picked":"Busted Crown"}],"items_purged_floors":[3,11],"is_endless":false,"potions_floor_spawned":[7,16,20,30,33,42,47,55],"ascension_level":20}}