{"host":"yq7vhdvcv08g2502","time":1614446270,"event":{"mods":["Act Like it!","BaseMod","Colored Powertips","Custom Start","Gensokyo","Marisa????????","Minty Spire (QoL Compilation)","Quick Restart","Reimu??????","StSLib","The Servant 0.9.4"],"gold_per_floor":[112,36,36,51,64,64,92,404,404,404,404,404],"floor_reached":11,"language":"ENG","playtime":1643,"items_purged":[],"score":79,"play_id":"cbadc66e-ddd7-4ba5-9a08-51a8a3d389a6","local_time":"20210227171750","is_ascension_mode":true,"campfire_choices":[{"floor":6.0,"key":"REST"}],"circlet_count":0,"master_deck":["Strike_Lin:ReiMu","Strike_Lin:ReiMu","Strike_Lin:ReiMu","Strike_Lin:ReiMu","Defend_Lin:ReiMu","Defend_Lin:ReiMu","Defend_Lin:ReiMu","Defend_Lin:ReiMu","NB:ReiMu","Stagnation:ReiMu","PhosphorusFlame:ReiMu","AlertArray:ReiMu","PhosphorusFlame:ReiMu","Conquer:ReiMu","Free:ReiMu"],"relics":["FlyPower:ReiMu","Mercury Hourglass","Old Coin","White Beast Statue"],"acts_visited":["Gensokyo:Gensokyo"],"potions_floor_usage":[7,8,11],"damage_taken":[{"damage":7.0,"enemies":"Gensokyo:2_Kodama","floor":1.0,"turns":6.0},{"damage":18.0,"enemies":"Gensokyo:Gryphon","floor":4.0,"turns":7.0},{"damage":21.0,"enemies":"Gensokyo:3_Fairies","floor":5.0,"turns":7.0},{"damage":27,"enemies":"Gensokyo:Mamizou","floor":7,"turns":11},{"damage":0,"enemies":"Gensokyo:LivingMonolith","floor":8,"turns":3},{"damage":6,"enemies":"Gensokyo:Cirno","floor":11,"turns":3}],"seed_played":"-6042578133393042159","potions_obtained":[{"floor":5.0,"key":"PinkPotion:ReiMu"},{"floor":7,"key":"SteroidPotion"},{"floor":8,"key":"DuplicationPotion"}],"is_trial":false,"path_per_floor":["M","COS","?","M","M","R","E","M","T","?","E"],"character_chosen":"REIMU","items_purchased":[],"campfire_rested":1,"item_purchase_floors":[],"current_hp_per_floor":[58,58,58,40,19,38,11,11,11,5,0,0],"gold":404,"neow_bonus":"THREE_CARDS","is_daily":false,"chose_seed":false,"campfire_upgraded":0,"win_rate":0.0,"timestamp":1614446270,"path_taken":["M","COS","?","M","M","R","E","?","T","?","E"],"items_purchased_type":[],"build_version":"2020-12-22","purchased_purges":0,"victory":false,"max_hp_per_floor":[65,65,65,65,65,65,65,65,65,65,65,65],"card_choices":[{"not_picked":["RainPray2:ReiMu","WonderfulDomain:ReiMu"],"picked":"PhosphorusFlame:ReiMu","floor":0.0},{"not_picked":["FineLineFantasy:ReiMu","Crusade:ReiMu"],"picked":"AlertArray:ReiMu","floor":1.0},{"not_picked":["InherentArray:ReiMu","MikOfLucky:ReiMu"],"picked":"PhosphorusFlame:ReiMu","floor":4.0},{"not_picked":["FineLineFantasy:ReiMu","CareerPray:ReiMu"],"picked":"Conquer:ReiMu","floor":5.0},{"not_picked":["Mountainwind:ReiMu","Dreaming2:ReiMu"],"picked":"Free:ReiMu","floor":7},{"not_picked":["Meditation:ReiMu","MountainWay:ReiMu","Enchanting:ReiMu"],"picked":"SKIP","floor":8}],"player_experience":330151,"relics_obtained":[{"floor":7,"key":"Mercury Hourglass"},{"floor":9,"key":"White Beast Statue"}],"event_choices":[],"is_beta":false,"boss_relics":[],"items_purged_floors":[],"is_endless":false,"potions_floor_spawned":[5,7,8],"killed_by":"Gensokyo:Cirno","ascension_level":2}}