{"host":"ty9fb48q9oru32qm","time":1614436078,"event":{"mods":["2.2 Compatiblity","AchievementEnabler","Act Like it!","Aspiration","Astrologer","BaseMod","Beaked The Cultist","Better Synergies","Block Reminder","Colored Powertips","Conspire","DeckTracker","Downfall","Friendly Minions","GifTheSpireLib","Halation","Hermit","Hubris","Infinite Spire","Jorbs\u0027s Wanderer Trilogy","Marisa????????","Minty Spire (QoL Compilation)","Permanent Neow","Quick Restart","Random Character Button","Reliquary","Replay The Spire","Somnambulant","StSLib","Stuff the Spire","The Cursed","The Jungle","The Marked","The Runesmith","TheVacant","Wandering Minibosses"],"gold_per_floor":[0,12,29,29,44,74,74,84,84,84,117,27,27,59,79,180,180,80,95,109,125,138,172,198,198,198,198],"floor_reached":25,"language":"ENG","playtime":2050,"items_purged":["Guardian:Strike_Guardian"],"score":281,"play_id":"3512e24e-a53a-41da-b837-cd41954980d1","local_time":"20210227152758","is_ascension_mode":true,"campfire_choices":[{"data":"Metamorphosis","floor":1,"key":"SMITH"},{"floor":9,"key":"REST"},{"floor":13,"key":"RECALL"},{"data":"Guardian:BaubleBeam","floor":18,"key":"SMITH"}],"circlet_count":0,"master_deck":["Guardian:Strike_Guardian","Guardian:Strike_Guardian","Guardian:Strike_Guardian","Guardian:Defend_Guardian","Guardian:Defend_Guardian","Guardian:Defend_Guardian","Guardian:Defend_Guardian","Guardian:CurlUp","Guardian:TwinSlam","Metamorphosis+1","Guardian:PiercingHide","Guardian:ShieldCharger+1","Guardian:BaubleBeam+1","Guardian:Gem_Cyan"],"relics":["Guardian:ModeShifter","conspire:DecoderRing","infinitespire:Beetle Shell","hubris:DisguiseKit","infinitespire:Eraser","ReplayFunnel","Black Star","downfall:HeartBlessingRed","Vajra","Garlic"],"acts_visited":["Exordium","TheCity"],"potions_floor_usage":[23,25],"damage_taken":[{"damage":0,"enemies":"2 Louse","floor":2,"turns":2},{"damage":5,"enemies":"Small Slimes","floor":3,"turns":4},{"damage":6,"enemies":"Cultist","floor":5,"turns":3},{"damage":18,"enemies":"Lagavulin","floor":6,"turns":5},{"damage":0,"enemies":"Exordium Wildlife","floor":8,"turns":2},{"damage":5,"enemies":"Gremlin Nob","floor":11,"turns":3},{"damage":3,"enemies":"downfall:FleeingMerchant","floor":12,"turns":4},{"damage":0,"enemies":"Lagavulin","floor":14,"turns":7},{"damage":14,"enemies":"3 Louse","floor":15,"turns":2},{"damage":32,"enemies":"DF_ARCHETYPE_STREAMLINE","floor":16,"turns":11},{"damage":17,"enemies":"Chosen","floor":19,"turns":6},{"damage":12,"enemies":"downfall:LooterAlt2","floor":20,"turns":6},{"damage":6,"enemies":"Chosen and Byrds","floor":21,"turns":6},{"damage":12,"enemies":"Shelled Parasite and Fungi","floor":22,"turns":7},{"damage":12,"enemies":"Nightmare","floor":23,"turns":7},{"damage":9,"enemies":"Gremlin Leader","floor":25,"turns":6}],"seed_played":"7168596520005621223","potions_obtained":[{"floor":6,"key":"bronze:BurnAndBuffPotion"},{"floor":8,"key":"LifebloodPotion"},{"floor":14,"key":"FearPotion"}],"is_trial":false,"path_per_floor":["R","M","M","?","M","E","T","M","R","?","E","$","R","E","M","B",null,"R","M","M","M","M","NM","T","E"],"character_chosen":"GUARDIAN","items_purchased":[],"campfire_rested":1,"item_purchase_floors":[],"current_hp_per_floor":[80,80,75,63,57,39,39,39,63,63,58,55,55,55,41,9,80,80,63,51,45,33,21,21,12,12,12],"gold":198,"neow_bonus":"RANDOM_COLORLESS_2","is_daily":false,"chose_seed":false,"campfire_upgraded":2,"win_rate":0.0,"timestamp":1614436078,"path_taken":["R","M","M","?","M","E","T","M","R","?","E","$","R","E","M","BOSS","R","M","M","M","M","NM","T","E"],"items_purchased_type":[],"build_version":"2020-12-22","purchased_purges":1,"victory":false,"max_hp_per_floor":[80,80,80,80,80,80,80,80,80,80,80,80,80,80,80,80,80,80,80,80,80,80,80,80,80,80,80],"card_choices":[{"not_picked":["Thinking Ahead","The Bomb"],"picked":"Metamorphosis","floor":0},{"not_picked":["Guardian:SpikerProtocol","Guardian:GuardianWhirl"],"picked":"Guardian:Gem_Yellow","floor":2},{"not_picked":["Guardian:PrismaticBarrier","Guardian:TemporalStrike"],"picked":"Guardian:Gem_Green","floor":3},{"not_picked":["Guardian:TimeCapacitor","Guardian:Suspension","Guardian:CrystalBeam"],"picked":"SKIP","floor":5},{"not_picked":["Guardian:EvasiveProtocol","Guardian:Gem_Synthetic"],"picked":"Guardian:PiercingHide","floor":6},{"not_picked":["Guardian:Reroute","Guardian:WalkerClaw","beaked:Overexert"],"picked":"Guardian:ShieldCharger","floor":8},{"not_picked":["Guardian:PiercingHide","Guardian:StasisEngine","Guardian:RollAttack","beaked:SacrificialScars"],"picked":"SKIP","floor":11},{"not_picked":["Guardian:VentSteam","Guardian:PiercingHide","Guardian:Reroute","beaked:CursingBlood"],"picked":"SKIP","floor":12},{"not_picked":["Guardian:Emergency","Guardian:PrimingBeam","beaked:Devastation"],"picked":"Guardian:Gem_White","floor":14},{"not_picked":["Guardian:WalkerClaw","Guardian:Incinerate","beaked:Evade"],"picked":"Guardian:Gem_Cyan","floor":15},{"not_picked":["Guardian:GemFire","Guardian:StasisField","beaked:FullHouse"],"picked":"Guardian:BaubleBeam","floor":16},{"not_picked":["Guardian:Reroute","Guardian:PrimingBeam+1","Guardian:PolyBeam","beaked:DesperateSwing"],"picked":"SKIP","floor":19},{"not_picked":["Guardian:BronzeArmor","Guardian:Orbwalk","Guardian:TimeCapacitor","beaked:DigDeep"],"picked":"SKIP","floor":20},{"not_picked":["Guardian:Repulse","Guardian:TemporalStrike","Guardian:ArmoredProtocol+1","beaked:Foresight"],"picked":"SKIP","floor":21},{"not_picked":["Guardian:TemporalShield","Guardian:PrismaticBeam","beaked:DigDeeper"],"picked":"Guardian:Gem_Cyan","floor":22},{"not_picked":["Guardian:TemporalShield","Guardian:CrystalBeam","Guardian:GemFinder","beaked:Replenish"],"picked":"SKIP","floor":23}],"player_experience":357911,"relics_obtained":[{"floor":6,"key":"infinitespire:Beetle Shell"},{"floor":7,"key":"hubris:DisguiseKit"},{"floor":11,"key":"infinitespire:Eraser"},{"floor":14,"key":"ReplayFunnel"},{"floor":23,"key":"Vajra"},{"floor":23,"key":"Garlic"}],"event_choices":[{"damage_healed":0,"gold_gain":0,"player_choice":"Success","damage_taken":12,"relics_obtained":["conspire:DecoderRing"],"max_hp_gain":0,"max_hp_loss":0,"event_name":"Scrap Ooze","floor":4,"gold_loss":0}],"is_beta":false,"boss_relics":[{"not_picked":["reliquary:ThirdArm","reliquary:RedPaperclip"],"picked":"Black Star"}],"items_purged_floors":[12],"is_endless":false,"potions_floor_spawned":[6,8,14,15,20],"killed_by":"Gremlin Leader","ascension_level":1}}