{"host":"gzsdmyo07u314vug","time":1614431707,"event":{"mods":["2.2 Compatiblity","Astrologer","BaseMod","Colored Powertips","GifTheSpireLib","Gremlin Mod","Hermit","Jorbs\u0027s Wanderer Trilogy","Marisa????????","Minty Spire (QoL Compilation)","Quick Restart","Rare Cards Sparkle","Relic Stats","Replay The Spire","Robot Space Explorer","Shop Mod","Somnambulant","StSLib","The Bladedancer","The Bug Knight","The Construct","The Cursed","The Disciple","The Elementalist","The Hierophant","The IronCluck","The Marked","The Necromancer","The Runesmith","The Servant 0.9.4","TheBandit","Unceasing Turn Reminder","everything is the same but u backflip on backflip","slay the spire mod where everything is the same but ironclad has a cowboy hat"],"gold_per_floor":[112,125,0,0,13,13,29,29,29,29,42,53,53,43,43,148,148,161,176,200,220,235,260,260,278,352,352,368,368,379,379,379,484,484,499,499,516,540,289,314,314,328,328,328,328,347,398,411,411,411],"floor_reached":51,"language":"ENG","playtime":2855,"items_purged":["somnambulantmod: SomnambulantStrike","somnambulantmod: QuickNap"],"score":718,"play_id":"3cb149c2-ea8e-4637-8d9b-fe26b3a01683","local_time":"20210227101507","is_ascension_mode":false,"campfire_choices":[{"data":"somnambulantmod: Reinterpret","floor":6,"key":"SMITH"},{"data":"somnambulantmod: Harden","floor":10,"key":"SMITH"},{"data":"somnambulantmod: Damping","floor":15,"key":"SMITH"},{"floor":24,"key":"REST"},{"floor":27,"key":"REST"},{"floor":32,"key":"REST"},{"floor":41,"key":"REST"},{"floor":45,"key":"REST"},{"floor":49,"key":"REST"}],"circlet_count":0,"master_deck":["somnambulantmod: Defend_Somnambulant","somnambulantmod: Defend_Somnambulant","somnambulantmod: Defend_Somnambulant+1","somnambulantmod: Defend_Somnambulant+1","somnambulantmod: PrimingPunch+1","somnambulantmod: Reinterpret+1","somnambulantmod: Bruise","somnambulantmod: HorrificThought+1","somnambulantmod: MindWave","somnambulantmod: PourItOut+1","somnambulantmod: Harden+1","somnambulantmod: BadIdea","somnambulantmod: Damping+1","somnambulantmod: RuthlessStudy","somnambulantmod: MuscleMemory+1","somnambulantmod: Hush","somnambulantmod: Stumble","somnambulantmod: Withdraw+1","somnambulantmod: Damping+1","somnambulantmod: RecurringDream+1","somnambulantmod: LeechFears"],"relics":["somnambulantmod: DreamJournal","FaceOfCleric","Mango","Replay:Grab Bag","Painkiller Herb","Fusion Hammer","somnambulantmod: GluedMask","Juzu Bracelet","Gremlin Horn","Letter Opener","somnambulantmod: MemoirOfAnother","Replay:Drink Me","War Paint","Runesmith:AutoHammer","MealTicket","InkBottle","CatCart"],"acts_visited":["Exordium","TheCity","TheBeyond"],"potions_floor_usage":[14,14,21,23,33,47,47,50,50],"damage_taken":[{"damage":0,"enemies":"Small Slimes","floor":1,"turns":4},{"damage":0,"enemies":"2 Louse","floor":2,"turns":4},{"damage":0,"enemies":"Cultist","floor":5,"turns":4},{"damage":10,"enemies":"Red Slaver","floor":7,"turns":6},{"damage":2,"enemies":"Blue Slaver","floor":11,"turns":6},{"damage":3,"enemies":"2 Fungi Beasts","floor":12,"turns":4},{"damage":1,"enemies":"Exordium Thugs","floor":14,"turns":4},{"damage":35,"enemies":"Hexaghost","floor":16,"turns":20},{"damage":4,"enemies":"Spheric Guardian","floor":18,"turns":4},{"damage":0,"enemies":"3 Byrds","floor":19,"turns":4},{"damage":1,"enemies":"Cultist and Chosen","floor":21,"turns":6},{"damage":5,"enemies":"Centurion and Healer","floor":22,"turns":6},{"damage":49,"enemies":"Slavers","floor":23,"turns":5},{"damage":15,"enemies":"Snake Plant","floor":25,"turns":5},{"damage":0,"enemies":"3 Cultists","floor":28,"turns":3},{"damage":4,"enemies":"Centurion and Healer","floor":30,"turns":4},{"damage":15,"enemies":"Collector","floor":33,"turns":9},{"damage":0,"enemies":"3 Shapes","floor":35,"turns":4},{"damage":7,"enemies":"Orb Walker","floor":37,"turns":4},{"damage":0,"enemies":"Reptomancer","floor":40,"turns":6},{"damage":0,"enemies":"4 Shapes","floor":42,"turns":2},{"damage":0,"enemies":"3 Darklings","floor":46,"turns":3},{"damage":0,"enemies":"Orin","floor":47,"turns":4},{"damage":0,"enemies":"Transient","floor":48,"turns":5},{"damage":2,"enemies":"Donu and Deca","floor":50,"turns":6}],"seed_played":"-5659595662677086374","potions_obtained":[{"floor":2,"key":"construct:ShiftPotion"},{"floor":11,"key":"EssenceOfSteel"},{"floor":16,"key":"SkillPotion"},{"floor":18,"key":"Dexterity Potion"},{"floor":21,"key":"Regen Potion"},{"floor":28,"key":"FearPotion"},{"floor":30,"key":"BlessingOfTheForge"},{"floor":37,"key":"Swift Potion"},{"floor":42,"key":"Swift Potion"},{"floor":47,"key":"Languid Potion"},{"floor":48,"key":"Toxic Potion"}],"is_trial":false,"path_per_floor":["M","M","$","?","M","R","M","?","T","R","M","M","$","M","R","B",null,"?","?","T","?","?","E","T","?","T","T","?","?","?","?","T","B",null,"?","?","?","T","T","E","T","?","T","?","T","?","?","?","T","B",null],"character_chosen":"THE_SOMNAMBULANT","items_purchased":["somnambulantmod: MindWave","Runesmith:AutoHammer"],"campfire_rested":6,"item_purchase_floors":[3,39],"current_hp_per_floor":[70,70,70,70,70,70,60,60,74,74,73,71,71,71,71,37,88,85,86,86,86,82,34,63,49,49,79,80,80,77,77,102,88,78,79,75,69,69,69,70,79,80,80,80,82,83,84,85,87,86],"gold":411,"neow_bonus":"ONE_RANDOM_RARE_CARD","is_daily":false,"chose_seed":false,"campfire_upgraded":3,"win_rate":0.0,"timestamp":1614431707,"path_taken":["M","M","$","?","M","R","M","?","T","R","?","M","$","M","R","BOSS","?","?","?","?","?","E","T","?","T","T","?","?","?","?","T","BOSS","?","?","?","?","T","E","T","?","T","?","T","?","?","?","T","BOSS"],"items_purchased_type":["Card","Relic"],"build_version":"2020-12-22","purchased_purges":2,"victory":true,"max_hp_per_floor":[70,70,70,70,70,70,70,70,84,84,85,86,86,87,87,88,88,89,90,90,91,92,93,95,96,96,98,99,99,100,100,102,103,78,79,75,76,76,76,77,79,80,80,80,82,83,84,85,87,88],"relic_stats":{"FaceOfCleric":21,"Gremlin Horn":[22,26],"counters":[25,132],"MealTicket":0,"Juzu Bracelet":2,"Letter Opener":[347],"War Paint":["somnambulantmod: HorrificThought","somnambulantmod: Damping"],"obtain_stats":[{"Gremlin Horn":23,"Replay:Grab Bag":17,"Mango":9,"Painkiller Herb":17,"somnambulantmod: GluedMask":17,"Juzu Bracelet":20,"Letter Opener":26,"War Paint":38,"somnambulantmod: MemoirOfAnother":29,"FaceOfCleric":8,"somnambulantmod: DreamJournal":0,"MealTicket":40,"Fusion Hammer":17,"Runesmith:AutoHammer":39,"CatCart":47,"Replay:Drink Me":34,"InkBottle":43},{"Gremlin Horn":13,"Replay:Grab Bag":8,"Mango":4,"Painkiller Herb":8,"somnambulantmod: GluedMask":8,"Juzu Bracelet":10,"Letter Opener":14,"War Paint":19,"somnambulantmod: MemoirOfAnother":15,"FaceOfCleric":4,"somnambulantmod: DreamJournal":0,"MealTicket":20,"Fusion Hammer":8,"Runesmith:AutoHammer":19,"CatCart":23,"Replay:Drink Me":17,"InkBottle":21},{"Gremlin Horn":77,"Replay:Grab Bag":52,"Mango":18,"Painkiller Herb":52,"somnambulantmod: GluedMask":52,"Juzu Bracelet":60,"Letter Opener":82,"War Paint":106,"somnambulantmod: MemoirOfAnother":85,"FaceOfCleric":18,"somnambulantmod: DreamJournal":0,"MealTicket":112,"Fusion Hammer":52,"Runesmith:AutoHammer":106,"CatCart":121,"Replay:Drink Me":98,"InkBottle":114}],"InkBottle":[10]},"card_choices":[{"not_picked":["somnambulantmod: HeavyLids","somnambulantmod: Cower"],"picked":"somnambulantmod: Bruise","floor":1},{"not_picked":["somnambulantmod: Harden","somnambulantmod: Withdraw"],"picked":"somnambulantmod: HorrificThought","floor":2},{"not_picked":["somnambulantmod: RecurringDream","somnambulantmod: Relive","somnambulantmod: Stimulus"],"picked":"SKIP","floor":5},{"not_picked":["somnambulantmod: HeavyLids","somnambulantmod: Remember"],"picked":"somnambulantmod: Harden","floor":7},{"not_picked":["somnambulantmod: Unknow","somnambulantmod: Blink"],"picked":"somnambulantmod: BadIdea","floor":11},{"not_picked":["somnambulantmod: SnuggleUp","somnambulantmod: SickeningSwathe"],"picked":"somnambulantmod: Damping","floor":12},{"not_picked":["somnambulantmod: LeechFears","somnambulantmod: BadIdea","somnambulantmod: Repression"],"picked":"SKIP","floor":14},{"not_picked":["somnambulantmod: Damping","somnambulantmod: NightHaunts"],"picked":"somnambulantmod: RuthlessStudy","floor":16},{"not_picked":["somnambulantmod: Wake","somnambulantmod: Stimulus+1"],"picked":"somnambulantmod: MuscleMemory+1","floor":18},{"not_picked":["somnambulantmod: Pinch","somnambulantmod: Unknow","somnambulantmod: Nosebleed"],"picked":"SKIP","floor":19},{"not_picked":["somnambulantmod: UnthoughtKnown","somnambulantmod: InLimbo","somnambulantmod: ShowerThought"],"picked":"SKIP","floor":21},{"not_picked":["somnambulantmod: BadIdea","somnambulantmod: Stimulus","somnambulantmod: DeeperSleep"],"picked":"SKIP","floor":22},{"not_picked":["somnambulantmod: PillowFort","somnambulantmod: SleepingBody"],"picked":"somnambulantmod: Hush","floor":23},{"not_picked":["somnambulantmod: Bruise","somnambulantmod: Repression","somnambulantmod: Nosebleed"],"picked":"SKIP","floor":25},{"not_picked":["somnambulantmod: OpeningUp","somnambulantmod: Stimulus"],"picked":"somnambulantmod: Stumble","floor":28},{"not_picked":["somnambulantmod: Sleepyhead","somnambulantmod: HeadSmack+1"],"picked":"somnambulantmod: Withdraw","floor":30},{"not_picked":["somnambulantmod: GalaxyBrain","somnambulantmod: Mindlessness"],"picked":"somnambulantmod: Damping","floor":33},{"not_picked":["somnambulantmod: HeadSmack+1","somnambulantmod: TrepanningBlow+1","somnambulantmod: SnuggleUp"],"picked":"SKIP","floor":35},{"not_picked":["somnambulantmod: MindWave+1","somnambulantmod: Unmake","somnambulantmod: Cower+1"],"picked":"SKIP","floor":37},{"not_picked":["somnambulantmod: NightmareFuel+1","somnambulantmod: RecurringDream","somnambulantmod: Extract+1"],"picked":"SKIP","floor":40},{"not_picked":["somnambulantmod: Nosebleed+1","somnambulantmod: Pinch+1","somnambulantmod: ViralIdea+1"],"picked":"SKIP","floor":42},{"not_picked":["somnambulantmod: Withdraw","somnambulantmod: Bruise"],"picked":"somnambulantmod: RecurringDream","floor":46},{"not_picked":["somnambulantmod: HeavyLids","somnambulantmod: Repression"],"picked":"somnambulantmod: LeechFears","floor":48}],"player_experience":979907,"relics_obtained":[{"floor":9,"key":"Mango"},{"floor":20,"key":"Juzu Bracelet"},{"floor":23,"key":"Gremlin Horn"},{"floor":26,"key":"Letter Opener"},{"floor":38,"key":"War Paint"},{"floor":40,"key":"MealTicket"},{"floor":43,"key":"InkBottle"},{"floor":47,"key":"CatCart"}],"event_choices":[{"damage_healed":0,"gold_gain":0,"player_choice":"Trade","damage_taken":0,"relics_obtained":["FaceOfCleric"],"max_hp_gain":0,"max_hp_loss":0,"event_name":"FaceTrader","floor":8,"gold_loss":0},{"cards_removed":["somnambulantmod: SomnambulantStrike"],"damage_healed":0,"gold_gain":0,"player_choice":"Elegance","damage_taken":0,"max_hp_gain":0,"max_hp_loss":0,"event_name":"Back to Basics","floor":31,"gold_loss":0},{"damage_healed":0,"gold_gain":0,"player_choice":"Max HP","damage_taken":0,"max_hp_gain":0,"max_hp_loss":4,"event_name":"Winding Halls","floor":36,"gold_loss":0},{"damage_healed":0,"gold_gain":0,"player_choice":"Bought 0 Potions","damage_taken":0,"max_hp_gain":0,"max_hp_loss":0,"event_name":"The Woman in Blue","floor":44,"gold_loss":0},{"damage_healed":0,"gold_gain":0,"player_choice":"Fight","damage_taken":0,"max_hp_gain":0,"max_hp_loss":0,"event_name":"OrinTheCat","floor":47,"gold_loss":0}],"is_beta":false,"boss_relics":[{"not_picked":["Ectoplasm","Abe\u0027s Treasure"],"picked":"Replay:Grab Bag"},{"not_picked":["Cursed Key","ChewingGum"],"picked":"Painkiller Herb"},{"not_picked":["Philosopher\u0027s Stone","Replay:Bronze Core"],"picked":"Fusion Hammer"},{"not_picked":["Astrolabe","Ring of Chaos"],"picked":"somnambulantmod: GluedMask"},{"not_picked":["Tiny House","construct:ClawGrip"],"picked":"Replay:Drink Me"}],"items_purged_floors":[3,39],"is_endless":false,"potions_floor_spawned":[2,11,16,18,21,28,30,37,42,47,48],"ascension_level":0}}