{"host":"yrbbd32mtuqddxkv","time":1614436337,"event":{"mods":["Act Like it!","Astrologer","BaseMod","Gensokyo","GungeonMod","Marisa£®ÏF”Í°°ƒß¿Ì…≥£©","Minty Spire (QoL Compilation)","Quick Restart","Reimu£®≤©¿ˆ¡È√Œ£©","Reliquary","Remilia£®¿Ÿ√◊¿Ú—«£©","Replay The Spire","StSLib","The Runesmith","The Servant 0.9.4"],"gold_per_floor":[116,148,161,24,24,54,54,68,94,112,147,167,167,178,178,278,278,294,294,174,174,191,221,221,256,281,281,3,29,29,29,29,130,130,144,144,155,80,100,134,146,146,146],"floor_reached":42,"language":"ZHS","playtime":1877,"items_purged":["Strike_S"],"score":761,"play_id":"b065853a-cbee-4b59-977e-b59f5be56f1c","local_time":"20210227223217","is_ascension_mode":true,"campfire_choices":[{"floor":7.0,"key":"REST"},{"data":"Misdirection","floor":13.0,"key":"SMITH"},{"floor":15.0,"key":"DIG"},{"data":"Gensokyo:FourOfAKind","floor":24.0,"key":"SMITH"},{"data":"Gensokyo:FourOfAKind","floor":27.0,"key":"SMITH"},{"floor":30.0,"key":"REST"},{"data":"SoulSculpture","floor":32.0,"key":"SMITH"}],"circlet_count":0,"master_deck":["Strike_S","Strike_S","Defend_S","Defend_S","Defend_S","Defend_S","KidneyShot","Exchange","Midas Touch+1","BottledTime+1","Spin","Misdirection+1","MurderousAura","BottledTime","SoulSculpture+1","FastForward+1","Gensokyo:FourOfAKind+1","Gensokyo:FourOfAKind+1","Gensokyo:FourOfAKind","Duplication","Alleviate","Moondial"],"relics":["Uniform","DemoMod:ClearGuonStone","Guide Book","reliquary:RoseTintedGlasses","reliquary:TuningFork","Replay:Kaleidoscope","reliquary:Vitrine","Busted Crown","Gensokyo:LionMask","Gensokyo:DirgeOfMelancholy","DemoMod:PoisonVial","Pet Ghost","ScarletDevilRocket","Medical Kit","reliquary:Bookmark","reliquary:JackalopeAntler","reliquary:WritOfMandamus","reliquary:Spinner","DemoMod:GlassGuonStoneRelic"],"acts_visited":["Gensokyo:Gensokyo","Gensokyo:Gensokyoer","Gensokyo:Gensokyoest"],"potions_floor_usage":[],"damage_taken":[{"damage":2.0,"enemies":"Gensokyo:2_Kodama","floor":1.0,"turns":2.0},{"damage":40.0,"enemies":"Gensokyo:Aya","floor":2.0,"turns":8.0},{"damage":0.0,"enemies":"Gensokyo:Python","floor":3.0,"turns":3.0},{"damage":0.0,"enemies":"Gensokyo:Aya","floor":6.0,"turns":8.0},{"damage":0.0,"enemies":"Gensokyo:Gryphon","floor":8.0,"turns":4.0},{"damage":4.0,"enemies":"Gensokyo:CorruptedTreant","floor":10.0,"turns":4.0},{"damage":0.0,"enemies":"Gensokyo:Cirno","floor":11.0,"turns":4.0},{"damage":0.0,"enemies":"Gensokyo:LivingMonolith","floor":12.0,"turns":2.0},{"damage":0.0,"enemies":"Gensokyo:Python_and_Kodama","floor":14.0,"turns":3.0},{"damage":0.0,"enemies":"Gensokyo:Reimu","floor":16.0,"turns":9.0},{"damage":23.0,"enemies":"Gensokyo:3_Dogs","floor":18.0,"turns":5.0},{"damage":0.0,"enemies":"Gensokyo:AngelMirror","floor":22.0,"turns":2.0},{"damage":0.0,"enemies":"Gensokyo:Koishi","floor":23.0,"turns":4.0},{"damage":8.0,"enemies":"Gensokyo:Reisen","floor":25.0,"turns":4.0},{"damage":15.0,"enemies":"Gensokyo:Koishi","floor":29.0,"turns":4.0},{"damage":11.0,"enemies":"Gensokyo:Eiki","floor":33.0,"turns":8.0},{"damage":0.0,"enemies":"Gensokyo:3_Boulders","floor":35.0,"turns":5.0},{"damage":27.0,"enemies":"Gensokyo:AncientGuardian","floor":37.0,"turns":4.0},{"damage":0.0,"enemies":"Gensokyo:Dusk_and_Dawn","floor":39.0,"turns":4.0},{"damage":0.0,"enemies":"Gensokyo:Doremy","floor":40.0,"turns":7.0},{"damage":14.0,"enemies":"Gensokyo:Rafflesia","floor":41.0,"turns":6.0},{"damage":17,"enemies":"Gensokyo:Marisa","floor":42,"turns":2}],"seed_played":"-5348534458395999129","potions_obtained":[{"floor":2.0,"key":"SmokeBomb"},{"floor":6.0,"key":"Explosive Potion"},{"floor":10.0,"key":"Toxic Potion"},{"floor":14.0,"key":"SpeedPotion"},{"floor":16.0,"key":"Doom Potion"},{"floor":25.0,"key":"PowerPotion"},{"floor":29.0,"key":"LifebloodPotion"},{"floor":33.0,"key":"Swift Potion"},{"floor":35.0,"key":"Fruit Juice"},{"floor":39.0,"key":"Languid Potion"}],"is_trial":false,"path_per_floor":["M","?","M","COS","$","E","R","M","T","M","E","M","R","M","R","B",null,"M","?","?","?","M","E","R","E","T","R","COS","E","R","$","R","B",null,"M","?","M","$","M","E","M","E"],"character_chosen":"THE_SERVANT","items_purchased":[],"campfire_rested":2,"item_purchase_floors":[],"current_hp_per_floor":[45,5,5,5,5,5,24,24,24,20,20,20,20,20,20,20,65,42,42,42,42,42,42,42,34,34,34,34,19,32,32,32,21,46,51,51,24,24,24,24,10,0,0],"gold":146,"neow_bonus":"RANDOM_COLORLESS_2","is_daily":false,"chose_seed":false,"campfire_upgraded":4,"win_rate":0.0,"timestamp":1614436337,"path_taken":["M","?","M","COS","?","E","R","M","T","?","E","M","R","M","R","BOSS","M","?","?","?","M","E","R","E","T","R","COS","E","R","$","R","BOSS","M","?","M","?","M","E","M","E"],"items_purchased_type":[],"build_version":"2020-12-22","purchased_purges":1,"victory":false,"max_hp_per_floor":[65,65,65,65,65,65,65,65,65,65,65,65,65,65,65,65,65,65,46,46,46,46,46,46,46,46,46,46,46,46,46,46,46,46,51,51,51,51,51,51,51,51,51],"card_choices":[{"not_picked":["Magnetism","Secret Weapon"],"picked":"Midas Touch","floor":0.0},{"not_picked":["StarChef","SurpressingFire"],"picked":"BottledTime","floor":1.0},{"not_picked":["Revamp","Desolation","WasteNot"],"picked":"SKIP","floor":2.0},{"not_picked":["TimeWarp","Reset","DoubleEdge"],"picked":"SKIP","floor":3.0},{"not_picked":["BestPractice","Sabotage"],"picked":"Spin","floor":6.0},{"not_picked":["Hightail","BestPractice","Ricochet"],"picked":"SKIP","floor":8.0},{"not_picked":["Ricochet","Alleviate","Revamp"],"picked":"SKIP","floor":10.0},{"not_picked":["Gouge","FastForward"],"picked":"Misdirection","floor":11.0},{"not_picked":["Alleviate","Unruled"],"picked":"MurderousAura","floor":12.0},{"not_picked":["Revamp","Replace"],"picked":"BottledTime","floor":14.0},{"not_picked":["Duplication","KillingDoll"],"picked":"SoulSculpture","floor":16.0},{"not_picked":[],"picked":"FastForward+1","floor":18.0},{"not_picked":["Replace+1"],"picked":"SKIP","floor":22.0},{"not_picked":["Unruled"],"picked":"SKIP","floor":23.0},{"not_picked":["Starlight"],"picked":"SKIP","floor":25.0},{"not_picked":["StarChef"],"picked":"SKIP","floor":29.0},{"not_picked":[],"picked":"Duplication","floor":33.0},{"not_picked":["Desolation+1"],"picked":"SKIP","floor":35.0},{"not_picked":["Alleviate"],"picked":"SKIP","floor":37.0},{"not_picked":[],"picked":"Alleviate","floor":37.0},{"not_picked":["BottledTime"],"picked":"SKIP","floor":39.0},{"not_picked":["ShatteredReality+1"],"picked":"SKIP","floor":40.0},{"not_picked":[],"picked":"Moondial","floor":41.0}],"player_experience":939299,"relics_obtained":[{"floor":2.0,"key":"DemoMod:ClearGuonStone"},{"floor":6.0,"key":"reliquary:RoseTintedGlasses"},{"floor":9.0,"key":"reliquary:TuningFork"},{"floor":11.0,"key":"Replay:Kaleidoscope"},{"floor":15.0,"key":"reliquary:Vitrine"},{"floor":23.0,"key":"DemoMod:PoisonVial"},{"floor":25.0,"key":"Pet Ghost"},{"floor":26.0,"key":"ScarletDevilRocket"},{"floor":29.0,"key":"reliquary:JackalopeAntler"},{"floor":40.0,"key":"reliquary:Spinner"}],"event_choices":[],"is_beta":false,"boss_relics":[{"not_picked":["reliquary:Craggleroot","reliquary:Ember"],"picked":"Busted Crown"},{"not_picked":["Cursed Key","Runesmith:UraniumAnvil"],"picked":"reliquary:WritOfMandamus"}],"items_purged_floors":[38],"is_endless":false,"potions_floor_spawned":[2,6,10,14,16,18,25,29,33,35,39],"killed_by":"Gensokyo:Marisa","ascension_level":4}}