{"host":"lktusdb9orijgc6z","time":1614437546,"event":{"mods":["BaseMod","Bestiary","Colored Map","Colored Powertips","Minty Spire (QoL Compilation)","Permanent Neow","Quick Restart","Relic Stats","StSLib","everything is the same but u backflip on backflip","slay the spire mod where everything is the same but ironclad has a cowboy hat"],"gold_per_floor":[367,23,23,43,58,87,101,120,120,120,132,132,132,175,187,276,288,316,328,14,29,91,116,126,191,191,241,241,284,363,384,384,469,469,483,533,547,558,586,624,624,674,700,750,368,388,431,456,456,456,456,456,456,21,57,57,57],"floor_reached":56,"language":"ENG","playtime":3357,"items_purged":["Strike_B","Streamline"],"score":2426,"play_id":"044e35c6-6d46-4753-8edd-9ec51d2877f9","local_time":"20210227155226","is_ascension_mode":true,"campfire_choices":[{"data":"Electrodynamics","floor":10.0,"key":"SMITH"},{"data":"Defragment","floor":12.0,"key":"SMITH"},{"floor":15.0,"key":"REST"},{"data":"Panacea","floor":28.0,"key":"SMITH"},{"data":"Defragment","floor":32.0,"key":"SMITH"},{"data":"Strike_B","floor":41,"key":"PURGE"},{"floor":49,"key":"RECALL"},{"data":"Seek","floor":53,"key":"SMITH"}],"circlet_count":0,"master_deck":["AscendersBane","Defend_B","Defend_B","Defend_B","Zap","Dualcast","Sweeping Beam","Go for the Eyes","Electrodynamics+1","Reinforced Body","Chill+1","Defragment+1","Hologram","Amplify","Biased Cognition+1","Creative AI+1","Hologram+1","Conserve Battery","Panacea+1","Coolheaded+1","Cold Snap","Heatsinks+1","Glacier","Loop+1","Recycle","Defragment+1","Chill+1","Seek+1","Turbo+1","Coolheaded+1","Biased Cognition","Heatsinks+1","Glacier","Seek","Core Surge"],"relics":["Cracked Core","Torii","Darkstone Periapt","MawBank","Mummified Hand","Astrolabe","SsserpentHead","Orichalcum","Calipers","Thread and Needle","CeramicFish","Black Star","Peace Pipe","Blood Vial","War Paint","Membership Card","Mango","Vajra","Centennial Puzzle","Shuriken","Nunchaku","Sling","Bottled Tornado","Bronze Scales"],"acts_visited":["Exordium","TheCity","TheBeyond","TheEnding"],"potions_floor_usage":[56,56],"damage_taken":[{"damage":5.0,"enemies":"2 Louse","floor":1.0,"turns":2.0},{"damage":1.0,"enemies":"Cultist","floor":4.0,"turns":3.0},{"damage":0.0,"enemies":"Small Slimes","floor":5.0,"turns":2.0},{"damage":22.0,"enemies":"3 Sentries","floor":6.0,"turns":6.0},{"damage":14.0,"enemies":"Gremlin Gang","floor":7.0,"turns":2.0},{"damage":8.0,"enemies":"3 Louse","floor":8.0,"turns":3.0},{"damage":0.0,"enemies":"Lots of Slimes","floor":11.0,"turns":3.0},{"damage":7.0,"enemies":"Lagavulin","floor":14.0,"turns":7.0},{"damage":8.0,"enemies":"The Guardian","floor":16.0,"turns":13.0},{"damage":5.0,"enemies":"3 Byrds","floor":18.0,"turns":2.0},{"damage":12.0,"enemies":"Shell Parasite","floor":21.0,"turns":6.0},{"damage":7.0,"enemies":"Cultist and Chosen","floor":22.0,"turns":4.0},{"damage":9.0,"enemies":"Book of Stabbing","floor":23.0,"turns":4.0},{"damage":0.0,"enemies":"Centurion and Healer","floor":24.0,"turns":4.0},{"damage":2.0,"enemies":"Sentry and Sphere","floor":25.0,"turns":10.0},{"damage":0.0,"enemies":"Slavers","floor":29.0,"turns":2.0},{"damage":0.0,"enemies":"Shelled Parasite and Fungi","floor":30.0,"turns":5.0},{"damage":0.0,"enemies":"3 Cultists","floor":31.0,"turns":4.0},{"damage":0.0,"enemies":"Champ","floor":33.0,"turns":10.0},{"damage":1.0,"enemies":"3 Darklings","floor":35.0,"turns":4.0},{"damage":0.0,"enemies":"3 Shapes","floor":37.0,"turns":3.0},{"damage":7.0,"enemies":"Writhing Mass","floor":38.0,"turns":7.0},{"damage":0.0,"enemies":"3 Darklings","floor":39.0,"turns":5.0},{"damage":28.0,"enemies":"Giant Head","floor":40.0,"turns":8.0},{"damage":0,"enemies":"Jaw Worm Horde","floor":46,"turns":6},{"damage":1,"enemies":"Reptomancer","floor":47,"turns":6},{"damage":0,"enemies":"Spire Growth","floor":48,"turns":6},{"damage":0,"enemies":"Awakened One","floor":50,"turns":22},{"damage":0,"enemies":"Time Eater","floor":51,"turns":11},{"damage":63,"enemies":"Shield and Spear","floor":55,"turns":10},{"damage":9,"enemies":"The Heart","floor":56,"turns":2}],"seed_played":"-2121839286895901679","potions_obtained":[{"floor":4.0,"key":"EssenceOfDarkness"},{"floor":5.0,"key":"SteroidPotion"},{"floor":16.0,"key":"ColorlessPotion"},{"floor":18.0,"key":"Explosive Potion"},{"floor":21.0,"key":"LiquidMemories"},{"floor":24.0,"key":"Weak Potion"},{"floor":25.0,"key":"PotionOfCapacity"},{"floor":31.0,"key":"Block Potion"},{"floor":37.0,"key":"DuplicationPotion"},{"floor":39.0,"key":"SteroidPotion"},{"floor":40,"key":"Weak Potion"},{"floor":46,"key":"FocusPotion"}],"is_trial":false,"path_per_floor":["M","$","?","M","M","E","M","M","T","R","M","R","?","E","R","B",null,"M","?","$","M","M","E","M","M","T","?","R","E","M","M","R","B",null,"M","?","M","M","M","E","R","?","T","?","$","M","E","M","R","B","B",null,"R","$","E","B"],"character_chosen":"DEFECT","items_purchased":["Torii","Panacea","Orichalcum","Coolheaded","Membership Card","Mango","Biased Cognition","Seek","Shuriken","Nunchaku","Sling"],"campfire_rested":1,"item_purchase_floors":[2,20,20,20,45,45,45,54,54,54,54],"current_hp_per_floor":[41,41,71,70,70,48,34,26,26,26,26,26,15,8,29,21,59,54,54,54,42,35,26,26,24,24,24,24,24,24,24,24,24,59,58,58,58,51,51,23,23,58,58,55,69,69,68,69,69,69,69,69,69,69,6,0,0],"gold":57,"neow_bonus":"TWO_FIFTY_GOLD","is_daily":false,"chose_seed":false,"campfire_upgraded":5,"win_rate":0.0,"timestamp":1614437546,"path_taken":["M","$","?","M","?","E","M","M","T","R","?","R","?","E","R","BOSS","M","?","$","M","?","E","M","?","T","?","R","E","?","M","R","BOSS","M","?","M","M","M","E","R","?","T","?","?","M","E","M","R","BOSS","BOSS","R","$","E","BOSS"],"items_purchased_type":["Relic","Card","Relic","Card","Relic","Relic","Card","Card","Relic","Relic","Relic"],"build_version":"2020-12-22","purchased_purges":2,"victory":false,"max_hp_per_floor":[71,71,71,71,71,71,71,71,71,71,71,71,71,71,71,71,71,71,71,71,71,71,71,71,71,71,71,71,71,71,71,71,71,71,71,71,71,71,71,71,71,58,58,55,69,69,69,69,69,69,69,69,69,69,69,69,69],"relic_stats":{"Darkstone Periapt":0,"Torii":40,"counters":[31,179],"Astrolabe":["Biased Cognition","Creative AI","Hologram"],"CeramicFish":99,"Orichalcum":[60],"War Paint":["Coolheaded","Chill"],"MawBank":84,"Peace Pipe":1,"Blood Vial":3,"SsserpentHead":400,"Centennial Puzzle":[6],"Nunchaku":[0],"Mummified Hand":[249],"Shuriken":[0],"Bronze Scales":[0],"Black Star":3,"obtain_stats":[{"Darkstone Periapt":6,"Calipers":23,"Torii":2,"Astrolabe":17,"CeramicFish":29,"Vajra":47,"Thread and Needle":26,"Mango":45,"Orichalcum":20,"War Paint":43,"Bottled Tornado":55,"MawBank":13,"Sling":54,"Peace Pipe":40,"Blood Vial":40,"SsserpentHead":19,"Centennial Puzzle":47,"Nunchaku":54,"Mummified Hand":14,"Shuriken":54,"Bronze Scales":55,"Black Star":34,"Membership Card":45,"Cracked Core":0},{"Darkstone Periapt":4,"Calipers":13,"Torii":1,"Astrolabe":9,"CeramicFish":16,"Vajra":26,"Thread and Needle":15,"Mango":24,"Orichalcum":10,"War Paint":24,"Bottled Tornado":30,"MawBank":7,"Sling":29,"Peace Pipe":24,"Blood Vial":24,"SsserpentHead":10,"Centennial Puzzle":26,"Nunchaku":29,"Mummified Hand":8,"Shuriken":29,"Bronze Scales":30,"Black Star":19,"Membership Card":24,"Cracked Core":0},{"Darkstone Periapt":13,"Calipers":57,"Torii":2,"Astrolabe":41,"CeramicFish":73,"Vajra":130,"Thread and Needle":71,"Mango":118,"Orichalcum":43,"War Paint":118,"Bottled Tornado":177,"MawBank":21,"Sling":167,"Peace Pipe":118,"Blood Vial":118,"SsserpentHead":43,"Centennial Puzzle":130,"Nunchaku":167,"Mummified Hand":28,"Shuriken":167,"Bronze Scales":177,"Black Star":91,"Membership Card":118,"Cracked Core":0}]},"card_choices":[{"not_picked":["Stack","Turbo"],"picked":"Sweeping Beam","floor":1.0},{"not_picked":["Barrage","Force Field"],"picked":"Streamline","floor":4.0},{"not_picked":["Gash","Multi-Cast"],"picked":"Go for the Eyes","floor":5.0},{"not_picked":["Beam Cell","Ball Lightning"],"picked":"Electrodynamics","floor":6.0},{"not_picked":["Go for the Eyes","Redo"],"picked":"Reinforced Body","floor":7.0},{"not_picked":["Coolheaded","Leap"],"picked":"Chill","floor":8.0},{"not_picked":["Storm","Compile Driver"],"picked":"Defragment","floor":11.0},{"not_picked":["Turbo","Go for the Eyes"],"picked":"Hologram","floor":14.0},{"not_picked":["Biased Cognition","Buffer"],"picked":"Amplify","floor":16.0},{"not_picked":["Turbo","Compile Driver"],"picked":"Conserve Battery","floor":18.0},{"not_picked":["Leap","Barrage","Rebound"],"picked":"SKIP","floor":21.0},{"not_picked":["Gash","Streamline"],"picked":"Cold Snap","floor":22.0},{"not_picked":["Sunder","Steam"],"picked":"Heatsinks+1","floor":23.0},{"not_picked":["Sunder","Stack"],"picked":"Glacier","floor":24.0},{"not_picked":["Heatsinks","Lockon"],"picked":"Loop+1","floor":25.0},{"not_picked":["Sunder","Darkness"],"picked":"Recycle","floor":29.0},{"not_picked":["Force Field","Recycle"],"picked":"Defragment","floor":30.0},{"not_picked":["Turbo","Aggregate"],"picked":"Chill","floor":31.0},{"not_picked":["Multi-Cast","Electrodynamics"],"picked":"Seek","floor":33.0},{"not_picked":["BootSequence","Sweeping Beam","Redo"],"picked":"SKIP","floor":35.0},{"not_picked":["Sweeping Beam+1","Chaos","Conserve Battery"],"picked":"SKIP","floor":37.0},{"not_picked":["Coolheaded","Self Repair","Cold Snap+1"],"picked":"SKIP","floor":38.0},{"not_picked":["Force Field","Compile Driver"],"picked":"Turbo+1","floor":39.0},{"not_picked":["Beam Cell+1","Leap"],"picked":"Coolheaded+1","floor":40},{"not_picked":["Rebound","Compile Driver+1","Rip and Tear"],"picked":"SKIP","floor":46},{"not_picked":["Turbo","Gash+1"],"picked":"Heatsinks+1","floor":47},{"not_picked":["Cold Snap","Rip and Tear+1"],"picked":"Glacier","floor":48},{"not_picked":["Stack","Hologram"],"picked":"Core Surge","floor":55}],"player_experience":847534,"relics_obtained":[{"floor":6.0,"key":"Darkstone Periapt"},{"floor":14.0,"key":"Mummified Hand"},{"floor":23.0,"key":"Calipers"},{"floor":26.0,"key":"Thread and Needle"},{"floor":29.0,"key":"CeramicFish"},{"floor":40,"key":"Peace Pipe"},{"floor":40,"key":"Blood Vial"},{"floor":43,"key":"War Paint"},{"floor":47,"key":"Vajra"},{"floor":47,"key":"Centennial Puzzle"},{"floor":55,"key":"Bottled Tornado"},{"floor":55,"key":"Bronze Scales"}],"event_choices":[{"damage_healed":30.0,"max_hp_gain":0.0,"max_hp_loss":0.0,"gold_gain":0.0,"event_name":"Wheel of Change","player_choice":"Full Heal","floor":3.0,"gold_loss":0.0,"damage_taken":0.0},{"damage_healed":0.0,"max_hp_gain":0.0,"max_hp_loss":0.0,"gold_gain":0.0,"event_name":"Scrap Ooze","player_choice":"Success","floor":13.0,"gold_loss":0.0,"damage_taken":11.0,"relics_obtained":["MawBank"]},{"damage_healed":0.0,"max_hp_gain":0.0,"max_hp_loss":0.0,"gold_gain":0.0,"event_name":"FaceTrader","player_choice":"Trade","floor":19.0,"gold_loss":0.0,"damage_taken":0.0,"relics_obtained":["SsserpentHead"]},{"damage_healed":0.0,"max_hp_gain":0.0,"max_hp_loss":0.0,"gold_gain":0.0,"event_name":"Upgrade Shrine","player_choice":"Upgraded","floor":27.0,"gold_loss":0.0,"damage_taken":0.0,"cards_upgraded":["Chill"]},{"damage_healed":0.0,"max_hp_gain":0.0,"max_hp_loss":0.0,"gold_gain":0.0,"event_name":"Tomb of Lord Red Mask","player_choice":"Ignored","floor":36.0,"gold_loss":0.0,"damage_taken":0.0},{"damage_healed":58,"gold_gain":0,"player_choice":"Heal","damage_taken":0,"max_hp_gain":0,"max_hp_loss":13,"event_name":"The Moai Head","floor":42,"gold_loss":0},{"damage_healed":0,"gold_gain":0,"player_choice":"Max HP","damage_taken":0,"max_hp_gain":0,"max_hp_loss":3,"event_name":"Winding Halls","floor":44,"gold_loss":0}],"is_beta":false,"boss_relics":[{"not_picked":["Nuclear Battery","Runic Dome"],"picked":"Astrolabe"},{"not_picked":["Pandora\u0027s Box","SacredBark"],"picked":"Black Star"}],"items_purged_floors":[45,54],"is_endless":false,"potions_floor_spawned":[4,5,16,18,21,24,25,31,37,39,40,46],"killed_by":"The Heart","ascension_level":20}}