{"host":"7h05nr6qm89lgkco","time":1614411691,"event":{"mods":["BaseMod","Bestiary","Block Reminder","ChefMod","Colored Powertips","DeckTracker","Downfall","Friendly Minions","Minty Spire (QoL Compilation)","Quick Restart","Rare Cards Sparkle","Relic Stats","StSLib","The Cursed","The Poker Player","Unceasing Turn Reminder"],"gold_per_floor":[99,113,125,186,186,86,109,143,155,171,156,256,275,287,298,394,394,394,414,427,16,27,27,27,27],"floor_reached":23,"language":"ZHS","playtime":1577,"items_purged":["Normality"],"score":215,"play_id":"8dc95259-27be-43af-9255-5691bb404401","local_time":"20210227154131","is_ascension_mode":true,"campfire_choices":[{"floor":1.0,"key":"RECALL"},{"data":"bronze:MaxOutput","floor":6.0,"key":"SMITH"},{"data":"bronze:ItsAFeature","floor":18.0,"key":"SMITH"}],"circlet_count":0,"master_deck":["bronze:Strike","bronze:Strike","bronze:Strike","bronze:Strike","bronze:Defend","bronze:Defend","bronze:Defend","bronze:Defend","bronze:Replicate","bronze:Goto","bronze:MaxOutput+1","bronze:Shell","bronze:Iterate","bronze:Optimize","bronze:Flail","bronze:Terminator","bronze:Repulsor","bronze:Goto","bronze:Overheat","bronze:Optimize","bronze:ShipIt","Bandage Up","bronze:Separator","bronze:BugBarrage","bronze:ItsAFeature+1","bronze:Verify","bronze:Turbo","bronze:Flail"],"relics":["bronze:BronzeCore","Oddly Smooth Stone","Bottled Tornado","downfall:ShatteredFragment","downfall:HeartBlessingRed","Blood Vial","Bronze Scales","downfall:GremlinSack","Coffee Dripper","Eternal Feather"],"acts_visited":["Exordium","TheCity"],"potions_floor_usage":[23,23],"damage_taken":[{"damage":3.0,"enemies":"2 Louse","floor":2.0,"turns":4.0},{"damage":0.0,"enemies":"Jaw Worm","floor":3.0,"turns":5.0},{"damage":30.0,"enemies":"3 Sentries","floor":4.0,"turns":13.0},{"damage":3.0,"enemies":"3 Sentries","floor":8.0,"turns":5.0},{"damage":0.0,"enemies":"Cultist","floor":9.0,"turns":2.0},{"damage":0.0,"enemies":"Lots of Slimes","floor":10.0,"turns":1.0},{"damage":0.0,"enemies":"downfall:FleeingMerchant","floor":11.0,"turns":4.0},{"damage":0.0,"enemies":"downfall:FleeingMerchant","floor":12.0,"turns":2.0},{"damage":0.0,"enemies":"3 Louse","floor":13.0,"turns":3.0},{"damage":0.0,"enemies":"2 Fungi Beasts","floor":14.0,"turns":2.0},{"damage":0.0,"enemies":"Large Slime","floor":15.0,"turns":2.0},{"damage":19.0,"enemies":"SI_SHIV_ARCHETYPE","floor":16.0,"turns":5.0},{"damage":12.0,"enemies":"Chosen","floor":19.0,"turns":3.0},{"damage":30.0,"enemies":"downfall:LooterAlt2","floor":20.0,"turns":3.0},{"damage":3.0,"enemies":"downfall:FleeingMerchant","floor":21.0,"turns":4.0},{"damage":12.0,"enemies":"Shelled Parasite and Fungi","floor":22.0,"turns":2.0},{"damage":33,"enemies":"Snake Plant","floor":23,"turns":3}],"seed_played":"-1197190143254805113","potions_obtained":[{"floor":3.0,"key":"FearPotion"},{"floor":4.0,"key":"DistilledChaos"},{"floor":8.0,"key":"PowerPotion"},{"floor":13.0,"key":"BlessingOfTheForge"},{"floor":15.0,"key":"bronze:BuildAFunctionPotion"},{"floor":16.0,"key":"BlessingOfTheForge"},{"floor":19.0,"key":"DistilledChaos"},{"floor":20.0,"key":"Ancient Potion"}],"is_trial":false,"path_per_floor":["R","M","M","?","?","R","T","E","M","M","$","?","M","M","M","B",null,"R","M","M","$","M","M"],"character_chosen":"THE_AUTOMATON","items_purchased":["Eternal Feather","bronze:Flail"],"campfire_rested":0,"item_purchase_floors":[21,21],"current_hp_per_floor":[70,67,67,37,16,16,16,15,17,19,21,23,29,35,37,24,70,70,58,30,33,27,0,0,0],"gold":27,"neow_bonus":"RANDOM_COMMON_RELIC","is_daily":false,"chose_seed":false,"campfire_upgraded":2,"win_rate":0.0,"timestamp":1614411691,"path_taken":["R","M","M","?","?","R","T","E","M","M","$","?","?","M","M","BOSS","R","M","M","$","M","?"],"items_purchased_type":["Relic","Card"],"build_version":"2020-12-22","purchased_purges":1,"victory":false,"max_hp_per_floor":[70,70,70,70,70,70,70,70,70,70,70,70,70,70,70,70,70,70,70,70,70,70,70,70,70],"relic_stats":{"Blood Vial":26,"counters":[17,63],"Bronze Scales":[66],"Eternal Feather":0,"obtain_stats":[{"Blood Vial":7,"bronze:BronzeCore":0,"downfall:ShatteredFragment":5,"downfall:HeartBlessingRed":6,"downfall:GremlinSack":12,"Bronze Scales":8,"Oddly Smooth Stone":0,"Eternal Feather":21,"Coffee Dripper":17,"Bottled Tornado":4},{"Blood Vial":3,"bronze:BronzeCore":0,"downfall:ShatteredFragment":3,"downfall:HeartBlessingRed":3,"downfall:GremlinSack":8,"Bronze Scales":4,"Oddly Smooth Stone":0,"Eternal Feather":15,"Coffee Dripper":12,"Bottled Tornado":3},{"Blood Vial":22,"bronze:BronzeCore":0,"downfall:ShatteredFragment":22,"downfall:HeartBlessingRed":22,"downfall:GremlinSack":36,"Bronze Scales":27,"Oddly Smooth Stone":0,"Eternal Feather":58,"Coffee Dripper":48,"Bottled Tornado":22}]},"card_choices":[{"not_picked":["bronze:BugBarrage","bronze:ClassDefault"],"picked":"bronze:MaxOutput","floor":2.0},{"not_picked":["bronze:CutThrough","bronze:Invalidate"],"picked":"bronze:Shell","floor":3.0},{"not_picked":["bronze:WildBeam","bronze:Overheat"],"picked":"bronze:Iterate","floor":4.0},{"not_picked":["bronze:FineTuning","bronze:CutThrough"],"picked":"bronze:Optimize","floor":8.0},{"not_picked":["bronze:Iterate","bronze:ForLoop"],"picked":"bronze:Flail","floor":9.0},{"not_picked":["bronze:DelayedGuard","bronze:DelayedSlice"],"picked":"bronze:Terminator","floor":10.0},{"not_picked":["bronze:NullPointer","bronze:Invalidate"],"picked":"bronze:Repulsor","floor":11.0},{"not_picked":["bronze:BronzeOrb","bronze:InfiniteLoop"],"picked":"bronze:Separator","floor":12.0},{"not_picked":["bronze:Turbo","bronze:Overload","bronze:Iterate"],"picked":"SKIP","floor":13.0},{"not_picked":["bronze:WildBeam","bronze:Branch"],"picked":"bronze:BugBarrage","floor":14.0},{"not_picked":["bronze:MaxOutput","bronze:Iterate"],"picked":"bronze:ItsAFeature","floor":15.0},{"not_picked":["bronze:ThunderWave","bronze:Assembly"],"picked":"bronze:Verify","floor":16.0},{"not_picked":["bronze:GetLatest","bronze:Turbo","bronze:DelayedSlice"],"picked":"SKIP","floor":19.0},{"not_picked":["bronze:GetLatest","bronze:DelayedSlice"],"picked":"bronze:Turbo","floor":19.0},{"not_picked":["bronze:Shell+1","bronze:FineTuning+1","bronze:Shield"],"picked":"SKIP","floor":20.0},{"not_picked":["bronze:WhirlingStrike","bronze:CutThrough","bronze:OilSpill"],"picked":"SKIP","floor":21.0},{"not_picked":["bronze:BitShift","bronze:Optimize","bronze:Deprecate"],"picked":"SKIP","floor":22.0}],"player_experience":937358,"relics_obtained":[{"floor":4.0,"key":"Bottled Tornado"},{"floor":7.0,"key":"Blood Vial"},{"floor":8.0,"key":"Bronze Scales"},{"floor":12.0,"key":"downfall:GremlinSack"}],"event_choices":[],"is_beta":false,"boss_relics":[{"not_picked":["Velvet Choker","Astrolabe"],"picked":"Coffee Dripper"}],"items_purged_floors":[21],"is_endless":false,"potions_floor_spawned":[3,4,8,13,15,16,19,20],"killed_by":"Snake Plant","ascension_level":2}}