{"host":"gzrx8rm2nhta4pjr","time":1614403996,"event":{"mods":["2.2 Compatiblity","Act Like it!","AlwaysNeverKeys","BaseMod","Better Altar","Better Sensory Stone","Better Silent Start","Block Reminder","Curses Come First","Defuse TimeMaze Blight","Disable Question Mark Monsters","Emptier Cage","GifTheSpireLib","Infinite Spire","Marked Mod","Minty Spire (QoL Compilation)","Potionbrewer","Rare Cards Sparkle","Remove Card Discount Mod","Reorder Act Four","SCP261 Mod","Shop Mod","StSLib","Stuff the Spire","Swap Starting Deck Mod","The Bug Knight","The Senshi","The Servant 0.9.4","Transform Curses"],"gold_per_floor":[115,115,129,148,148,181,200,216,242,48,61,61,61,80,80,185,185,205,205,225,114,114,148,167,184,210,210,210],"floor_reached":27,"language":"ENG","playtime":1244,"items_purged":["Regret","StuffTheSpire:CuriosityCurse"],"score":334,"play_id":"0439a59b-a514-4583-82ae-3d7038cada54","local_time":"20210227003316","is_ascension_mode":true,"campfire_choices":[{"floor":15,"key":"REST"}],"circlet_count":0,"master_deck":["Reckless Charge","Reckless Charge","Reckless Charge","Reckless Charge","Wild Strike","Power Through","Power Through","Power Through","Power Through","Fire Breathing+1","Rampage","Metallicize","Body Slam","Metallicize","Battle Trance","Parasite","Feel No Pain","Juggernaut","infinitespire:UltimateForm","Feel No Pain","Metallicize","Cleave","Warcry","Second Wind"],"relics":["Burning Blood","StuffTheSpire:RedRose","MerchantsRug","Happy Flower","infinitespire:Cupcake","StuffTheSpire:BottledHeartBeat","PreservedInsect","Tiny Chest"],"acts_visited":["TheCity"],"potions_floor_usage":[23,23,27],"damage_taken":[{"damage":1.0,"enemies":"2 Louse","floor":1.0,"turns":2.0},{"damage":0.0,"enemies":"Jaw Worm","floor":3.0,"turns":2.0},{"damage":0.0,"enemies":"Small Slimes","floor":4.0,"turns":3.0},{"damage":13,"enemies":"Gremlin Nob","floor":6,"turns":4},{"damage":5,"enemies":"Looter","floor":7,"turns":3},{"damage":13,"enemies":"3 Louse","floor":8,"turns":3},{"damage":0,"enemies":"Exordium Thugs","floor":11,"turns":4},{"damage":10,"enemies":"Large Slime","floor":14,"turns":4},{"damage":14,"enemies":"Slime Boss","floor":16,"turns":6},{"damage":9,"enemies":"Shell Parasite","floor":18,"turns":4},{"damage":13,"enemies":"Spheric Guardian","floor":20,"turns":3},{"damage":28,"enemies":"Slavers","floor":23,"turns":4},{"damage":22,"enemies":"Chosen and Byrds","floor":24,"turns":5},{"damage":17,"enemies":"Centurion and Healer","floor":25,"turns":5},{"damage":21,"enemies":"Snake Plant","floor":27,"turns":3}],"seed_played":"-5388643138266630493","potions_obtained":[{"floor":3.0,"key":"SCP261:EnergyGasPotion"},{"floor":4.0,"key":"potionbrewer:CleansingPotion"},{"floor":6,"key":"GamblersBrew"},{"floor":14,"key":"potionbrewer:QuicksilverPotion"},{"floor":20,"key":"PowerPotion"}],"is_trial":false,"path_per_floor":["M","?","M","M","?","E","M","M","T","$","M","?","?","M","R","B",null,"M","AVR","M","$","?","E","M","M","T","M"],"character_chosen":"IRONCLAD","items_purchased":["MerchantsRug","Happy Flower","infinitespire:BlackPotion"],"campfire_rested":1,"item_purchase_floors":[10,10,21],"current_hp_per_floor":[45,45,51,57,57,50,51,44,44,44,50,70,70,66,80,72,80,77,77,70,70,70,48,32,21,21,0,0],"gold":210,"neow_bonus":"","is_daily":false,"chose_seed":false,"campfire_upgraded":0,"win_rate":0.0,"timestamp":1614403996,"path_taken":["M","?","M","M","?","NM","M","M","T","$","M","?","?","M","R","BOSS","M","AVR","M","$","?","E","M","M","T","M"],"items_purchased_type":["Relic","Relic","Potion"],"build_version":"2020-12-22","purchased_purges":2,"victory":false,"max_hp_per_floor":[80,80,80,80,80,80,80,80,80,80,80,80,80,80,80,80,80,80,80,80,80,80,80,80,80,80,80,80],"card_choices":[{"not_picked":["Sever Soul","Body Slam"],"picked":"Rampage","floor":1.0},{"not_picked":["Body Slam","Warcry"],"picked":"Metallicize","floor":3.0},{"not_picked":["StuffTheSpire:RockThrow","Flex"],"picked":"Body Slam","floor":4.0},{"not_picked":["Rage","Flame Barrier"],"picked":"Metallicize","floor":6},{"not_picked":["Sever Soul","Cleave","StuffTheSpire:RockThrow"],"picked":"SKIP","floor":7},{"not_picked":["Heavy Blade","Sword Boomerang"],"picked":"Battle Trance","floor":8},{"not_picked":["Headbutt","Clash","Rampage"],"picked":"SKIP","floor":11},{"not_picked":["Sever Soul","Twin Strike"],"picked":"Feel No Pain","floor":14},{"not_picked":["Limit Break","Bludgeon"],"picked":"Juggernaut","floor":16},{"not_picked":["Clothesline","Sword Boomerang","Carnage"],"picked":"SKIP","floor":18},{"not_picked":["Cleave","Armaments"],"picked":"Feel No Pain","floor":20},{"not_picked":["Perfected Strike","Clash+1"],"picked":"Cleave","floor":23},{"not_picked":["Headbutt","Rampage"],"picked":"Warcry","floor":24},{"not_picked":["Sever Soul+1","Seeing Red"],"picked":"Second Wind","floor":25}],"player_experience":1429785,"relics_obtained":[{"floor":6,"key":"Art of War"},{"floor":9,"key":"StuffTheSpire:Barrel"},{"floor":23,"key":"PreservedInsect"},{"floor":26,"key":"Tiny Chest"}],"event_choices":[{"damage_healed":20,"gold_gain":0,"player_choice":"Healed and dodged fight","damage_taken":0,"max_hp_gain":0,"max_hp_loss":0,"event_name":"Mushrooms","floor":12,"gold_loss":0,"cards_obtained":["Parasite"]},{"damage_healed":0,"gold_gain":0,"player_choice":"Grow","damage_taken":0,"max_hp_gain":0,"max_hp_loss":0,"event_name":"Living Wall","floor":13,"gold_loss":0,"cards_upgraded":["Fire Breathing"]},{"damage_healed":0,"gold_gain":0,"player_choice":"Read","damage_taken":0,"max_hp_gain":0,"max_hp_loss":0,"event_name":"The Library","floor":22,"gold_loss":0,"cards_obtained":["Metallicize"]}],"is_beta":false,"boss_relics":[{"not_picked":["Empty Cage","Cursed Key"],"picked":"infinitespire:Cupcake"}],"items_purged_floors":[10,10],"is_endless":false,"potions_floor_spawned":[3,4,6,14,20],"killed_by":"Snake Plant","ascension_level":4}}