{"host":"xz7n3qy1zq36rzpg","time":1614392860,"event":{"mods":["BaseMod","Colored Map","Colored Powertips","Highlight Path","Minty Spire (QoL Compilation)","Quick Restart","Shop Mod"],"gold_per_floor":[116,127,141,111,131,174,174,212,212,247,81,101,101,126,126,233,233,252,122,132,159,179,179,208,229,229,245,245,270,270,24,24,24,24],"floor_reached":33,"language":"ENG","playtime":2406,"items_purged":["Strike_G","Strike_G"],"score":420,"play_id":"6256c258-b9d5-4f6b-9414-c70804abc4a1","local_time":"20210227032740","is_ascension_mode":true,"campfire_choices":[{"floor":7,"key":"REST"},{"floor":13,"key":"REST"},{"data":"Calculated Gamble","floor":15,"key":"SMITH"},{"floor":23,"key":"REST"},{"floor":28,"key":"REST"},{"data":"Calculated Gamble","floor":32,"key":"SMITH"}],"circlet_count":0,"master_deck":["Strike_G","Strike_G","Strike_G","Defend_G","Defend_G","Defend_G","Defend_G","Defend_G","Survivor","Neutralize","Poisoned Stab","Calculated Gamble+1","Deadly Poison","Bane","Leg Sweep","Dagger Throw","Slice","Eviscerate","Footwork","Prepared","All Out Attack","After Image","Dagger Throw","Noxious Fumes","Calculated Gamble+1","Blade Dance","Tools of the Trade","Quick Slash","Backflip","Deadly Poison+1"],"relics":["Runic Pyramid","CeramicFish","Tingsha","TungstenRod","Thread and Needle","Philosopher\u0027s Stone","Molten Egg 2","PreservedInsect"],"acts_visited":["Exordium","TheCity"],"potions_floor_usage":[8,16,22,25,29,33],"damage_taken":[{"damage":0,"enemies":"Jaw Worm","floor":1,"turns":5},{"damage":0,"enemies":"Cultist","floor":2,"turns":4},{"damage":0,"enemies":"2 Louse","floor":3,"turns":3},{"damage":11,"enemies":"Looter","floor":5,"turns":3},{"damage":24,"enemies":"3 Sentries","floor":6,"turns":10},{"damage":2,"enemies":"Gremlin Nob","floor":8,"turns":3},{"damage":12,"enemies":"3 Sentries","floor":10,"turns":8},{"damage":3,"enemies":"Large Slime","floor":12,"turns":3},{"damage":0,"enemies":"3 Louse","floor":14,"turns":2},{"damage":0,"enemies":"Hexaghost","floor":16,"turns":8},{"damage":9,"enemies":"Shell Parasite","floor":18,"turns":5},{"damage":16,"enemies":"Spheric Guardian","floor":20,"turns":4},{"damage":8,"enemies":"Cultist and Chosen","floor":21,"turns":5},{"damage":16,"enemies":"Centurion and Healer","floor":22,"turns":6},{"damage":4,"enemies":"Snake Plant","floor":24,"turns":4},{"damage":0,"enemies":"Snecko","floor":25,"turns":4},{"damage":9,"enemies":"Sentry and Sphere","floor":27,"turns":5},{"damage":0,"enemies":"Centurion and Healer","floor":29,"turns":6},{"damage":77,"enemies":"Collector","floor":33,"turns":7}],"seed_played":"6620474435511779341","potions_obtained":[{"floor":2,"key":"Dexterity Potion"},{"floor":4,"key":"SteroidPotion"},{"floor":4,"key":"EssenceOfSteel"},{"floor":6,"key":"Poison Potion"},{"floor":8,"key":"Weak Potion"},{"floor":18,"key":"SpeedPotion"},{"floor":24,"key":"AttackPotion"},{"floor":25,"key":"CunningPotion"}],"is_trial":false,"path_per_floor":["M","M","M","?","M","E","R","E","T","E","$","M","R","M","R","B",null,"M","$","M","M","M","R","M","M","T","M","R","M","?","$","R","B"],"character_chosen":"THE_SILENT","items_purchased":["Eviscerate","Footwork","Noxious Fumes","Calculated Gamble","PreservedInsect"],"campfire_rested":4,"item_purchase_floors":[11,11,19,19,31],"current_hp_per_floor":[63,63,63,63,52,28,49,47,47,35,35,32,53,53,53,53,66,57,57,41,33,17,38,34,34,34,25,46,46,69,69,69,0,0],"gold":24,"neow_bonus":"BOSS_RELIC","is_daily":false,"chose_seed":false,"campfire_upgraded":2,"win_rate":0.0,"timestamp":1614392860,"path_taken":["M","M","M","?","M","E","R","E","T","E","$","M","R","M","R","BOSS","M","$","M","M","M","R","M","?","T","M","R","M","?","$","R","BOSS"],"items_purchased_type":["Card","Card","Card","Card","Relic"],"build_version":"2020-12-22","purchased_purges":2,"victory":false,"max_hp_per_floor":[70,70,70,70,70,70,70,70,70,70,70,70,70,70,70,70,70,70,70,70,70,70,70,70,70,70,70,70,70,70,70,70,70,70],"card_choices":[{"not_picked":["Eviscerate","Expertise"],"picked":"Poisoned Stab","floor":1},{"not_picked":["Dodge and Roll","Underhanded Strike"],"picked":"Calculated Gamble","floor":2},{"not_picked":["Calculated Gamble","Adrenaline"],"picked":"Deadly Poison","floor":3},{"not_picked":["Calculated Gamble","All Out Attack"],"picked":"Bane","floor":5},{"not_picked":["Eviscerate","Sucker Punch"],"picked":"Leg Sweep","floor":6},{"not_picked":["Skewer","Deadly Poison"],"picked":"Dagger Throw","floor":8},{"not_picked":["Escape Plan","Choke"],"picked":"Slice","floor":10},{"not_picked":["Dagger Spray","Flying Knee"],"picked":"Prepared","floor":12},{"not_picked":["Accuracy","Eviscerate"],"picked":"All Out Attack","floor":14},{"not_picked":["Grand Finale","Unload"],"picked":"After Image","floor":16},{"not_picked":["Finisher","PiercingWail"],"picked":"Dagger Throw","floor":18},{"not_picked":["Dagger Spray","Distraction","Outmaneuver"],"picked":"SKIP","floor":20},{"not_picked":["Flying Knee","Backflip"],"picked":"Blade Dance","floor":21},{"not_picked":["Dash+1","Riddle With Holes"],"picked":"Tools of the Trade","floor":22},{"not_picked":["Acrobatics","Calculated Gamble"],"picked":"Quick Slash","floor":24},{"not_picked":["Acrobatics+1","Tactician+1"],"picked":"Backflip","floor":25},{"not_picked":["Endless Agony+1","Outmaneuver","Setup"],"picked":"SKIP","floor":27},{"not_picked":["Flying Knee+1","Blade Dance"],"picked":"Deadly Poison+1","floor":29}],"player_experience":596607,"relics_obtained":[{"floor":6,"key":"CeramicFish"},{"floor":8,"key":"Tingsha"},{"floor":9,"key":"TungstenRod"},{"floor":10,"key":"Thread and Needle"},{"floor":26,"key":"Molten Egg 2"}],"event_choices":[{"damage_healed":0,"gold_gain":0,"player_choice":"Bought 2 Potions","damage_taken":0,"max_hp_gain":0,"max_hp_loss":0,"event_name":"The Woman in Blue","floor":4,"gold_loss":0},{"damage_healed":23,"gold_gain":0,"player_choice":"Heal","damage_taken":0,"max_hp_gain":0,"max_hp_loss":0,"event_name":"The Library","floor":30,"gold_loss":0}],"is_beta":false,"boss_relics":[{"not_picked":["Tiny House","Snecko Eye"],"picked":"Philosopher\u0027s Stone"}],"items_purged_floors":[11,31],"is_endless":false,"potions_floor_spawned":[2,6,8,14,18,20,24,25],"killed_by":"Collector","ascension_level":6}}