{"host":"yvapux1qyejt934z","time":1614435267,"event":{"mods":["Aspiration","BaseMod","Bestiary","Better Third Choice","Downfall","Energized Spire","Evolution","GifTheSpireLib","Jorbs\u0027s Wanderer Trilogy","Koishi","Minty Spire (QoL Compilation)","Relic Stats","Reliquary","Remilia??????","Replay The Spire","Shade Mod","StSLib","Stuff the Spire","The Blue Laboratory","The Cursed","The Disciple","The Hierophant","The Marked","The Necromancer","The Servant 0.9.4"],"gold_per_floor":[115,14,14,26,39,58,58,73,73,73,93,93,18,53,53,151,151,163,177,189,204,214,214,214,214],"floor_reached":24,"language":"ENG","playtime":3012,"items_purged":[],"score":252,"play_id":"f5f6ca92-be92-466f-b416-50d855518b54","local_time":"20210227091427","is_ascension_mode":false,"campfire_choices":[{"data":"RedMoon","floor":7,"key":"SMITH"},{"data":"ScarletNetherworld","floor":15,"key":"SMITH"},{"data":"MastersStateliness","floor":23,"key":"SMITH"}],"circlet_count":0,"master_deck":["Strike_RM","Strike_RM","Strike_RM","Strike_RM","Defend_RM","Defend_RM","Defend_RM","Defend_RM","RedMoon+1","ScarletShoot","CharismaGuard","ScarletNetherworld+1","VampireFantasy","VampireKiss","MastersStateliness+1","ForecastOfChange","Ultimatum","MillenniumVampire"],"relics":["ScarletHat","EVO:Axolotl","Replay:Mystery Machine","reliquary:Sideboard","Peace Pipe","StuffTheSpire:Experiment12","StuffTheSpire:RunicHypercube"],"acts_visited":["Exordium","TheCity"],"potions_floor_usage":[11,14,16,24,24],"damage_taken":[{"damage":0,"enemies":"Jaw Worm","floor":1,"turns":6},{"damage":42,"enemies":"Small Slimes","floor":4,"turns":6},{"damage":0,"enemies":"Cultist","floor":5,"turns":5},{"damage":23,"enemies":"Gremlin Gang","floor":6,"turns":7},{"damage":0,"enemies":"Looter","floor":8,"turns":4},{"damage":10,"enemies":"Exordium Wildlife","floor":11,"turns":5},{"damage":8,"enemies":"Lagavulin","floor":14,"turns":7},{"damage":2,"enemies":"Hexaghost","floor":16,"turns":11},{"damage":0,"enemies":"Shell Parasite","floor":18,"turns":9},{"damage":0,"enemies":"Chosen","floor":19,"turns":8},{"damage":0,"enemies":"Snecko","floor":20,"turns":6},{"damage":0,"enemies":"Centurion and Healer","floor":21,"turns":13},{"damage":38,"enemies":"Shelled Parasite and Fungi","floor":22,"turns":8},{"damage":51,"enemies":"Book of Stabbing","floor":24,"turns":8}],"seed_played":"-7119768469830751121","potions_obtained":[{"floor":5,"key":"Energy Potion"},{"floor":6,"key":"SkillPotion"},{"floor":14,"key":"Slimebound:ThreeZeroPotion"},{"floor":16,"key":"blueLaboratory:NullPotion"},{"floor":21,"key":"EssenceOfSteel"}],"is_trial":false,"path_per_floor":["M","$","?","M","M","M","R","M","T","T","M","?","$","E","R","B",null,"M","M","M","M","M","R","E"],"character_chosen":"REMILIA","items_purchased":["ScarletNetherworld","VampireFantasy","MillenniumVampire"],"campfire_rested":0,"item_purchase_floors":[2,2,13],"current_hp_per_floor":[82,82,82,40,43,27,27,27,27,27,18,18,18,16,16,39,82,82,82,82,82,46,46,0,0],"gold":214,"neow_bonus":"TEN_PERCENT_HP_BONUS","is_daily":false,"chose_seed":false,"campfire_upgraded":3,"win_rate":0.0,"timestamp":1614435267,"path_taken":["M","$","?","M","M","M","R","M","T","?","M","?","$","E","R","BOSS","M","?","?","M","M","R","E"],"items_purchased_type":["Card","Card","Card"],"build_version":"2020-12-22","purchased_purges":0,"victory":false,"max_hp_per_floor":[82,82,82,82,82,82,82,82,82,82,82,82,82,82,82,82,82,82,82,82,82,82,82,82,82],"relic_stats":{"Peace Pipe":0,"counters":[14,103],"obtain_stats":[{"Peace Pipe":10,"StuffTheSpire:Experiment12":14,"StuffTheSpire:RunicHypercube":17,"reliquary:Sideboard":9,"EVO:Axolotl":0,"Replay:Mystery Machine":3,"ScarletHat":0},{"Peace Pipe":5,"StuffTheSpire:Experiment12":7,"StuffTheSpire:RunicHypercube":8,"reliquary:Sideboard":5,"EVO:Axolotl":0,"Replay:Mystery Machine":1,"ScarletHat":0},{"Peace Pipe":28,"StuffTheSpire:Experiment12":40,"StuffTheSpire:RunicHypercube":51,"reliquary:Sideboard":28,"EVO:Axolotl":0,"Replay:Mystery Machine":6,"ScarletHat":0}]},"card_choices":[{"not_picked":["LeisurelyOfLord","VampireSweep"],"picked":"CharismaGuard","floor":1},{"not_picked":["StarOfDavid","MiserableFate"],"picked":"VampireKiss","floor":4},{"not_picked":["FitfulNightmare","RedMagic"],"picked":"MastersStateliness","floor":5},{"not_picked":["VampireKiss","BloodHunter"],"picked":"ForecastOfChange","floor":6},{"not_picked":["BombardNight","GlobalNightmare"],"picked":"Ultimatum","floor":8},{"not_picked":["VampireKiss","BlasphemousPunishment"],"picked":"ScarletImprint","floor":11},{"not_picked":["BombardNight","FavorOfDestiny"],"picked":"GlobalNightmare","floor":11},{"not_picked":["EternalNight","RedRainbow"],"picked":"FavorOfDestiny","floor":14},{"not_picked":["BlasphemousPunishment","Maim"],"picked":"MastersStateliness","floor":14},{"not_picked":["HellCatastrophe","HeartBreak"],"picked":"BloodyCatastrophe","floor":16},{"not_picked":["RedNightlessCastle","StarOfDavid"],"picked":"BadLadyScramble","floor":18},{"not_picked":["RedMagic","StarOfDavid"],"picked":"MastersStateliness","floor":19},{"not_picked":["AfternoonTea","NightDance+1"],"picked":"EmergencyRegeneration","floor":19},{"not_picked":["VampireSweep","UnderTheZenith"],"picked":"FitfulNightmare","floor":20},{"not_picked":["Stigmanizer","CharismaGuard"],"picked":"ScarletSymphony","floor":21},{"not_picked":["MastersStateliness","UnstableMagic"],"picked":"Ultimatum","floor":21},{"not_picked":["BloodHunter","ScarletDevil"],"picked":"ScarletDream+1","floor":22}],"player_experience":44711,"relics_obtained":[{"floor":9,"key":"reliquary:Sideboard"},{"floor":10,"key":"Peace Pipe"},{"floor":14,"key":"StuffTheSpire:Experiment12"}],"event_choices":[{"cards_removed":["StuffTheSpire:CuriosityCurse"],"damage_healed":0,"gold_gain":0,"player_choice":"Purged","damage_taken":0,"max_hp_gain":0,"max_hp_loss":0,"event_name":"Purifier","floor":12,"gold_loss":0}],"is_beta":false,"boss_relics":[{"not_picked":["reliquary:Ember","Fusion Hammer"],"picked":"StuffTheSpire:RunicHypercube"}],"items_purged_floors":[],"is_endless":false,"potions_floor_spawned":[5,14,16,21],"killed_by":"Book of Stabbing","ascension_level":0}}