{"host":"mithrandi","time":1614460332,"event":{"mods":["BaseMod","Colored Map","Highlight Path","Minty Spire (QoL Compilation)","SuperFastMode"],"gold_per_floor":[109,109,169,1,1,1,27,27,27,27,39,70,70,83,83,160,160,171,171,189,209,222,256,256,274,274,274,288,288,288,288],"floor_reached":30,"language":"ENG","playtime":1443,"items_purged":[],"score":516,"play_id":"050cc038-9f8c-4446-a9e8-488a9cc0c0e2","local_time":"20210227231212","is_ascension_mode":true,"campfire_choices":[{"data":"Undo","floor":6.0,"key":"SMITH"},{"floor":8.0,"key":"REST"},{"data":"Stack","floor":10.0,"key":"SMITH"},{"data":"Sunder","floor":13.0,"key":"SMITH"},{"data":"Coolheaded","floor":15.0,"key":"SMITH"},{"data":"Self Repair","floor":24.0,"key":"SMITH"},{"data":"Conserve Battery","floor":27.0,"key":"SMITH"},{"data":"Coolheaded","floor":29.0,"key":"SMITH"}],"circlet_count":0,"master_deck":["AscendersBane","Strike_B+1","Strike_B","Strike_B","Strike_B+1","Defend_B+1","Defend_B","Defend_B","Defend_B","Zap","Dualcast+1","Core Surge","Undo+1","Ball Lightning","Genetic Algorithm","Stack+1","Sweeping Beam","Sunder+1","Coolheaded+1","Echo Form","Conserve Battery+1","Compile Driver","Clumsy","FTL","Self Repair+1","Coolheaded+1","Ball Lightning+1","Ball Lightning"],"relics":["Cracked Core","Question Card","Letter Opener","Pen Nib","Coffee Dripper","Whetstone","Smiling Mask"],"acts_visited":["Exordium","TheCity"],"potions_floor_usage":[30,30],"damage_taken":[{"damage":10.0,"enemies":"Small Slimes","floor":1.0,"turns":3.0},{"damage":28.0,"enemies":"Gremlin Nob","floor":7.0,"turns":4.0},{"damage":0.0,"enemies":"Jaw Worm","floor":11.0,"turns":3.0},{"damage":22.0,"enemies":"3 Sentries","floor":12.0,"turns":8.0},{"damage":0.0,"enemies":"Cultist","floor":14.0,"turns":2.0},{"damage":40.0,"enemies":"The Guardian","floor":16.0,"turns":12.0},{"damage":4.0,"enemies":"Shell Parasite","floor":18.0,"turns":6.0},{"damage":13.0,"enemies":"3 Byrds","floor":20.0,"turns":5.0},{"damage":19.0,"enemies":"Snake Plant","floor":21.0,"turns":5.0},{"damage":0.0,"enemies":"Snecko","floor":22.0,"turns":4.0},{"damage":34.0,"enemies":"Gremlin Leader","floor":23.0,"turns":7.0},{"damage":0.0,"enemies":"Centurion and Healer","floor":25.0,"turns":5.0},{"damage":4.0,"enemies":"Sentry and Sphere","floor":28.0,"turns":5.0},{"damage":39,"enemies":"Masked Bandits","floor":30,"turns":3}],"seed_played":"-8384651835225554228","potions_obtained":[{"floor":11.0,"key":"Block Potion"},{"floor":12.0,"key":"FairyPotion"},{"floor":16.0,"key":"SpeedPotion"},{"floor":20.0,"key":"FocusPotion"},{"floor":25.0,"key":"SpeedPotion"},{"floor":28.0,"key":"Fruit Juice"}],"is_trial":false,"path_per_floor":["M","?","?","$","?","R","E","R","T","R","M","E","R","M","R","B",null,"M","?","M","M","M","E","R","M","T","R","M","R","?"],"character_chosen":"DEFECT","items_purchased":["Ball Lightning","Genetic Algorithm","Stack"],"campfire_rested":1,"item_purchase_floors":[4,4,4],"current_hp_per_floor":[54,33,33,33,38,38,10,32,32,32,32,10,10,10,10,22,63,59,59,46,27,41,7,7,17,17,17,23,23,0,0],"gold":288,"neow_bonus":"ONE_RANDOM_RARE_CARD","is_daily":false,"chose_seed":false,"campfire_upgraded":7,"win_rate":0.0,"timestamp":1614460332,"path_taken":["M","?","?","$","?","R","E","R","T","R","M","E","R","M","R","BOSS","M","?","?","M","M","E","R","M","T","R","M","R","?"],"items_purchased_type":["Card","Card","Card"],"build_version":"2020-12-18","purchased_purges":0,"victory":false,"max_hp_per_floor":[71,71,71,71,76,76,76,76,76,76,76,76,76,76,76,76,76,76,76,76,76,76,76,76,76,76,76,76,76,81,81],"card_choices":[{"not_picked":["Go for the Eyes","Blizzard"],"picked":"Undo","floor":1.0},{"not_picked":["Barrage","Rainbow"],"picked":"Sweeping Beam","floor":7.0},{"not_picked":["Gash","Auto Shields","Cold Snap","Rebound"],"picked":"SKIP","floor":11.0},{"not_picked":["Turbo","Recycle","Sweeping Beam"],"picked":"Sunder","floor":12.0},{"not_picked":["Lockon","Reprogram","Turbo"],"picked":"Coolheaded","floor":14.0},{"not_picked":["Seek","Fission","Multi-Cast"],"picked":"Echo Form","floor":16.0},{"not_picked":["Doom and Gloom","Undo","Go for the Eyes"],"picked":"Conserve Battery","floor":18.0},{"not_picked":["Turbo","Tempest","Hologram"],"picked":"FTL","floor":20.0},{"not_picked":["Cold Snap","Streamline","Chill+1"],"picked":"Self Repair","floor":21.0},{"not_picked":["Sweeping Beam","Cold Snap","Chaos"],"picked":"Coolheaded","floor":22.0},{"not_picked":["Redo","Undo","Gash","Machine Learning"],"picked":"SKIP","floor":23.0},{"not_picked":["Coolheaded","Conserve Battery","Barrage"],"picked":"Ball Lightning+1","floor":25.0},{"not_picked":["Reprogram","Beam Cell","Steam"],"picked":"Ball Lightning","floor":28.0}],"player_experience":3185578,"relics_obtained":[{"floor":7.0,"key":"Question Card"},{"floor":9.0,"key":"Letter Opener"},{"floor":12.0,"key":"Pen Nib"},{"floor":23.0,"key":"Whetstone"},{"floor":26.0,"key":"Smiling Mask"}],"event_choices":[{"damage_healed":0.0,"max_hp_gain":0.0,"max_hp_loss":0.0,"gold_gain":0.0,"event_name":"Shining Light","player_choice":"Entered Light","floor":2.0,"gold_loss":0.0,"damage_taken":21.0,"cards_upgraded":["Defend_B","Dualcast"]},{"damage_healed":0.0,"max_hp_gain":0.0,"max_hp_loss":0.0,"gold_gain":60.0,"event_name":"Golden Wing","player_choice":"Gained Gold","floor":3.0,"gold_loss":0.0,"damage_taken":0.0},{"damage_healed":0.0,"max_hp_gain":5.0,"max_hp_loss":0.0,"gold_gain":0.0,"event_name":"Big Fish","player_choice":"Donut","floor":5.0,"gold_loss":0.0,"damage_taken":0.0},{"damage_healed":0.0,"max_hp_gain":0.0,"max_hp_loss":0.0,"gold_gain":0.0,"event_name":"Match and Keep!","player_choice":"2 cards matched","floor":19.0,"gold_loss":0.0,"damage_taken":0.0,"cards_obtained":["Compile Driver","Clumsy"]},{"damage_healed":0,"gold_gain":0,"player_choice":"Fought Bandits","damage_taken":0,"max_hp_gain":0,"max_hp_loss":0,"event_name":"Masked Bandits","floor":30,"gold_loss":0}],"is_beta":true,"boss_relics":[{"not_picked":["Black Star","Runic Dome"],"picked":"Coffee Dripper"}],"items_purged_floors":[],"is_endless":false,"potions_floor_spawned":[11,12,16,20,22,25,28],"killed_by":"Masked Bandits","ascension_level":20}}