{"host":"5tir6155jnoxijqh","time":1614407179,"event":{"mods":["Act Like it!","Arknights","BaseMod","Downfall","Hermit","Library of Ruina","Library of Ruina Extra","Minty Spire (QoL Compilation)","MostiFishMod","Shop Mod","Spicy Shops","StSLib","WarShipGirlsR/’ΩΩ¢…Ÿ≈ÆR mod"],"gold_per_floor":[19,19,30,30,30,30,62,42,42,42,68,81,95,106,106,179,179,194,207,132,147,167,197,197,197],"floor_reached":24,"language":"ZHS","playtime":1728,"items_purged":[],"score":424,"play_id":"4bdd6cad-fb8e-411d-bc40-1e35955e0306","local_time":"20210227142619","is_ascension_mode":true,"campfire_choices":[{"data":"Violence","floor":6,"key":"SMITH"},{"data":"RhinoRam","floor":15,"key":"SMITH"}],"circlet_count":0,"master_deck":["AscendersBane","Dodge","LightDefense","LightAttack","LightDefense","LightDefense","LightDefense","ChargeAndCover","FocusedStrikes","Violence+1","hermit:Quickdraw","TrimTheIngredients","DaringDecision","Juggling","expansioncontent:PrepareCrush","hexamod:ThirdSeal","RhinoRam+1","MostiFishMod:Pointsdynamics","MostiFishMod:PerfectStrikeMKII","MostiFishMod:EE1D","MostiFishMod:EE1D","MostiFishMod:EE1D","ats:Wolf Pack","hermit:ItchyTrigger","Finesse","Whirlwind","Tttonst","Crescendo"],"relics":["PageOfLibrarian","DaveBox","PrismaticShard","PageOfLaetitia","SynthV:TestCard","PageOfSnowWhitesApple","PageOfUniverseFragment","PageOfLumberjack","EE1DDrone","ats:Originium","Singing Bowl"],"acts_visited":["Exordium","TheCity"],"potions_floor_usage":[11,23,23,24],"damage_taken":[{"damage":0,"enemies":"Jaw Worm","floor":1,"turns":2},{"damage":0,"enemies":"Small Slimes","floor":3,"turns":2},{"damage":9,"enemies":"Gremlin Nob","floor":7,"turns":3},{"damage":16,"enemies":"3 Sentries","floor":11,"turns":3},{"damage":0,"enemies":"2 Louse","floor":12,"turns":2},{"damage":0,"enemies":"Lots of Slimes","floor":13,"turns":1},{"damage":0,"enemies":"3 Louse","floor":14,"turns":2},{"damage":7,"enemies":"Hexaghost","floor":16,"turns":5},{"damage":23,"enemies":"Shell Parasite","floor":18,"turns":5},{"damage":18,"enemies":"3 Byrds","floor":19,"turns":3},{"damage":0,"enemies":"Snecko","floor":21,"turns":4},{"damage":14,"enemies":"Centurion and Healer","floor":22,"turns":4},{"damage":18,"enemies":"Slavers","floor":23,"turns":3},{"damage":22,"enemies":"Sentry and Sphere","floor":24,"turns":5}],"seed_played":"-3018348381995953077","potions_obtained":[{"floor":1,"key":"EssenceOfSteel"},{"floor":11,"key":"ColorlessPotion"},{"floor":14,"key":"SteroidPotion"},{"floor":18,"key":"Fire Potion"},{"floor":23,"key":"BlessingOfTheForge"}],"is_trial":false,"path_per_floor":["M","?","M","$","?","R","E","?","T","$","E","M","M","M","R","B",null,"M","M","?","M","M","E","M"],"character_chosen":"Librarian","items_purchased":[],"campfire_rested":0,"item_purchase_floors":[],"current_hp_per_floor":[54,54,50,50,55,55,42,42,42,42,26,26,26,26,26,19,66,43,25,25,25,11,21,0,0],"gold":197,"neow_bonus":"ONE_RARE_RELIC","is_daily":false,"chose_seed":false,"campfire_upgraded":2,"win_rate":0.0,"timestamp":1614407179,"path_taken":["M","?","M","$","?","R","E","?","T","$","E","M","M","M","R","BOSS","M","M","?","M","M","E","M"],"items_purchased_type":[],"build_version":"2020-12-22","purchased_purges":0,"victory":false,"max_hp_per_floor":[201,201,201,201,206,206,206,206,206,206,82,82,82,82,82,82,82,82,82,82,82,82,84,84,84],"card_choices":[{"not_picked":["EnergyShield","ats:Thermite Blade","EmptyBody","rmod:supportescort","Worship","Faith","Flame Barrier","Slimebound:ComboTackle"],"picked":"Violence","floor":1},{"not_picked":["PuppetBlockade","hermit:Grudge","hermit:FlashPowder","InnerArdor","ats:Defend Order","sneckomod:Nope","Genetic Algorithm","rmod:tearstotiara","FlowOfTheSword","sneckomod:ImprovisedGuard"],"picked":"MostiFishMod:FullyArmed","floor":3},{"not_picked":["champ:DeathBlow","hexamod:Hexaguard","Protect","GreatSerpentsImpact","rmod:firesupport","Leg Sweep","MostiFishMod:Culaccino","Twin Strike","ShockRound","bronze:ItsAFeature"],"picked":"hermit:Quickdraw","floor":7},{"not_picked":[],"picked":"TrimTheIngredients","floor":8},{"not_picked":[],"picked":"DaringDecision","floor":8},{"not_picked":["LoosenUp","RapidGashes","bronze:ChosenStrike","Barrage","MostiFishMod:PathToVictory","Collision","hermit:HoleUp","EndlessBattle","Storm","bronze:BurnOut"],"picked":"Juggling","floor":11},{"not_picked":["bronze:Turbo","sneckomod:UnknownClassSLIMEBOUND","bronze:WhirlingStrike","Slimebound:LeechEnergy","UpbeatPerformance","Streamline","ats:Ignite","hexamod:FlamesFromBeyond","FendThisOffIfYouCan","Guardian:BronzeOrb"],"picked":"expansioncontent:PrepareCrush","floor":12},{"not_picked":["EnergyCycle","Guardian:Suspension","Slimebound:Schlurp","champ:EnragedBash","hermit:Roulette","Guardian:Recover","champ:StrikeOfGenius","Slimebound:SplitLeeching","MostiFishMod:PoisonShield","hermit:Scavenge"],"picked":"hexamod:ThirdSeal","floor":13},{"not_picked":["MostiFishMod:PushDownKick","Flex","Guardian:ChargeCore","EmptyMind","Guardian:Gem_White","hexamod:StepThrough","Storm","rmod:luckystar","hermit:Vantage","Guardian:Incinerate"],"picked":"RhinoRam","floor":14},{"not_picked":["bronze:CleanCode","Slimebound:Overexert","Rainbow","Slimebound:Teamwork"],"picked":"MostiFishMod:Pointsdynamics","floor":16},{"not_picked":["Doppelganger","MostiFishMod:Wind","Fiend Fire","bronze:ShipIt"],"picked":"MostiFishMod:PerfectStrikeMKII","floor":16},{"not_picked":["EmptyFist","hermit:Vantage","Halt","sneckomod:UnknownClassSLIMEBOUND","FeelinGood","Slimebound:MegaLick","expansioncontent:Chronoboost","sneckomod:UnknownClassLibrarian","bronze:WhirlingStrike","Rampage"],"picked":"ats:Wolf Pack","floor":18},{"not_picked":["Quickness","ats:Phantom+1","FlurryOfBlows","FlamingDragonFist","champ:FanOfKnives","FlyingSleeves","ShockRound","Defragment","Parry2","Guardian:RollAttack"],"picked":"hermit:ItchyTrigger","floor":19},{"not_picked":["HiddenBlade","Blizzard","Choke","MostiFishMod:PushDownKick","Stack","rmod:luckystar","Slimebound:SplitAcid","Conclude","UncannyStrike","Cleave"],"picked":"Finesse","floor":21},{"not_picked":["sneckomod:UnknownCommonSkill+1","Guardian:WalkerClaw","sneckomod:UnknownClassGUARDIAN","rmod:highspeedshooting+1","rmod:combined","rmod:unsinkable+1","sneckomod:UnknownColorless","Mutilate","Guardian:Harden","SuppressingShot"],"picked":"Whirlwind","floor":21},{"not_picked":["Slimebound:Schlurp","GreatSerpentsImpact","hermit:Snipe+1","Turbo","DesperateStruggle+1","Corpse Explosion","Thrust","NightInTheBackstreets","hermit:Manifest","Guardian:Gem_Blue"],"picked":"Tttonst","floor":22},{"not_picked":["Rampage","ats:Charging Defense","Redo","champ:AdrenalArmor","WindmillStrike","ats:Rapid Magazine","bronze:WildBeam","hermit:ItchyTrigger","DimensionalRift","sneckomod:UnknownBlock+1"],"picked":"Crescendo","floor":22},{"not_picked":["bronze:DelayedGuard","Flex","FlurryOfBlows+1","hexamod:GhostflameBarrier","sneckomod:DiceBlock","champ:DeathBlow+1","Slimebound:ItLooksTasty","ICanCookAnything","rmod:fuelsupply+1","Gamble","MindPrepared"],"picked":"Singing Bowl","floor":23}],"player_experience":441483,"relics_obtained":[{"floor":1,"key":"SynthV:TestCard"},{"floor":7,"key":"PageOfSnowWhitesApple"},{"floor":9,"key":"PageOfUniverseFragment"},{"floor":11,"key":"PageOfLumberjack"},{"floor":23,"key":"ats:Originium"},{"floor":23,"key":"Singing Bowl"}],"event_choices":[{"cards_removed":["LightAttack"],"damage_healed":0,"gold_gain":0,"player_choice":"Forget","damage_taken":0,"max_hp_gain":0,"max_hp_loss":0,"event_name":"Living Wall","floor":2,"gold_loss":0},{"damage_healed":0,"gold_gain":0,"player_choice":"Donut","damage_taken":0,"max_hp_gain":5,"max_hp_loss":0,"event_name":"Big Fish","floor":5,"gold_loss":0},{"cards_removed":["LightAttack"],"damage_healed":0,"gold_gain":0,"player_choice":"Gave Gold","damage_taken":0,"max_hp_gain":0,"max_hp_loss":0,"event_name":"Beggar","floor":20,"gold_loss":75}],"is_beta":false,"boss_relics":[{"not_picked":["RhineSuit","MoonlightInvasionPlan"],"picked":"EE1DDrone"}],"items_purged_floors":[],"is_endless":false,"potions_floor_spawned":[1,11,14,18,21,23],"killed_by":"Sentry and Sphere","ascension_level":15}}