{"host":"bvp2uifzy1c463d9","time":1614453977,"event":{"mods":["AchievementEnabler","BaseMod","Better Note","Block Reminder","Bossed Relics","Colored Map","Colored Powertips","Hermit","Highlight Path","Hubris","Infinite Spire","Minty Spire (QoL Compilation)","Relic Sorter","Relic Stats","Reliquary","Replay The Spire","StSLib","The Blue Laboratory","Wandering Minibosses"],"gold_per_floor":[113,132,132,132,132,161,161,176,176,190,190,65,97,24,24,128,128,148,148,168,168,184,184,184],"floor_reached":23,"language":"ENG","playtime":959,"items_purged":["hermit:Defend_Hermit"],"score":280,"play_id":"339d2738-bddc-4a8b-8e64-869658474944","local_time":"20210227132617","is_ascension_mode":true,"campfire_choices":[{"data":"hermit:Malice","floor":7,"key":"SMITH"},{"data":"hermit:Determination","floor":11,"key":"SMITH"},{"data":"hermit:ShadowCloak","floor":15,"key":"SMITH"}],"circlet_count":0,"master_deck":["hermit:Strike_Hermit","hermit:Defend_Hermit","hermit:Defend_Hermit","hermit:Defend_Hermit","hermit:Snapshot","hermit:Covet","hermit:WideOpen","hermit:Coalescence","Regret","hermit:Malice+1","hermit:Determination+1","hermit:Coalescence","hermit:Misfire","hermit:RoundhouseKick","hermit:ShadowCloak+1","hermit:Dissolve","hermit:FlashPowder","hermit:Coalescence","hermit:Deadeye","hermit:Grudge"],"relics":["hermit:ClaspedLocket","NeowsBlessing","hubris:MysteriousPyramids","reliquary:OuijaBoard","hermit:Spyglass"],"acts_visited":["Exordium","TheCity"],"potions_floor_usage":[22,23,23],"damage_taken":[{"damage":0,"enemies":"Small Slimes","floor":1,"turns":1},{"damage":0,"enemies":"2 Louse","floor":2,"turns":1},{"damage":0,"enemies":"Replay:BlueRogue","floor":6,"turns":1},{"damage":0,"enemies":"Jaw Worm","floor":8,"turns":3},{"damage":4,"enemies":"Looter","floor":10,"turns":3},{"damage":16,"enemies":"Gremlin Nob","floor":13,"turns":3},{"damage":29,"enemies":"Fading Forest","floor":16,"turns":11},{"damage":26,"enemies":"2 Thieves","floor":18,"turns":4},{"damage":28,"enemies":"3 Byrds","floor":20,"turns":9},{"damage":2,"enemies":"Centurion and Healer","floor":22,"turns":10},{"damage":13,"enemies":"Slavers","floor":23,"turns":2}],"seed_played":"-3742973220793793286","potions_obtained":[{"floor":6,"key":"blueLaboratory:BottledHope"},{"floor":16,"key":"SkillPotion"},{"floor":20,"key":"blueLaboratory:LouseDecoction"}],"is_trial":false,"path_per_floor":["M","M","?","?","?","E","R","M","T","M","R","$","E","$","R","B",null,"M","?","M","?","M","E"],"character_chosen":"HERMIT","items_purchased":["hermit:Misfire","hermit:ShadowCloak"],"campfire_rested":0,"item_purchase_floors":[12,14],"current_hp_per_floor":[75,75,75,68,68,68,68,68,68,64,64,64,48,48,48,27,63,37,37,12,12,10,0,0],"gold":184,"neow_bonus":"THREE_ENEMY_KILL","is_daily":false,"chose_seed":false,"campfire_upgraded":3,"win_rate":0.0,"timestamp":1614453977,"path_taken":["M","M","?","?","?","E","R","M","T","M","R","$","E","?","R","BOSS","M","?","M","?","?","E"],"items_purchased_type":["Card","Card"],"build_version":"2020-12-22","purchased_purges":1,"victory":false,"max_hp_per_floor":[75,75,75,75,75,75,75,75,75,75,75,75,75,75,75,75,75,75,75,75,75,75,75,75],"relic_stats":{"counters":[11,48],"obtain_stats":[{"reliquary:OuijaBoard":6,"hermit:ClaspedLocket":17,"NeowsBlessing":0,"hubris:MysteriousPyramids":3,"hermit:Momento":0,"hermit:Spyglass":13},{"reliquary:OuijaBoard":3,"hermit:ClaspedLocket":7,"NeowsBlessing":0,"hubris:MysteriousPyramids":2,"hermit:Momento":0,"hermit:Spyglass":6},{"reliquary:OuijaBoard":3,"hermit:ClaspedLocket":23,"NeowsBlessing":0,"hubris:MysteriousPyramids":2,"hermit:Momento":0,"hermit:Spyglass":12}]},"card_choices":[{"not_picked":["hermit:HighCaliber","hermit:LowProfile"],"picked":"hermit:WideOpen","floor":1},{"not_picked":["hermit:Horror","hermit:Grudge"],"picked":"hermit:Coalescence","floor":2},{"not_picked":["hermit:Scavenge","hermit:FullyLoaded"],"picked":"hermit:Malice","floor":6},{"not_picked":["hermit:TakeCover","hermit:Snipe"],"picked":"hermit:Determination","floor":8},{"not_picked":["hermit:Dive","hermit:HighCaliber"],"picked":"hermit:Coalescence","floor":10},{"not_picked":["hermit:BlackWind","hermit:ItchyTrigger"],"picked":"hermit:RoundhouseKick","floor":13},{"not_picked":["hermit:DeadOrAlive","hermit:Magnum"],"picked":"hermit:Dissolve","floor":16},{"not_picked":["hermit:Snipe+1","hermit:Brawl"],"picked":"hermit:FlashPowder","floor":18},{"not_picked":["hermit:BodyArmor","hermit:CursedWeapon+1"],"picked":"hermit:Coalescence","floor":20},{"not_picked":["hermit:Snipe","hermit:FullyLoaded"],"picked":"hermit:Grudge","floor":22}],"player_experience":392880,"relics_obtained":[{"floor":6,"key":"reliquary:OuijaBoard"},{"floor":13,"key":"hermit:Spyglass"}],"event_choices":[{"damage_healed":0,"gold_gain":0,"player_choice":"Box","damage_taken":0,"relics_obtained":["hubris:MysteriousPyramids"],"max_hp_gain":0,"max_hp_loss":0,"event_name":"Big Fish","floor":3,"gold_loss":0,"cards_obtained":["Regret"]},{"cards_removed":["hermit:Strike_Hermit"],"damage_healed":0,"gold_gain":0,"player_choice":"Card Removal","damage_taken":7,"max_hp_gain":0,"max_hp_loss":0,"event_name":"Golden Wing","floor":4,"gold_loss":0},{"damage_healed":0,"gold_gain":0,"cards_transformed":["hermit:Strike_Hermit"],"player_choice":"Transformed","damage_taken":0,"max_hp_gain":0,"max_hp_loss":0,"event_name":"Transmorgrifier","floor":21,"gold_loss":0,"cards_obtained":["hermit:Deadeye"]}],"is_beta":false,"boss_relics":[{"not_picked":["Astrolabe","hubris:BlackHole"],"picked":"hermit:ClaspedLocket"}],"items_purged_floors":[12],"is_endless":false,"potions_floor_spawned":[6,16,20],"killed_by":"Slavers","ascension_level":5}}