{"host":"a70birb7gb03c330","time":1614389826,"event":{"mods":["Act Like it!","Aspiration","BaseMod","Better Vampires","Disable Question Mark Monsters","Energized Spire","Hubris","Infinite Spire","Minty Spire (QoL Compilation)","Permanent Neow","Replay The Spire","Spicy Shops","Spikes Relics","StSLib","The Blue Laboratory","UnlockEverythingMod"],"gold_per_floor":[111,123,123,123,48,48,73,73,73],"floor_reached":8,"language":"ENG","playtime":259,"items_purged":["Normality"],"score":46,"play_id":"cc83a0f8-c02a-4e86-8bce-7073aa6ea82c","local_time":"20210226173706","is_ascension_mode":true,"campfire_choices":[{"data":"Backstab","floor":6,"key":"SMITH"}],"circlet_count":0,"master_deck":["Strike_G","Strike_G","Strike_G","Strike_G","Strike_G","Defend_G","Defend_G","Defend_G","Defend_G","Defend_G","Survivor","Neutralize","aspiration:Lunge+1","Backstab+1"],"relics":["Ring of the Snake","Ring of Panic","ReplayTheSpireMod:Ring of Exchange","infinitespire:Satchel"],"acts_visited":["Exordium"],"potions_floor_usage":[],"damage_taken":[{"damage":4,"enemies":"Cultist","floor":1,"turns":3},{"damage":0,"enemies":"Small Slimes","floor":2,"turns":2},{"damage":67,"enemies":"Lagavulin","floor":8,"turns":11}],"seed_played":"-1713110278558027023","potions_obtained":[],"is_trial":false,"path_per_floor":["M","M","?","?","$","R","T","E"],"character_chosen":"THE_SILENT","items_purchased":[],"campfire_rested":0,"item_purchase_floors":[],"current_hp_per_floor":[59,59,59,59,59,59,59,0,0],"gold":73,"neow_bonus":"THREE_RARE_CARDS","is_daily":false,"chose_seed":false,"campfire_upgraded":1,"win_rate":0.0,"timestamp":1614389826,"path_taken":["M","M","?","?","$","R","?","E"],"items_purchased_type":[],"build_version":"2020-12-22","purchased_purges":1,"victory":false,"max_hp_per_floor":[63,63,63,63,63,63,63,63,63],"card_choices":[{"not_picked":["Corpse Explosion","Adrenaline"],"picked":"aspiration:Lunge","floor":0},{"not_picked":["Deflect","Quick Slash","Riddle With Holes"],"picked":"SKIP","floor":1},{"not_picked":["Underhanded Strike","Slice"],"picked":"Backstab","floor":2}],"player_experience":11382,"relics_obtained":[{"floor":4,"key":"Ring of Panic"},{"floor":4,"key":"ReplayTheSpireMod:Ring of Exchange"},{"floor":7,"key":"infinitespire:Satchel"}],"event_choices":[{"damage_healed":0,"gold_gain":0,"player_choice":"Grow","damage_taken":0,"max_hp_gain":0,"max_hp_loss":0,"event_name":"Living Wall","floor":3,"gold_loss":0,"cards_upgraded":["aspiration:Lunge"]}],"is_beta":false,"boss_relics":[],"items_purged_floors":[5],"is_endless":false,"potions_floor_spawned":[],"killed_by":"Lagavulin","ascension_level":1}}