{"host":"1avr1135to2copjv","time":1614459789,"event":{"mods":["BaseMod","Colored Map","Colored Powertips","Filter the Spire","Minty Spire (QoL Compilation)","Relic Stats","StSLib"],"gold_per_floor":[115,11,25,25,35,63,63,92,92,106,106,106,106,181,181,255,255,271,287,337,351,266,310,322,334,334],"floor_reached":25,"language":"ENG","playtime":1360,"items_purged":["Shame"],"score":458,"play_id":"37c3f5f2-b6e3-43a7-b830-cab28937f6be","local_time":"20210228000309","is_ascension_mode":true,"campfire_choices":[{"data":"Consume","floor":7,"key":"SMITH"},{"data":"Coolheaded","floor":12,"key":"SMITH"},{"floor":15,"key":"REST"},{"floor":24,"key":"REST"}],"circlet_count":0,"master_deck":["AscendersBane","Strike_B","Strike_B","Defend_B","Defend_B","Defend_B","Defend_B","Zap","Dualcast","Glacier","Sweeping Beam","Ball Lightning","Consume+1","Static Discharge","Hello World","Coolheaded+1","Rainbow","Echo Form","Go for the Eyes","Stack","Capacitor","Self Repair"],"relics":["Cracked Core","Ice Cream","Anchor","Gambling Chip","Snecko Eye","MawBank","Blood Vial"],"acts_visited":["Exordium","TheCity"],"potions_floor_usage":[16,19,23],"damage_taken":[{"damage":9,"enemies":"Jaw Worm","floor":1,"turns":4},{"damage":0,"enemies":"Small Slimes","floor":3,"turns":4},{"damage":0,"enemies":"2 Louse","floor":5,"turns":2},{"damage":7,"enemies":"Lagavulin","floor":6,"turns":8},{"damage":12,"enemies":"3 Sentries","floor":8,"turns":8},{"damage":0,"enemies":"Large Slime","floor":10,"turns":5},{"damage":35,"enemies":"Hexaghost","floor":16,"turns":10},{"damage":3,"enemies":"Chosen","floor":18,"turns":4},{"damage":12,"enemies":"2 Thieves","floor":19,"turns":4},{"damage":0,"enemies":"Sentry and Sphere","floor":21,"turns":6},{"damage":22,"enemies":"Slavers","floor":23,"turns":5},{"damage":44,"enemies":"Gremlin Leader","floor":25,"turns":4}],"seed_played":"-6155114613230648434","potions_obtained":[{"floor":1,"key":"FearPotion"},{"floor":5,"key":"PowerPotion"},{"floor":16,"key":"DistilledChaos"},{"floor":18,"key":"Block Potion"},{"floor":23,"key":"Ancient Potion"}],"is_trial":false,"path_per_floor":["M","$","M","?","M","E","R","E","T","M","?","R","?","?","R","B",null,"M","M","?","M","?","E","R","E"],"character_chosen":"DEFECT","items_purchased":["Sweeping Beam"],"campfire_rested":2,"item_purchase_floors":[2],"current_hp_per_floor":[55,55,55,48,48,41,41,29,29,29,29,29,29,18,39,4,54,51,39,39,39,39,17,38,0,0],"gold":334,"neow_bonus":"ONE_RARE_RELIC","is_daily":false,"chose_seed":false,"campfire_upgraded":2,"win_rate":0.0,"timestamp":1614459789,"path_taken":["M","$","M","?","M","E","R","E","T","M","?","R","?","?","R","BOSS","M","M","?","?","?","E","R","E"],"items_purchased_type":["Card"],"build_version":"2020-12-22","purchased_purges":1,"victory":false,"max_hp_per_floor":[71,71,71,71,71,71,71,71,71,71,71,71,71,71,71,71,71,71,71,71,71,71,71,71,71,71],"relic_stats":{"Blood Vial":2,"counters":[12,64],"Gambling Chip":[25],"Snecko Eye":[49,38,32,56],"MawBank":36,"obtain_stats":[{"Ice Cream":0,"Blood Vial":23,"Anchor":6,"Gambling Chip":8,"Snecko Eye":17,"Cracked Core":0,"MawBank":22},{"Ice Cream":0,"Blood Vial":11,"Anchor":4,"Gambling Chip":5,"Snecko Eye":7,"Cracked Core":0,"MawBank":10},{"Ice Cream":0,"Blood Vial":60,"Anchor":18,"Gambling Chip":26,"Snecko Eye":41,"Cracked Core":0,"MawBank":55}]},"card_choices":[{"not_picked":["Auto Shields","Skim"],"picked":"Glacier","floor":1},{"not_picked":["Sunder","Turbo"],"picked":"Ball Lightning","floor":3},{"not_picked":["Rebound","Loop"],"picked":"Consume","floor":5},{"not_picked":["Darkness","Doom and Gloom"],"picked":"Static Discharge","floor":6},{"not_picked":["Leap","Steam"],"picked":"Hello World","floor":8},{"not_picked":["Cold Snap","Redo"],"picked":"Coolheaded","floor":10},{"not_picked":["Reboot","Buffer"],"picked":"Echo Form","floor":16},{"not_picked":["Reprogram","Leap"],"picked":"Go for the Eyes","floor":18},{"not_picked":["Go for the Eyes","Ball Lightning"],"picked":"Stack","floor":19},{"not_picked":["Coolheaded","Ball Lightning"],"picked":"Capacitor","floor":21},{"not_picked":["Lockon+1","Streamline"],"picked":"Self Repair","floor":23}],"player_experience":1084325,"relics_obtained":[{"floor":6,"key":"Anchor"},{"floor":8,"key":"Gambling Chip"},{"floor":23,"key":"Blood Vial"}],"event_choices":[{"cards_removed":["Strike_B"],"damage_healed":0,"gold_gain":0,"player_choice":"Card Removal","damage_taken":7,"max_hp_gain":0,"max_hp_loss":0,"event_name":"Golden Wing","floor":4,"gold_loss":0},{"damage_healed":0,"gold_gain":0,"player_choice":"Ignored","damage_taken":0,"max_hp_gain":0,"max_hp_loss":0,"event_name":"Liars Game","floor":11,"gold_loss":0},{"damage_healed":0,"gold_gain":0,"cards_transformed":["Strike_B"],"player_choice":"Change","damage_taken":0,"max_hp_gain":0,"max_hp_loss":0,"event_name":"Living Wall","floor":13,"gold_loss":0,"cards_obtained":["Rainbow"]},{"damage_healed":0,"gold_gain":75,"player_choice":"Gather Gold","damage_taken":11,"max_hp_gain":0,"max_hp_loss":0,"event_name":"World of Goop","floor":14,"gold_loss":0},{"damage_healed":0,"gold_gain":50,"player_choice":"Pray","damage_taken":0,"max_hp_gain":0,"max_hp_loss":0,"event_name":"Golden Shrine","floor":20,"gold_loss":0},{"damage_healed":0,"gold_gain":0,"player_choice":"Obtained Relic","damage_taken":0,"relics_obtained":["MawBank"],"max_hp_gain":0,"max_hp_loss":0,"event_name":"Addict","floor":22,"gold_loss":85}],"is_beta":false,"boss_relics":[{"not_picked":["Runic Pyramid","Ectoplasm"],"picked":"Snecko Eye"}],"items_purged_floors":[2],"is_endless":false,"potions_floor_spawned":[1,5,6,16,18,23],"killed_by":"Gremlin Leader","ascension_level":20}}