{"host":"qgrlfjrqk9z96gfi","time":1614449286,"event":{"mods":["BaseMod","Block Reminder","Colored Map","Custom Start","DeckTracker","Minty Spire (QoL Compilation)"],"gold_per_floor":[117,41,41,41,91,116,116,128,128,158,169,197,210,9,9,86,86,98,98,114,132,150,181,17,17,17,17,67,100,111,125,125,200,200,219,244,257,182,182,217,217,236,314,4,14,14,32,83,83,83,83,83],"floor_reached":51,"language":"ENG","playtime":2719,"items_purged":["All Out Attack","Dagger Spray"],"score":1570,"play_id":"48b41a78-7aba-4eae-be66-931d50a0e94b","local_time":"20210227080806","is_ascension_mode":true,"campfire_choices":[{"data":"Venomology","floor":7.0,"key":"SMITH"},{"data":"Apotheosis","floor":15.0,"key":"SMITH"},{"floor":25.0,"key":"REST"},{"floor":27.0,"key":"REST"},{"floor":32.0,"key":"REST"},{"floor":46.0,"key":"REST"},{"floor":49,"key":"REST"}],"circlet_count":0,"master_deck":["AscendersBane","Survivor","Neutralize","Dagger Throw","Underhanded Strike","Blade Dance","Venomology+1","Dagger Throw","Blade Dance","Phantasmal Killer","Tactician","Apotheosis+1","Concentrate","Expertise","Cloak And Dagger+1","Backstab","Eviscerate","Acrobatics","Backflip+1","Tools of the Trade","Malaise","All Out Attack","Phantasmal Killer","Poisoned Stab","Choke","Reflex","Prepared","Dodge and Roll+1","Leg Sweep+1","PiercingWail","Reflex","Acrobatics","Noxious Fumes"],"relics":["Ring of the Snake","NeowsBlessing","Mercury Hourglass","InkBottle","PreservedInsect","Singing Bowl","Philosopher\u0027s Stone","StrikeDummy","Bag of Marbles","Strawberry","Peace Pipe","Pandora\u0027s Box","Girya","Molten Egg 2","Kunai","Anchor","Turnip"],"acts_visited":["Exordium","TheCity","TheBeyond"],"potions_floor_usage":[48,48,50,50],"damage_taken":[{"damage":0.0,"enemies":"Jaw Worm","floor":1.0,"turns":1.0},{"damage":0.0,"enemies":"3 Sentries","floor":6.0,"turns":1.0},{"damage":0.0,"enemies":"Cultist","floor":8.0,"turns":1.0},{"damage":12.0,"enemies":"Lagavulin","floor":10.0,"turns":4.0},{"damage":0.0,"enemies":"Small Slimes","floor":11.0,"turns":2.0},{"damage":7.0,"enemies":"3 Sentries","floor":12.0,"turns":3.0},{"damage":5.0,"enemies":"Gremlin Gang","floor":13.0,"turns":2.0},{"damage":0.0,"enemies":"Slime Boss","floor":16.0,"turns":6.0},{"damage":6.0,"enemies":"3 Byrds","floor":18.0,"turns":3.0},{"damage":12.0,"enemies":"Spheric Guardian","floor":20.0,"turns":3.0},{"damage":14.0,"enemies":"Snake Plant","floor":21.0,"turns":3.0},{"damage":17.0,"enemies":"Cultist and Chosen","floor":22.0,"turns":4.0},{"damage":0.0,"enemies":"Gremlin Leader","floor":23.0,"turns":3.0},{"damage":8.0,"enemies":"Slavers","floor":29.0,"turns":3.0},{"damage":4.0,"enemies":"3 Cultists","floor":30.0,"turns":3.0},{"damage":12.0,"enemies":"Snake Plant","floor":31.0,"turns":3.0},{"damage":37.0,"enemies":"Champ","floor":33.0,"turns":7.0},{"damage":6.0,"enemies":"Orb Walker","floor":35.0,"turns":2.0},{"damage":0.0,"enemies":"Mind Bloom Boss Battle","floor":36.0,"turns":3.0},{"damage":20.0,"enemies":"3 Shapes","floor":37.0,"turns":4.0},{"damage":25.0,"enemies":"Giant Head","floor":40.0,"turns":5.0},{"damage":0.0,"enemies":"Maw","floor":42.0,"turns":4.0},{"damage":10.0,"enemies":"Sphere and 2 Shapes","floor":45.0,"turns":6.0},{"damage":7.0,"enemies":"Writhing Mass","floor":47.0,"turns":3.0},{"damage":12,"enemies":"2 Orb Walkers","floor":48,"turns":4},{"damage":18,"enemies":"Awakened One","floor":50,"turns":9},{"damage":27,"enemies":"Donu and Deca","floor":51,"turns":2}],"seed_played":"4339162628493998855","potions_obtained":[{"floor":6.0,"key":"Strength Potion"},{"floor":8.0,"key":"LiquidBronze"},{"floor":21.0,"key":"GamblersBrew"},{"floor":22.0,"key":"DistilledChaos"},{"floor":31.0,"key":"Explosive Potion"},{"floor":48,"key":"SkillPotion"}],"is_trial":false,"path_per_floor":["M","$","?","$","?","E","R","M","T","E","M","E","M","$","R","B",null,"M","?","M","M","M","E","$","R","T","R","?","E","M","M","R","B",null,"M","?","M","$","?","E","?","M","T","$","M","R","M","?","R","B","B"],"character_chosen":"THE_SILENT","items_purchased":["Underhanded Strike","Blade Dance","Apotheosis","Bag of Marbles","Reflex","Anchor"],"campfire_rested":5,"item_purchase_floors":[2,2,14,24,44,44],"current_hp_per_floor":[59,59,59,59,53,53,53,53,53,41,41,45,42,42,42,44,65,59,59,47,33,18,18,18,40,47,71,71,65,61,49,73,36,71,65,65,45,45,45,20,20,22,22,22,14,38,31,19,43,25,0,0],"gold":83,"neow_bonus":"THREE_ENEMY_KILL","is_daily":false,"chose_seed":false,"campfire_upgraded":2,"win_rate":0.0,"timestamp":1614449286,"path_taken":["M","$","?","?","?","E","R","M","T","E","?","E","M","$","R","BOSS","M","?","M","?","?","E","?","R","T","R","?","E","?","M","R","BOSS","M","?","M","$","?","E","?","M","T","$","M","R","M","?","R","BOSS","BOSS"],"items_purchased_type":["Card","Card","Card","Relic","Card","Relic"],"build_version":"2020-12-22","purchased_purges":2,"victory":false,"max_hp_per_floor":[66,66,66,66,66,66,66,66,66,66,66,68,70,70,70,72,72,72,72,72,72,74,74,74,74,81,81,81,83,83,83,83,83,83,83,83,83,83,79,79,79,81,81,81,83,83,83,83,83,83,83,83],"card_choices":[{"not_picked":["Distraction","Acrobatics"],"picked":"Dagger Throw","floor":1.0},{"not_picked":["Heel Hook","Outmaneuver"],"picked":"Dagger Throw","floor":6.0},{"not_picked":["Dodge and Roll","Noxious Fumes"],"picked":"Blade Dance","floor":8.0},{"not_picked":["Sucker Punch","Underhanded Strike"],"picked":"Phantasmal Killer","floor":10.0},{"not_picked":["Crippling Poison","Expertise"],"picked":"Tactician","floor":11.0},{"not_picked":["PiercingWail","Tactician","Envenom"],"picked":"Singing Bowl","floor":12.0},{"not_picked":["Outmaneuver","Deadly Poison","Prepared"],"picked":"Singing Bowl","floor":13.0},{"not_picked":["Bullet Time","A Thousand Cuts","Storm of Steel"],"picked":"Singing Bowl","floor":16.0},{"not_picked":["Deflect","Prepared"],"picked":"Concentrate","floor":18.0},{"not_picked":["Deadly Poison","Dagger Spray"],"picked":"Cloak And Dagger+1","floor":20.0},{"not_picked":["Envenom","Acrobatics"],"picked":"Backstab","floor":21.0},{"not_picked":["Acrobatics","Expertise","Cloak And Dagger+1"],"picked":"Singing Bowl","floor":22.0},{"not_picked":["All Out Attack","Poisoned Stab"],"picked":"Eviscerate","floor":23.0},{"not_picked":["Bane+1","Bullet Time","Setup"],"picked":"Singing Bowl","floor":29.0},{"not_picked":["Underhanded Strike","Leg Sweep"],"picked":"Acrobatics","floor":30.0},{"not_picked":["Quick Slash","Heel Hook"],"picked":"Backflip+1","floor":31.0},{"not_picked":["Grand Finale","Adrenaline"],"picked":"Tools of the Trade","floor":33.0},{"not_picked":["Dagger Spray","Masterful Stab"],"picked":"Prepared","floor":35.0},{"not_picked":["Acrobatics","Dagger Throw"],"picked":"Dodge and Roll+1","floor":36.0},{"not_picked":["Backflip","Skewer"],"picked":"Leg Sweep+1","floor":37.0},{"not_picked":["Poisoned Stab","Dagger Throw"],"picked":"PiercingWail","floor":40.0},{"not_picked":["Dagger Throw+1","A Thousand Cuts","Dash+1"],"picked":"Singing Bowl","floor":42.0},{"not_picked":["Skewer+1","Prepared","Cloak And Dagger"],"picked":"Singing Bowl","floor":45.0},{"not_picked":["Underhanded Strike+1","All Out Attack+1"],"picked":"Acrobatics","floor":47.0},{"not_picked":["Cloak And Dagger","Setup+1"],"picked":"Noxious Fumes","floor":48}],"player_experience":1204256,"relics_obtained":[{"floor":6.0,"key":"Mercury Hourglass"},{"floor":9.0,"key":"InkBottle"},{"floor":10.0,"key":"PreservedInsect"},{"floor":12.0,"key":"Singing Bowl"},{"floor":23.0,"key":"StrikeDummy"},{"floor":26.0,"key":"Strawberry"},{"floor":29.0,"key":"Peace Pipe"},{"floor":36.0,"key":"Girya"},{"floor":40.0,"key":"Molten Egg 2"},{"floor":43.0,"key":"Kunai"},{"floor":48,"key":"Turnip"}],"event_choices":[{"damage_healed":0.0,"max_hp_gain":0.0,"max_hp_loss":0.0,"gold_gain":0.0,"cards_transformed":["Strike_G"],"event_name":"Transmorgrifier","player_choice":"Transformed","floor":3.0,"gold_loss":0.0,"damage_taken":0.0,"cards_obtained":["Venomology"]},{"damage_healed":0.0,"max_hp_gain":0.0,"max_hp_loss":0.0,"gold_gain":50.0,"event_name":"FaceTrader","player_choice":"Touch","floor":5.0,"gold_loss":0.0,"damage_taken":6.0},{"damage_healed":0.0,"max_hp_gain":0.0,"max_hp_loss":0.0,"gold_gain":0.0,"cards_transformed":["Strike_G"],"event_name":"Transmorgrifier","player_choice":"Transformed","floor":19.0,"gold_loss":0.0,"damage_taken":0.0,"cards_obtained":["Expertise"]},{"damage_healed":0.0,"max_hp_gain":0.0,"max_hp_loss":0.0,"gold_gain":50.0,"event_name":"Golden Shrine","player_choice":"Pray","floor":28.0,"gold_loss":0.0,"damage_taken":0.0},{"damage_healed":0.0,"max_hp_gain":0.0,"max_hp_loss":0.0,"gold_gain":0.0,"event_name":"MindBloom","player_choice":"Fight","floor":36.0,"gold_loss":0.0,"damage_taken":0.0},{"damage_healed":0.0,"max_hp_gain":0.0,"max_hp_loss":4.0,"gold_gain":0.0,"event_name":"Winding Halls","player_choice":"Max HP","floor":39.0,"gold_loss":0.0,"damage_taken":0.0},{"damage_healed":0.0,"max_hp_gain":0.0,"max_hp_loss":0.0,"gold_gain":0.0,"event_name":"Tomb of Lord Red Mask","player_choice":"Ignored","floor":41.0,"gold_loss":0.0,"damage_taken":0.0},{"damage_healed":0,"gold_gain":0,"player_choice":"Fight","damage_taken":0,"max_hp_gain":0,"max_hp_loss":0,"event_name":"Mysterious Sphere","floor":48,"gold_loss":0}],"is_beta":false,"boss_relics":[{"not_picked":["Coffee Dripper","Busted Crown"],"picked":"Philosopher\u0027s Stone"},{"not_picked":["SlaversCollar","Empty Cage"],"picked":"Pandora\u0027s Box"}],"items_purged_floors":[38,44],"is_endless":false,"potions_floor_spawned":[6,8,11,21,22,29,31,33,36,47,48],"killed_by":"Donu and Deca","ascension_level":20}}