{"host":"nv1rw0372aj1kj6e","time":1614428170,"event":{"mods":["AchievementEnabler","BaseMod","Hubris","Minty Spire (QoL Compilation)","Rare Cards Sparkle","StSLib","everything is the same but u backflip on backflip"],"gold_per_floor":[115,115,115,15,34,34,59,59,59,59,59,59,59,71,83,193,205,237,249,272,284,314,326,326],"floor_reached":23,"language":"ENG","playtime":1004,"items_purged":["Strike_R"],"score":263,"play_id":"7c8163f1-3390-490c-a58e-75424f9561a2","local_time":"20210227131610","is_ascension_mode":true,"campfire_choices":[{"data":"Armaments","floor":6,"key":"SMITH"},{"data":"Inflame","floor":8,"key":"SMITH"},{"data":"Strike_R","floor":10,"key":"SMITH"},{"data":"Strike_R","floor":12,"key":"SMITH"},{"data":"Defend_R","floor":15,"key":"SMITH"}],"circlet_count":0,"master_deck":["Strike_R+1","Strike_R","Strike_R+1","Strike_R+1","Defend_R+1","Defend_R","Defend_R","Defend_R","Bash+1","Rupture+1","Armaments+1","Inflame+1","Offering","Sword Boomerang","Inflame"],"relics":["Burning Blood","NeowsBlessing","Mummified Hand","Paper Frog","Whetstone","MawBank","hubris:Backtick","Ice Cream"],"acts_visited":["Exordium","TheCity"],"potions_floor_usage":[16,20],"damage_taken":[{"damage":0,"enemies":"Small Slimes","floor":1,"turns":1},{"damage":0,"enemies":"Jaw Worm","floor":5,"turns":1},{"damage":0,"enemies":"Lagavulin","floor":7,"turns":1},{"damage":19,"enemies":"The Guardian","floor":16,"turns":10},{"damage":17,"enemies":"Shell Parasite","floor":18,"turns":4},{"damage":13,"enemies":"2 Thieves","floor":20,"turns":4},{"damage":9,"enemies":"3 Cultists","floor":22,"turns":5},{"damage":61,"enemies":"Slavers","floor":23,"turns":3}],"seed_played":"2979449564313671051","potions_obtained":[{"floor":1,"key":"ElixirPotion"},{"floor":7,"key":"Energy Potion"},{"floor":18,"key":"LiquidMemories"}],"is_trial":false,"path_per_floor":["M","?","T","$","M","R","E","R","T","R","?","R","T","$","R","B",null,"M","$","M","?","M","E"],"character_chosen":"IRONCLAD","items_purchased":["Armaments"],"campfire_rested":0,"item_purchase_floors":[4],"current_hp_per_floor":[80,80,80,80,80,80,80,80,80,80,80,80,80,80,80,67,77,66,66,59,59,56,0,0],"gold":326,"neow_bonus":"THREE_ENEMY_KILL","is_daily":false,"chose_seed":false,"campfire_upgraded":5,"win_rate":0.0,"timestamp":1614428170,"path_taken":["M","?","?","?","?","R","E","R","T","R","?","R","?","?","R","BOSS","M","$","M","?","M","E"],"items_purchased_type":["Card"],"build_version":"2020-12-22","purchased_purges":1,"victory":false,"max_hp_per_floor":[80,80,80,80,80,80,80,80,80,80,80,80,80,80,80,80,80,80,80,80,80,80,80,80],"card_choices":[{"not_picked":["Clothesline","Flex"],"picked":"Rupture","floor":1},{"not_picked":["Heavy Blade","Armaments"],"picked":"Inflame","floor":5},{"not_picked":["Thunderclap","Searing Blow","Headbutt"],"picked":"SKIP","floor":7},{"not_picked":["Fiend Fire","Juggernaut"],"picked":"Offering","floor":16},{"not_picked":["Armaments","Headbutt","Shrug It Off"],"picked":"SKIP","floor":18},{"not_picked":["Wild Strike","Heavy Blade"],"picked":"Sword Boomerang","floor":20},{"not_picked":["Burning Pact","Uppercut+1"],"picked":"Inflame","floor":22}],"player_experience":251420,"relics_obtained":[{"floor":3,"key":"Mummified Hand"},{"floor":7,"key":"Paper Frog"},{"floor":9,"key":"Whetstone"},{"floor":13,"key":"MawBank"}],"event_choices":[{"damage_healed":0,"gold_gain":0,"player_choice":"Grow","damage_taken":0,"max_hp_gain":0,"max_hp_loss":0,"event_name":"Living Wall","floor":2,"gold_loss":0,"cards_upgraded":["Rupture"]},{"damage_healed":0,"gold_gain":0,"player_choice":"Ignored","damage_taken":0,"max_hp_gain":0,"max_hp_loss":0,"event_name":"Liars Game","floor":11,"gold_loss":0},{"damage_healed":0,"gold_gain":0,"player_choice":"Ignored","damage_taken":0,"max_hp_gain":0,"max_hp_loss":0,"event_name":"Ghosts","floor":21,"gold_loss":0}],"is_beta":false,"boss_relics":[{"not_picked":["Mark of Pain","hubris:BlackHole"],"picked":"hubris:Backtick"}],"items_purged_floors":[4],"is_endless":false,"potions_floor_spawned":[1,7,18],"killed_by":"Slavers","ascension_level":5}}