{"host":"5f8yr5jxnqok2jdo","time":1614452973,"event":{"mods":["AchievementEnabler","BaseMod","Beaked The Cultist","Better Altar","Better Match","Better Note","Better Skull","Better Third Choice","BetterRewards","Block Reminder","Bossed Relics","Colored Map","Colored Powertips","DeckTracker","Displayed Cursed Tome","Downfall","Friendly Minions","Googly Eyes","Highlight Path","Key Reminder","Minty Spire (QoL Compilation)","Quick Restart","Random Character Button","Rare Cards Sparkle","Relic Sorter","Relic Stats","Replay The Spire","Spire Arcade","Spire Birthday Party","StSLib","SuperFastMode","Unceasing Turn Reminder","Weighted Paths"],"gold_per_floor":[359,359,17,33,52,79,79,92,92,127,127,137,137,162,162,162,162],"floor_reached":16,"language":"ENG","playtime":505,"items_purged":[],"score":126,"play_id":"34e64e66-dfb4-42b6-9f02-60d01ee04893","local_time":"20210227200933","is_ascension_mode":true,"campfire_choices":[{"data":"Bash","floor":7,"key":"SMITH"},{"data":"Body Slam","floor":13,"key":"SMITH"},{"data":"True Grit","floor":15,"key":"SMITH"}],"circlet_count":0,"master_deck":["Strike_R","Strike_R","Strike_R","Strike_R","Defend_R","Defend_R","Defend_R","Bash+1","Disarm","Pommel Strike","Twin Strike","Body Slam+1","Shrug It Off","Battle Trance","Double Tap","Corruption+1","True Grit+1"],"relics":["Burning Blood","Kunai","HornCleat","keyreminder:keyreminder","Replay:Bottled Snecko","ReplayTheSpireMod:Lightbulb","Potion Belt"],"acts_visited":["Exordium"],"potions_floor_usage":[16],"damage_taken":[{"damage":3,"enemies":"2 Louse","floor":1,"turns":4},{"damage":0,"enemies":"Cultist","floor":4,"turns":3},{"damage":9,"enemies":"Jaw Worm","floor":5,"turns":4},{"damage":36,"enemies":"3 Sentries","floor":6,"turns":12},{"damage":0,"enemies":"3 Louse","floor":8,"turns":4},{"damage":23,"enemies":"Lagavulin","floor":10,"turns":6},{"damage":0,"enemies":"Looter","floor":12,"turns":3},{"damage":6,"enemies":"3 Sentries","floor":14,"turns":7},{"damage":29,"enemies":"Hexaghost","floor":16,"turns":11}],"seed_played":"-9113685464531248806","potions_obtained":[{"floor":4,"key":"champ:CounterPotion"},{"floor":8,"key":"Languid Potion"},{"floor":10,"key":"Swift Potion"},{"floor":14,"key":"SkillPotion"}],"is_trial":false,"path_per_floor":["M","?","$","M","M","E","R","M","T","E","?","M","R","E","R","B"],"character_chosen":"IRONCLAD","items_purchased":["Kunai","Pommel Strike","Twin Strike"],"campfire_rested":0,"item_purchase_floors":[3,3,3],"current_hp_per_floor":[59,59,59,65,62,32,32,38,38,21,21,27,27,27,27,0,0],"gold":162,"neow_bonus":"TWO_FIFTY_GOLD","is_daily":false,"chose_seed":false,"campfire_upgraded":3,"win_rate":0.0,"timestamp":1614452973,"path_taken":["M","?","$","?","?","E","R","M","T","E","?","M","R","E","R","BOSS"],"items_purchased_type":["Relic","Card","Card"],"build_version":"2020-12-22","purchased_purges":0,"victory":false,"max_hp_per_floor":[80,80,80,80,80,80,80,80,80,80,80,80,80,80,80,80,80],"relic_stats":{"counters":[31,123],"Kunai":[11],"obtain_stats":[{"Darkstone Periapt":20,"Ice Cream":34,"Torii":45,"Bag of Preparation":12,"Juzu Bracelet":26,"Boot":34,"Burning Blood":0,"Blood Vial":25,"Lizard Tail":51,"HornCleat":6,"Mummified Hand":19,"Tiny Chest":9,"WingedGreaves":38,"Chemical X":37,"Kunai":3,"Replay:Bottled Snecko":9,"Red Skull":48,"Potion Belt":14,"Pen Nib":6,"Charon\u0027s Ashes":41,"War Paint":8,"Orichalcum":23,"Medical Kit":21,"Calling Bell":34,"keyreminder:keyreminder":6,"Ornamental Fan":34,"Bronze Scales":43,"Snecko Eye":0,"Mark of Pain":17,"ReplayTheSpireMod:Lightbulb":10},{"Darkstone Periapt":8,"Ice Cream":15,"Torii":20,"Bag of Preparation":5,"Juzu Bracelet":11,"Boot":15,"Burning Blood":0,"Blood Vial":11,"Lizard Tail":22,"HornCleat":26,"Mummified Hand":8,"Tiny Chest":4,"WingedGreaves":18,"Chemical X":17,"Kunai":23,"Replay:Bottled Snecko":27,"Red Skull":20,"Potion Belt":30,"Pen Nib":3,"Charon\u0027s Ashes":19,"War Paint":4,"Orichalcum":10,"Medical Kit":8,"Calling Bell":15,"keyreminder:keyreminder":26,"Ornamental Fan":15,"Bronze Scales":19,"Snecko Eye":0,"Mark of Pain":7,"ReplayTheSpireMod:Lightbulb":28},{"Darkstone Periapt":23,"Ice Cream":47,"Torii":60,"Bag of Preparation":16,"Juzu Bracelet":30,"Boot":47,"Burning Blood":0,"Blood Vial":30,"Lizard Tail":67,"HornCleat":92,"Mummified Hand":23,"Tiny Chest":14,"WingedGreaves":54,"Chemical X":51,"Kunai":73,"Replay:Bottled Snecko":96,"Red Skull":60,"Potion Belt":112,"Pen Nib":10,"Charon\u0027s Ashes":57,"War Paint":14,"Orichalcum":27,"Medical Kit":23,"Calling Bell":47,"keyreminder:keyreminder":92,"Ornamental Fan":47,"Bronze Scales":57,"Snecko Eye":0,"Mark of Pain":19,"ReplayTheSpireMod:Lightbulb":102}],"Burning Blood":48},"card_choices":[{"not_picked":["Flex","Havoc"],"picked":"Disarm","floor":1},{"not_picked":["Run Through","Headbutt"],"picked":"Body Slam","floor":4},{"not_picked":["Blood for Blood","Burning Pact"],"picked":"Shrug It Off","floor":5},{"not_picked":["Anger","Replay:Undeath\u0027s Touch"],"picked":"Battle Trance","floor":6},{"not_picked":["Dropkick","Clash","Havoc"],"picked":"SKIP","floor":8},{"not_picked":["Spot Weakness","Headbutt"],"picked":"Double Tap","floor":10},{"not_picked":["Pommel Strike","ReplayTheSpireMod:Strike From Hell","Wild Strike"],"picked":"SKIP","floor":12},{"not_picked":["Perfected Strike","Cleave"],"picked":"True Grit","floor":14}],"player_experience":392776,"relics_obtained":[{"floor":6,"key":"HornCleat"},{"floor":9,"key":"Replay:Bottled Snecko"},{"floor":10,"key":"ReplayTheSpireMod:Lightbulb"},{"floor":14,"key":"Potion Belt"}],"event_choices":[{"cards_removed":["Strike_R"],"damage_healed":0,"gold_gain":0,"player_choice":"Purged","damage_taken":0,"max_hp_gain":0,"max_hp_loss":0,"event_name":"Purifier","floor":2,"gold_loss":0}],"is_beta":false,"boss_relics":[],"items_purged_floors":[],"is_endless":false,"potions_floor_spawned":[4,8,10,14],"killed_by":"Hexaghost","ascension_level":1}}