{"host":"Doisman","time":1614400209,"event":{"mods":["AchievementEnabler","BaseMod","Better Note","Curses Come First","Minty Spire (QoL Compilation)","Permanent Neow","Quick Restart","Relic Stats","Replay The Spire","StSLib","slay the spire mod where everything is the same but ironclad has a cowboy hat"],"gold_per_floor":[144,189,189,19,64,64,154,154,179,269,219,219,39,84,84,384,384,284,284],"floor_reached":18,"language":"ENG","playtime":907,"items_purged":["Strike_B","Strike_B"],"score":168,"play_id":"42aaaf2a-30b1-4c7f-ba65-08f942b49d64","local_time":"20210226223009","daily_mods":["Cursed Run","Diverse","Midas"],"is_ascension_mode":false,"campfire_choices":[{"floor":6,"key":"REST"},{"floor":8,"key":"REST"},{"floor":15,"key":"REST"}],"circlet_count":0,"master_deck":["Strike_B","Defend_B","Defend_B","Defend_B","ReplayTheSpireMod:Uncanny Aura","Evaluate","Clumsy","ThirdEye","Dark Shackles","ReplayUltimateDefense","CommonCold","Fiend Fire"],"relics":["Cursed Key","Darkstone Periapt","Du-Vu Doll","Letter Opener","Anchor","Replay:Wax Seal","Replay:Drink Me"],"acts_visited":["Exordium","TheCity"],"potions_floor_usage":[16,18],"damage_taken":[{"damage":0,"enemies":"Small Slimes","floor":1,"turns":4},{"damage":0,"enemies":"Cultist","floor":2,"turns":3},{"damage":1,"enemies":"2 Louse","floor":5,"turns":3},{"damage":17,"enemies":"3 Sentries","floor":7,"turns":8},{"damage":3,"enemies":"Replay:BlueRogue","floor":10,"turns":5},{"damage":0,"enemies":"Large Slime","floor":14,"turns":7},{"damage":27,"enemies":"Hexaghost","floor":16,"turns":15},{"damage":4,"enemies":"Shell Parasite","floor":18,"turns":7}],"seed_played":"-2463471341485849212","potions_obtained":[{"floor":1,"key":"ColorlessPotion"},{"floor":14,"key":"Reflective Coating"},{"floor":16,"key":"Energy Potion"}],"is_trial":false,"path_per_floor":["M","M","?","$","M","R","E","R","T","E","?","?","$","M","R","B",null,"M"],"character_chosen":"DEFECT","items_purchased":["ReplayTheSpireMod:Uncanny Aura","ReplayUltimateDefense"],"campfire_rested":3,"item_purchase_floors":[4,13],"current_hp_per_floor":[75,75,75,75,74,75,58,75,81,78,78,78,84,84,87,66,70,66,66],"gold":284,"neow_bonus":"","is_daily":true,"chose_seed":false,"campfire_upgraded":0,"win_rate":0.0,"timestamp":1614400209,"path_taken":["M","M","?","$","M","R","E","R","T","E","?","?","$","?","R","BOSS","M"],"items_purchased_type":["Card","Card"],"build_version":"2020-12-18","purchased_purges":2,"victory":false,"max_hp_per_floor":[75,75,75,75,75,75,75,75,81,81,81,81,87,87,87,93,70,70,70],"relic_stats":{"Darkstone Periapt":18,"counters":[8,52],"Letter Opener":[92],"Cursed Key":1,"obtain_stats":[{"Darkstone Periapt":0,"Du-Vu Doll":0,"Anchor":9,"Letter Opener":7,"Replay:Wax Seal":10,"Cursed Key":0,"Replay:Drink Me":17},{"Darkstone Periapt":0,"Du-Vu Doll":0,"Anchor":4,"Letter Opener":4,"Replay:Wax Seal":5,"Cursed Key":0,"Replay:Drink Me":7},{"Darkstone Periapt":0,"Du-Vu Doll":0,"Anchor":18,"Letter Opener":18,"Replay:Wax Seal":23,"Cursed Key":0,"Replay:Drink Me":45}]},"card_choices":[{"not_picked":["BasicCrystalCard","Skim"],"picked":"Infernal Blade","floor":1},{"not_picked":["Replay:AtTheReady","Worship","Prepared"],"picked":"SKIP","floor":2},{"not_picked":["Fusion","WreathOfFlame"],"picked":"Evaluate","floor":5},{"not_picked":["Finisher","Wild Strike","Heavy Blade"],"picked":"SKIP","floor":7},{"not_picked":["Redo","Vengeance"],"picked":"ThirdEye","floor":10},{"not_picked":["Masterful Stab","Beam Cell","Carnage"],"picked":"SKIP","floor":14},{"not_picked":["Corruption","Establishment"],"picked":"Fiend Fire","floor":16}],"player_experience":803578,"relics_obtained":[{"floor":7,"key":"Letter Opener"},{"floor":9,"key":"Anchor"},{"floor":10,"key":"Replay:Wax Seal"}],"event_choices":[{"cards_removed":["Strike_B"],"damage_healed":0,"gold_gain":0,"player_choice":"Card Removal","damage_taken":0,"max_hp_gain":0,"max_hp_loss":0,"event_name":"The Cleric","floor":11,"gold_loss":50},{"damage_healed":0,"gold_gain":0,"player_choice":"1 cards matched","damage_taken":0,"max_hp_gain":0,"max_hp_loss":0,"event_name":"Match and Keep!","floor":12,"gold_loss":0,"cards_obtained":["Dark Shackles"]}],"is_beta":true,"boss_relics":[{"not_picked":["Snecko Heart","SacredBark"],"picked":"Replay:Drink Me"}],"items_purged_floors":[4,13],"is_endless":false,"potions_floor_spawned":[1,14,16],"killed_by":"Shell Parasite","ascension_level":0}}