{"host":"6xghz2lkudss8si6","time":1614425643,"event":{"mods":["AchievementEnabler","BaseMod","Colored Map","DeckTracker","Minty Spire (QoL Compilation)","Quick Restart","StSLib","SuperFastMode"],"gold_per_floor":[109,109,109,122,145,145,145,145,225,225,252,252,282,341,341,444,444,457,348,348,174,174,174,174,174,174,208,208,227,253,267,267,369,369,389,11,22,22,72,72,100,114,141,89,89,106,55,69,69,69],"floor_reached":51,"language":"KOR","playtime":2634,"items_purged":["Defend_B","Strike_B","Shame"],"score":1293,"play_id":"eaadef53-6553-4891-ae01-3db0b7671808","local_time":"20210227203403","is_ascension_mode":true,"campfire_choices":[{"data":"Glacier","floor":6.0,"key":"SMITH"},{"data":"Dualcast","floor":8.0,"key":"SMITH"},{"data":"Zap","floor":10.0,"key":"SMITH"},{"data":"Barrage","floor":15.0,"key":"SMITH"},{"floor":23,"key":"REST"},{"data":"J.A.X.","floor":25,"key":"SMITH"},{"floor":28,"key":"REST"},{"floor":32,"key":"REST"},{"data":"Consume","floor":40,"key":"SMITH"},{"data":"Go for the Eyes","floor":45,"key":"SMITH"},{"floor":49,"key":"REST"}],"circlet_count":0,"master_deck":["AscendersBane","Strike_B+1","Defend_B","Defend_B","Defend_B","Zap+1","Dualcast+1","Glacier+1","Beam Cell","Capacitor+1","Barrage+1","Go for the Eyes+1","Thunder Strike","Chill","Self Repair","Gash","J.A.X.+1","Barrage+1","Cold Snap+1","Core Surge","Ball Lightning","Consume+1","Chill","Regret","Seek"],"relics":["Runic Pyramid","FossilizedHelix","Juzu Bracelet","Pear","Boot","Strawberry","Darkstone Periapt","Cursed Key","CaptainsWheel","StoneCalendar","Oddly Smooth Stone","Lantern","Inserter","Kunai","Ginger","Bottled Tornado","Omamori"],"acts_visited":["Exordium","TheCity","TheBeyond"],"potions_floor_usage":[27,27,37,50,50,50],"damage_taken":[{"damage":7.0,"enemies":"Jaw Worm","floor":1.0,"turns":3.0},{"damage":0.0,"enemies":"Small Slimes","floor":4.0,"turns":4.0},{"damage":0.0,"enemies":"Lagavulin","floor":11.0,"turns":7.0},{"damage":2.0,"enemies":"3 Sentries","floor":13.0,"turns":11.0},{"damage":0.0,"enemies":"3 Sentries","floor":14.0,"turns":10.0},{"damage":0,"enemies":"Slime Boss","floor":16,"turns":8},{"damage":13,"enemies":"3 Byrds","floor":18,"turns":5},{"damage":60,"enemies":"Slavers","floor":27,"turns":8},{"damage":2,"enemies":"Spheric Guardian","floor":29,"turns":6},{"damage":26,"enemies":"Snecko","floor":31,"turns":6},{"damage":42,"enemies":"Automaton","floor":33,"turns":8},{"damage":0,"enemies":"3 Shapes","floor":35,"turns":7},{"damage":0,"enemies":"3 Darklings","floor":37,"turns":7},{"damage":0,"enemies":"Mind Bloom Boss Battle","floor":39,"turns":7},{"damage":0,"enemies":"Giant Head","floor":41,"turns":8},{"damage":10,"enemies":"Sphere and 2 Shapes","floor":42,"turns":7},{"damage":29,"enemies":"4 Shapes","floor":46,"turns":7},{"damage":15,"enemies":"Jaw Worm Horde","floor":48,"turns":6},{"damage":11,"enemies":"Awakened One","floor":50,"turns":8}],"seed_played":"-3655334131167218993","potions_obtained":[{"floor":1.0,"key":"GamblersBrew"},{"floor":11.0,"key":"Ancient Potion"},{"floor":18,"key":"Energy Potion"},{"floor":27,"key":"Swift Potion"},{"floor":39,"key":"Explosive Potion"},{"floor":42,"key":"CultistPotion"}],"is_trial":false,"path_per_floor":["M","?","?","M","T","R","?","R","T","R","E","?","E","?","R","B",null,"M","$","?","$","?","R","?","R","T","E","R","M","T","M","R","B",null,"M","$","M","?","?","R","E","M","T","$","R","M","$","M","R","B",null],"character_chosen":"DEFECT","items_purchased":["Self Repair","PowerPotion","Gash","Kunai","SteroidPotion","FocusPotion"],"campfire_rested":4,"item_purchase_floors":[19,21,21,36,44,47],"current_hp_per_floor":[61,49,42,42,42,42,42,42,52,52,52,35,40,40,40,40,79,66,66,66,66,48,77,77,77,83,30,60,65,71,45,77,42,92,99,99,106,106,109,109,109,106,112,112,112,90,90,82,115,111],"gold":69,"neow_bonus":"BOSS_RELIC","is_daily":false,"chose_seed":false,"campfire_upgraded":7,"win_rate":0.0,"timestamp":1614425643,"path_taken":["M","?","?","M","?","R","?","R","T","R","E","?","E","?","R","BOSS","M","$","?","$","?","R","?","R","T","E","R","M","?","M","R","BOSS","M","$","M","?","?","R","E","M","T","$","R","M","$","M","R","BOSS"],"items_purchased_type":["Card","Potion","Card","Relic","Potion","Potion"],"build_version":"2020-12-22","purchased_purges":3,"victory":true,"max_hp_per_floor":[75,75,75,75,75,75,75,75,85,85,85,85,92,92,92,92,92,92,92,92,92,97,97,97,97,103,103,103,103,109,109,109,109,109,109,109,109,109,109,109,109,109,115,115,115,115,115,115,115,115],"card_choices":[{"not_picked":["Doom and Gloom","Undo"],"picked":"Glacier","floor":1.0},{"not_picked":["Compile Driver","White Noise"],"picked":"Beam Cell","floor":4.0},{"not_picked":["Fission","Redo"],"picked":"Capacitor","floor":11.0},{"not_picked":["Fusion","Undo"],"picked":"Barrage","floor":13.0},{"not_picked":["Recycle","Beam Cell"],"picked":"Go for the Eyes","floor":14.0},{"not_picked":["Hyperbeam","Fission"],"picked":"Thunder Strike","floor":16},{"not_picked":["Streamline","Auto Shields"],"picked":"Chill","floor":18},{"not_picked":["Hologram","Reinforced Body","Turbo+1"],"picked":"SKIP","floor":27},{"not_picked":["Consume","Darkness"],"picked":"Barrage+1","floor":29},{"not_picked":["Hologram+1","Coolheaded"],"picked":"Cold Snap+1","floor":31},{"not_picked":["All For One","Thunder Strike"],"picked":"Core Surge","floor":33},{"not_picked":["Self Repair+1","Heatsinks"],"picked":"Ball Lightning","floor":35},{"not_picked":["Sweeping Beam","Aggregate","Turbo+1"],"picked":"SKIP","floor":37},{"not_picked":["Go for the Eyes","Loop+1"],"picked":"Consume","floor":39},{"not_picked":["Turbo","Ball Lightning","Double Energy"],"picked":"SKIP","floor":41},{"not_picked":["Lockon","Go for the Eyes"],"picked":"Chill","floor":42},{"not_picked":["Auto Shields","Hologram+1","Steam+1"],"picked":"SKIP","floor":46},{"not_picked":["Go for the Eyes+1","Static Discharge+1"],"picked":"Seek","floor":48}],"player_experience":268705,"relics_obtained":[{"floor":5.0,"key":"Juzu Bracelet"},{"floor":9.0,"key":"Pear"},{"floor":11.0,"key":"Boot"},{"floor":13.0,"key":"Strawberry"},{"floor":26,"key":"StoneCalendar"},{"floor":27,"key":"Oddly Smooth Stone"},{"floor":30,"key":"Lantern"},{"floor":39,"key":"Ginger"},{"floor":41,"key":"Bottled Tornado"},{"floor":43,"key":"Omamori"}],"event_choices":[{"damage_healed":0.0,"max_hp_gain":0.0,"max_hp_loss":0.0,"gold_gain":0.0,"event_name":"Scrap Ooze","player_choice":"Success","floor":2.0,"gold_loss":0.0,"damage_taken":12.0,"relics_obtained":["FossilizedHelix"]},{"cards_removed":["Strike_B"],"damage_healed":0.0,"max_hp_gain":0.0,"max_hp_loss":0.0,"gold_gain":0.0,"event_name":"Golden Wing","player_choice":"Card Removal","floor":3.0,"gold_loss":0.0,"damage_taken":7.0},{"cards_removed":["Strike_B"],"damage_healed":0.0,"max_hp_gain":0.0,"max_hp_loss":0.0,"gold_gain":0.0,"event_name":"Bonfire Elementals","player_choice":"Offered Basic","floor":7.0,"gold_loss":0.0,"damage_taken":0.0},{"damage_healed":0.0,"max_hp_gain":0.0,"max_hp_loss":0.0,"gold_gain":0.0,"event_name":"Shining Light","player_choice":"Entered Light","floor":12.0,"gold_loss":0.0,"damage_taken":17.0,"cards_upgraded":["Strike_B","Capacitor"]},{"damage_healed":0.0,"max_hp_gain":0.0,"max_hp_loss":0.0,"gold_gain":30.0,"event_name":"Dead Adventurer","player_choice":"Searched \u00273\u0027 times","floor":14.0,"gold_loss":0.0,"damage_taken":0.0,"relics_obtained":["Darkstone Periapt"]},{"damage_healed":0,"gold_gain":0,"player_choice":"Opened","damage_taken":0,"relics_obtained":["CaptainsWheel"],"max_hp_gain":0,"max_hp_loss":0,"event_name":"The Mausoleum","floor":20,"gold_loss":0},{"damage_healed":0,"gold_gain":0,"player_choice":"Shed Blood","damage_taken":23,"max_hp_gain":5,"max_hp_loss":0,"event_name":"Forgotten Altar","floor":22,"gold_loss":0},{"damage_healed":0,"gold_gain":0,"player_choice":"Obtain J.A.X.","damage_taken":0,"max_hp_gain":0,"max_hp_loss":0,"event_name":"Drug Dealer","floor":24,"gold_loss":0,"cards_obtained":["J.A.X."]},{"cards_removed":["Clumsy"],"damage_healed":0,"gold_gain":0,"player_choice":"Removed Curses","damage_taken":0,"max_hp_gain":0,"max_hp_loss":0,"event_name":"Fountain of Cleansing","floor":38,"gold_loss":0},{"damage_healed":0,"gold_gain":0,"player_choice":"Fight","damage_taken":0,"max_hp_gain":0,"max_hp_loss":0,"event_name":"MindBloom","floor":39,"gold_loss":0}],"is_beta":false,"boss_relics":[{"not_picked":["Runic Dome","Snecko Eye"],"picked":"Cursed Key"},{"not_picked":["Coffee Dripper","Fusion Hammer"],"picked":"Inserter"}],"items_purged_floors":[19,21,36],"is_endless":false,"potions_floor_spawned":[1,11,18,27,39,42],"ascension_level":10}}