{"host":"30t73aj4w3oq1hk8","time":1614405674,"event":{"mods":["BaseMod","Colored Map","Colored Powertips","Minty Spire (QoL Compilation)","Random Character Button","StSLib"],"gold_per_floor":[109,121,71,71,83,114,114,145,145,99,114,114,128,145,145,246,246,258,258,62,6,0,0,35,35,35,67,85,185,219,230,230,333,333,345,357,357,377,377,402,402,402,470,158,158,158,158,207,207,207],"floor_reached":51,"language":"ENG","playtime":2161,"items_purged":["Injury"],"score":937,"play_id":"e8fb5297-0f39-43cc-8101-00107465e9bf","local_time":"20210227010114","is_ascension_mode":true,"campfire_choices":[{"floor":15,"key":"REST"},{"data":"Echo Form","floor":23,"key":"SMITH"},{"data":"Dualcast","floor":25,"key":"SMITH"},{"floor":32,"key":"REST"},{"floor":42,"key":"RECALL"},{"floor":45,"key":"REST"},{"data":"Electrodynamics","floor":47,"key":"SMITH"},{"floor":49,"key":"REST"}],"circlet_count":0,"master_deck":["Strike_B+1","Strike_B+1","Defend_B+1","Defend_B+1","Defend_B+1","Defend_B+1","Zap","Dualcast+1","Electrodynamics+1","Defragment+1","Capacitor","Cold Snap","Undo+1","Parasite","BootSequence+1","Force Field+1","White Noise+1","Fusion+1","Echo Form+1","Defragment+1","Coolheaded+1","Stack+1","Chill+1","Stack+1","Hologram+1","Reboot+1","Ball Lightning","Discovery+1","Chaos+1","Melter","Rainbow+1","Self Repair","Enlightenment+1","Self Repair"],"relics":["Cracked Core","MealTicket","Toxic Egg 2","Peace Pipe","Juzu Bracelet","Sozu","DollysMirror","Ornamental Fan","Gambling Chip","Anchor","WingedGreaves","Dead Branch","Gremlin Horn","Strawberry","Cursed Key","Akabeko","Cables","Kunai","Runic Capacitor","Emotion Chip"],"acts_visited":["Exordium","TheCity","TheBeyond"],"potions_floor_usage":[16,16,24],"damage_taken":[{"damage":9,"enemies":"Small Slimes","floor":1,"turns":2},{"damage":0,"enemies":"2 Louse","floor":2,"turns":1},{"damage":7,"enemies":"Jaw Worm","floor":5,"turns":3},{"damage":29,"enemies":"Gremlin Nob","floor":6,"turns":4},{"damage":22,"enemies":"Lagavulin","floor":8,"turns":7},{"damage":0,"enemies":"2 Fungi Beasts","floor":11,"turns":2},{"damage":6,"enemies":"Exordium Thugs","floor":13,"turns":4},{"damage":0,"enemies":"3 Louse","floor":14,"turns":3},{"damage":0,"enemies":"The Guardian","floor":16,"turns":10},{"damage":10,"enemies":"Shell Parasite","floor":18,"turns":6},{"damage":11,"enemies":"Gremlin Leader","floor":24,"turns":4},{"damage":3,"enemies":"Slavers","floor":27,"turns":3},{"damage":0,"enemies":"Chosen","floor":28,"turns":7},{"damage":0,"enemies":"Colosseum Slavers","floor":29,"turns":4},{"damage":3,"enemies":"Colosseum Nobs","floor":29,"turns":5},{"damage":2,"enemies":"Gremlin Leader","floor":30,"turns":5},{"damage":0,"enemies":"Centurion and Healer","floor":31,"turns":5},{"damage":4,"enemies":"Champ","floor":33,"turns":11},{"damage":0,"enemies":"Orb Walker","floor":35,"turns":4},{"damage":0,"enemies":"3 Shapes","floor":36,"turns":4},{"damage":31,"enemies":"Writhing Mass","floor":38,"turns":7},{"damage":4,"enemies":"Reptomancer","floor":40,"turns":5},{"damage":67,"enemies":"2 Orb Walkers","floor":48,"turns":6},{"damage":31,"enemies":"Awakened One","floor":50,"turns":13}],"seed_played":"236922373285725360","potions_obtained":[{"floor":2,"key":"Dexterity Potion"},{"floor":14,"key":"Fire Potion"},{"floor":16,"key":"EssenceOfSteel"}],"is_trial":false,"path_per_floor":["M","M","?","?","M","E","?","E","T","?","M","?","M","M","R","B",null,"M","?","$","?","?","R","E","R","T","E","M","?","E","M","R","B",null,"M","M","?","M","?","E","?","R","T","$","R","?","R","?","R","B",null],"character_chosen":"DEFECT","items_purchased":["DollysMirror","Coolheaded+1","Runic Capacitor","Enlightenment+1"],"campfire_rested":4,"item_purchase_floors":[20,20,44,44],"current_hp_per_floor":[66,66,66,48,41,12,30,8,8,8,8,8,2,2,24,24,75,65,65,75,75,75,75,64,64,64,61,61,58,63,63,82,78,82,82,82,82,51,51,47,47,47,47,62,82,82,82,29,53,22],"gold":207,"neow_bonus":"ONE_RANDOM_RARE_CARD","is_daily":false,"chose_seed":false,"campfire_upgraded":3,"win_rate":0.0,"timestamp":1614405674,"path_taken":["M","M","?","?","M","E","?","E","T","?","M","?","M","M","R","BOSS","M","?","$","?","?","R","E","R","T","E","M","?","E","M","R","BOSS","M","M","?","M","?","E","?","R","T","$","R","?","R","?","R","BOSS"],"items_purchased_type":["Relic","Card","Relic","Card"],"build_version":"2020-12-22","purchased_purges":1,"victory":true,"max_hp_per_floor":[75,75,75,75,75,75,75,75,75,75,75,75,75,75,75,75,75,75,75,75,75,75,75,75,75,75,75,75,75,82,82,82,82,82,82,82,82,82,82,82,82,82,82,82,82,82,82,82,82,82],"card_choices":[{"not_picked":["Redo","Sunder"],"picked":"Defragment","floor":1},{"not_picked":["Barrage","Rebound"],"picked":"Capacitor","floor":2},{"not_picked":["Blizzard","Rebound"],"picked":"Cold Snap","floor":5},{"not_picked":["Rip and Tear","Compile Driver"],"picked":"Undo+1","floor":6},{"not_picked":["Cold Snap","Seek+1"],"picked":"BootSequence+1","floor":8},{"not_picked":["Redo+1","Cold Snap"],"picked":"Force Field+1","floor":11},{"not_picked":["Aggregate+1","Self Repair"],"picked":"White Noise+1","floor":13},{"not_picked":["Gash","Tempest+1"],"picked":"Fusion+1","floor":14},{"not_picked":["Reboot+1","Buffer"],"picked":"Echo Form","floor":16},{"not_picked":["Ball Lightning","Turbo+1","Barrage+1"],"picked":"SKIP","floor":18},{"not_picked":["Buffer","Chaos+1"],"picked":"Stack+1","floor":24},{"not_picked":["Fusion+1","Turbo+1","Rebound"],"picked":"SKIP","floor":27},{"not_picked":["Capacitor","Force Field+1"],"picked":"Chill+1","floor":28},{"not_picked":["Static Discharge","Beam Cell"],"picked":"Stack+1","floor":29},{"not_picked":["Gash","Lockon+1"],"picked":"Hologram+1","floor":30},{"not_picked":["Fusion+1","Cold Snap","Gash+1"],"picked":"SKIP","floor":31},{"not_picked":["Machine Learning","Rainbow+1"],"picked":"Reboot+1","floor":33},{"not_picked":["Sweeping Beam","Undo+1"],"picked":"Ball Lightning","floor":35},{"not_picked":["Stack+1","Steam+1","Cold Snap"],"picked":"SKIP","floor":36},{"not_picked":["Good Instincts+1","Bandage Up+1"],"picked":"Discovery+1","floor":37},{"not_picked":["Rebound","FTL+1"],"picked":"Chaos+1","floor":38},{"not_picked":["Heatsinks","Hologram+1"],"picked":"Self Repair","floor":40},{"not_picked":["Hello World","Fusion+1"],"picked":"Self Repair","floor":48}],"player_experience":752182,"relics_obtained":[{"floor":6,"key":"Toxic Egg 2"},{"floor":8,"key":"Peace Pipe"},{"floor":9,"key":"Juzu Bracelet"},{"floor":24,"key":"Gambling Chip"},{"floor":26,"key":"Anchor"},{"floor":27,"key":"WingedGreaves"},{"floor":29,"key":"Dead Branch"},{"floor":29,"key":"Gremlin Horn"},{"floor":30,"key":"Strawberry"},{"floor":40,"key":"Akabeko"},{"floor":41,"key":"Cables"},{"floor":43,"key":"Kunai"},{"floor":48,"key":"Emotion Chip"}],"event_choices":[{"cards_removed":["Strike_B"],"damage_healed":0,"gold_gain":0,"player_choice":"Card Removal","damage_taken":0,"max_hp_gain":0,"max_hp_loss":0,"event_name":"The Cleric","floor":3,"gold_loss":50},{"damage_healed":0,"gold_gain":0,"player_choice":"Success","damage_taken":18,"relics_obtained":["MealTicket"],"max_hp_gain":0,"max_hp_loss":0,"event_name":"Scrap Ooze","floor":4,"gold_loss":0},{"damage_healed":18,"gold_gain":0,"player_choice":"Healed and dodged fight","damage_taken":0,"max_hp_gain":0,"max_hp_loss":0,"event_name":"Mushrooms","floor":7,"gold_loss":0,"cards_obtained":["Parasite"]},{"damage_healed":0,"gold_gain":0,"player_choice":"Left Gold","damage_taken":0,"max_hp_gain":0,"max_hp_loss":0,"event_name":"World of Goop","floor":10,"gold_loss":46},{"damage_healed":0,"gold_gain":0,"player_choice":"Upgraded","damage_taken":0,"max_hp_gain":0,"max_hp_loss":0,"event_name":"Upgrade Shrine","floor":12,"gold_loss":0,"cards_upgraded":["Defragment"]},{"damage_healed":0,"gold_gain":0,"player_choice":"Simplicity","damage_taken":0,"max_hp_gain":0,"max_hp_loss":0,"event_name":"Back to Basics","floor":19,"gold_loss":0,"cards_upgraded":["Strike_B","Strike_B","Strike_B","Defend_B","Defend_B","Defend_B","Defend_B"]},{"damage_healed":0,"gold_gain":0,"player_choice":"Paid Gold","damage_taken":0,"relics_obtained":["Ornamental Fan"],"max_hp_gain":0,"max_hp_loss":0,"event_name":"WeMeetAgain","floor":21,"gold_loss":56},{"damage_healed":0,"gold_gain":0,"player_choice":"Paid Fearfully","damage_taken":0,"max_hp_gain":0,"max_hp_loss":0,"event_name":"Masked Bandits","floor":22,"gold_loss":6},{"damage_healed":0,"gold_gain":0,"player_choice":"Fight","damage_taken":0,"max_hp_gain":0,"max_hp_loss":0,"event_name":"Colosseum","floor":29,"gold_loss":0},{"damage_healed":0,"gold_gain":0,"player_choice":"Fought Nobs","damage_taken":0,"max_hp_gain":0,"max_hp_loss":0,"event_name":"Colosseum","floor":29,"gold_loss":0},{"damage_healed":0,"gold_gain":0,"player_choice":"Memory 1","damage_taken":0,"max_hp_gain":0,"max_hp_loss":0,"event_name":"SensoryStone","floor":37,"gold_loss":0},{"damage_healed":0,"gold_gain":0,"player_choice":"2 cards matched","damage_taken":0,"max_hp_gain":0,"max_hp_loss":0,"event_name":"Match and Keep!","floor":39,"gold_loss":0,"cards_obtained":["Melter","Rainbow"]},{"damage_healed":0,"gold_gain":0,"player_choice":"Relic","damage_taken":0,"max_hp_gain":0,"max_hp_loss":0,"event_name":"Wheel of Change","floor":41,"gold_loss":0},{"cards_removed":["Strike_B"],"damage_healed":0,"gold_gain":0,"player_choice":"Removed Attack","damage_taken":0,"max_hp_gain":0,"max_hp_loss":0,"event_name":"Falling","floor":46,"gold_loss":0},{"damage_healed":0,"gold_gain":0,"player_choice":"Fight","damage_taken":0,"max_hp_gain":0,"max_hp_loss":0,"event_name":"Mysterious Sphere","floor":48,"gold_loss":0}],"is_beta":false,"boss_relics":[{"not_picked":["Tiny House","Inserter"],"picked":"Sozu"},{"not_picked":["Snecko Eye","Coffee Dripper"],"picked":"Cursed Key"}],"items_purged_floors":[44],"is_endless":false,"potions_floor_spawned":[2,14,16,27,29,29,31,33,36,40,48],"ascension_level":4}}