{"host":"or8fr2mp0k3eluj8","time":1614411516,"event":{"mods":["AchievementEnabler","BaseMod","Colored Map","DeckTracker","Keyboard Shortcuts","Minty Spire (QoL Compilation)","StSLib","SuperFastMode","everything is the same but u backflip on backflip"],"gold_per_floor":[119,139,139,64,82,82,108,183,183,183,197,215,254,254,254,361,361,389,162,181,280,309,309,309],"floor_reached":23,"language":"KOR","playtime":668,"items_purged":["Strike_B","Strike_B"],"score":221,"play_id":"1dee4d2c-a418-49b4-9a97-a1c04ae7fe57","local_time":"20210227163836","is_ascension_mode":true,"campfire_choices":[{"data":"Zap","floor":6,"key":"SMITH"},{"floor":10,"key":"REST"},{"floor":15,"key":"REST"}],"circlet_count":0,"master_deck":["Strike_B","Defend_B","Defend_B","Defend_B+1","Defend_B","Zap+1","Dualcast","Ball Lightning+1","Sweeping Beam","Cold Snap","Defragment+1","Compile Driver","Seek","Consume+1","Biased Cognition+1","Defragment+1"],"relics":["Cracked Core","NeowsBlessing","Pantograph","Frozen Egg 2","CeramicFish","Runic Pyramid"],"acts_visited":["TheCity"],"potions_floor_usage":[23],"damage_taken":[{"damage":0,"enemies":"Jaw Worm","floor":1,"turns":1},{"damage":0,"enemies":"2 Louse","floor":2,"turns":1},{"damage":0,"enemies":"Small Slimes","floor":5,"turns":1},{"damage":23,"enemies":"Lagavulin","floor":7,"turns":5},{"damage":11,"enemies":"Exordium Wildlife","floor":11,"turns":3},{"damage":0,"enemies":"Exordium Thugs","floor":12,"turns":3},{"damage":8,"enemies":"3 Sentries","floor":13,"turns":4},{"damage":15,"enemies":"The Guardian","floor":16,"turns":8},{"damage":22,"enemies":"3 Byrds","floor":18,"turns":4},{"damage":17,"enemies":"Shell Parasite","floor":20,"turns":3},{"damage":1,"enemies":"Snecko","floor":22,"turns":3},{"damage":36,"enemies":"Slavers","floor":23,"turns":2}],"seed_played":"-5784345827162865273","potions_obtained":[{"floor":5,"key":"Strength Potion"},{"floor":11,"key":"LiquidBronze"},{"floor":12,"key":"SmokeBomb"},{"floor":22,"key":"DistilledChaos"}],"is_trial":false,"path_per_floor":["M","M","?","$","M","R","E","?","T","R","M","M","E","?","R","B",null,"M","$","M","?","M","E"],"character_chosen":"DEFECT","items_purchased":["Biased Cognition+1"],"campfire_rested":2,"item_purchase_floors":[19],"current_hp_per_floor":[75,75,60,60,60,60,37,26,26,48,37,37,29,22,44,54,75,53,53,36,36,35,0,0],"gold":309,"neow_bonus":"THREE_ENEMY_KILL","is_daily":false,"chose_seed":false,"campfire_upgraded":1,"win_rate":0.0,"timestamp":1614411516,"path_taken":["M","M","?","$","M","R","E","?","T","R","M","M","E","?","R","BOSS","M","$","M","?","M","E"],"items_purchased_type":["Card"],"build_version":"2020-12-22","purchased_purges":2,"victory":false,"max_hp_per_floor":[75,75,75,75,75,75,75,75,75,75,75,75,75,75,75,75,75,75,75,75,75,75,75,75],"card_choices":[{"not_picked":["Compile Driver","Gash"],"picked":"Ball Lightning","floor":1},{"not_picked":["Leap","Blizzard","Beam Cell"],"picked":"SKIP","floor":2},{"not_picked":["Lockon","Reprogram"],"picked":"Sweeping Beam","floor":5},{"not_picked":["Barrage","Stack","BootSequence"],"picked":"SKIP","floor":7},{"not_picked":["Compile Driver","Gash"],"picked":"Cold Snap","floor":11},{"not_picked":["Consume","Coolheaded"],"picked":"Defragment+1","floor":12},{"not_picked":["Stack","Conserve Battery"],"picked":"Compile Driver","floor":13},{"not_picked":["Meteor Strike","Core Surge"],"picked":"Seek","floor":16},{"not_picked":["Doom and Gloom","Double Energy"],"picked":"Consume+1","floor":18},{"not_picked":["Turbo","FTL","Auto Shields"],"picked":"SKIP","floor":20},{"not_picked":["Conserve Battery","Rebound"],"picked":"Defragment+1","floor":22}],"player_experience":477067,"relics_obtained":[{"floor":7,"key":"Pantograph"},{"floor":9,"key":"Frozen Egg 2"},{"floor":13,"key":"CeramicFish"}],"event_choices":[{"damage_healed":0,"gold_gain":0,"player_choice":"Entered Light","damage_taken":15,"max_hp_gain":0,"max_hp_loss":0,"event_name":"Shining Light","floor":3,"gold_loss":0,"cards_upgraded":["Ball Lightning","Defend_B"]},{"damage_healed":0,"gold_gain":75,"player_choice":"Gather Gold","damage_taken":11,"max_hp_gain":0,"max_hp_loss":0,"event_name":"World of Goop","floor":8,"gold_loss":0},{"cards_removed":["Strike_B"],"damage_healed":0,"gold_gain":0,"player_choice":"Card Removal","damage_taken":7,"max_hp_gain":0,"max_hp_loss":0,"event_name":"Golden Wing","floor":14,"gold_loss":0},{"damage_healed":0,"gold_gain":99,"player_choice":"Stole From Cult","damage_taken":0,"max_hp_gain":0,"max_hp_loss":0,"event_name":"Nest","floor":21,"gold_loss":0}],"is_beta":false,"boss_relics":[{"not_picked":["Coffee Dripper","SlaversCollar"],"picked":"Runic Pyramid"}],"items_purged_floors":[4,19],"is_endless":false,"potions_floor_spawned":[5,11,12,13,22],"killed_by":"Slavers","ascension_level":2}}