{"host":"uj9w4ppfbvfw2v3t","time":1614441140,"event":{"mods":["AchievementEnabler","BaseMod","Colored Map","Colored Powertips","Keyboard Shortcuts","Minty Spire (QoL Compilation)","Quick Restart","Say the Spire","StSLib","SuperFastMode","The Cursed","Yuri Mod"],"gold_per_floor":[112,127,138,155,170,200,200,215,215,235,235,235,29,42,42,139,139,156,137,154,204,224,224,257,257,257,257,288,298,298,330,330,426,426,454,564,593,655,817,829,855,867,879,919,994,1006,1068,726,726,726,726,726,56,86,86,86],"floor_reached":55,"language":"KOR","playtime":4701,"items_purged":["TheCursedMod:Strike_TheCursed","TheCursedMod:Strike_TheCursed"],"score":998,"play_id":"dcecbc86-955f-4dcc-ad36-40f6aab82209","local_time":"20210228005220","is_ascension_mode":true,"campfire_choices":[{"data":"TheCursedMod:CircleOfFlame","floor":7.0,"key":"SMITH"},{"data":"TheCursedMod:CircleOfBlood","floor":11.0,"key":"SMITH"},{"data":"TheCursedMod:HellfireBreathing","floor":15.0,"key":"SMITH"},{"data":"TheCursedMod:VoidForm","floor":23.0,"key":"SMITH"},{"floor":25.0,"key":"REST"},{"data":"TheCursedMod:Grudge","floor":27.0,"key":"SMITH"},{"data":"TheCursedMod:CircleOfBlood","floor":30.0,"key":"SMITH"},{"data":"TheCursedMod:CleanUpWorkshop","floor":32.0,"key":"SMITH"},{"floor":40.0,"key":"REST"},{"data":"TheCursedMod:CollectTribute","floor":42.0,"key":"SMITH"},{"floor":46.0,"key":"RECALL"},{"data":"TheCursedMod:Neurasthenia","floor":49,"key":"SMITH"},{"data":"TheCursedMod:LuckyCharm","floor":52,"key":"SMITH"}],"circlet_count":0,"master_deck":["TheCursedMod:Strike_TheCursed","TheCursedMod:Strike_TheCursed","TheCursedMod:Defend_TheCursed","TheCursedMod:Defend_TheCursed","TheCursedMod:Defend_TheCursed","TheCursedMod:Defend_TheCursed","TheCursedMod:CursedWand","TheCursedMod:CleanUpWorkshop+1","TheCursedMod:Dregs","TheCursedMod:WearCloak","TheCursedMod:FuryStrike","TheCursedMod:Stigma","TheCursedMod:CircleOfFlame+1","TheCursedMod:CursedBlade","TheCursedMod:Grudge+1","TheCursedMod:CursedShiv","TheCursedMod:CircleOfBlood+1","TheCursedMod:CursedAmulet","TheCursedMod:HellfireBreathing+1","TheCursedMod:SpitefulPray","TheCursedMod:VoidForm+1","TheCursedMod:CursedArmor","TheCursedMod:CursedAmulet","TheCursedMod:Stigma","TheCursedMod:CircleOfCorruption+1","RitualDagger","TheCursedMod:CursedShiv","TheCursedMod:ShockAndAwe","TheCursedMod:CursedShiv+1","Writhe","TheCursedMod:CircleOfAmplification","TheCursedMod:SoulReap","TheCursedMod:CircleOfBlood+1","TheCursedMod:ReleasedStrength","TheCursedMod:CollectTribute+1","CurseOfTheBell","TheCursedMod:TacticalStrike","TheCursedMod:Wield+1","TheCursedMod:AshesToAshes","TheCursedMod:Wield+1","TheCursedMod:Neurasthenia+1","TheCursedMod:CursedBoomerang","TheCursedMod:Dregs","TheCursedMod:Obscuration+1","Parasite","TheCursedMod:RapidMovement+1","Thinking Ahead+1","Impatience+1","TheCursedMod:LuckyCharm+1","Blind+1","TheCursedMod:ShockAndAwe","TheCursedMod:AbyssShockwave","Dark Shackles+1","TheCursedMod:CircleOfFlame+1","TheCursedMod:Obscuration+1","TheCursedMod:NeowsMight+1"],"relics":["TheCursedMod:BlackMagic101","Pocketwatch","Smiling Mask","Kunai","SsserpentHead","Cursed Key","Dream Catcher","Letter Opener","Ornamental Fan","Toy Ornithopter","Calling Bell","MawBank","Shuriken","TheCursedMod:CrystalBall","Ginger","Toxic Egg 2","Vajra","Oddly Smooth Stone","Lantern","TheCursedMod:PinkPellets","TheCursedMod:BloodyHarpoon"],"acts_visited":["TheCity","TheBeyond","TheEnding"],"potions_floor_usage":[54,55,55],"damage_taken":[{"damage":3.0,"enemies":"Small Slimes","floor":1.0,"turns":3.0},{"damage":1.0,"enemies":"Cultist","floor":2.0,"turns":4.0},{"damage":3.0,"enemies":"Jaw Worm","floor":3.0,"turns":2.0},{"damage":4.0,"enemies":"3 Louse","floor":4.0,"turns":3.0},{"damage":8.0,"enemies":"Gremlin Gang","floor":5.0,"turns":3.0},{"damage":5.0,"enemies":"Lagavulin","floor":6.0,"turns":3.0},{"damage":14.0,"enemies":"2 Fungi Beasts","floor":8.0,"turns":3.0},{"damage":4.0,"enemies":"Blue Slaver","floor":10.0,"turns":3.0},{"damage":2.0,"enemies":"Lots of Slimes","floor":14.0,"turns":3.0},{"damage":0.0,"enemies":"Slime Boss","floor":16.0,"turns":8.0},{"damage":14.0,"enemies":"Chosen","floor":18.0,"turns":5.0},{"damage":17.0,"enemies":"2 Thieves","floor":19.0,"turns":4.0},{"damage":15.0,"enemies":"Centurion and Healer","floor":20.0,"turns":8.0},{"damage":15.0,"enemies":"Cultist and Chosen","floor":22.0,"turns":6.0},{"damage":15.0,"enemies":"Book of Stabbing","floor":24.0,"turns":5.0},{"damage":3.0,"enemies":"Gremlin Leader","floor":28.0,"turns":8.0},{"damage":6.0,"enemies":"Snake Plant","floor":29.0,"turns":4.0},{"damage":22.0,"enemies":"Book of Stabbing","floor":31.0,"turns":5.0},{"damage":46.0,"enemies":"Collector","floor":33.0,"turns":7.0},{"damage":4.0,"enemies":"Orb Walker","floor":35.0,"turns":4.0},{"damage":72.0,"enemies":"2 Orb Walkers","floor":36.0,"turns":5.0},{"damage":3.0,"enemies":"3 Shapes","floor":37.0,"turns":4.0},{"damage":6.0,"enemies":"Maw","floor":41.0,"turns":6.0},{"damage":32.0,"enemies":"Giant Head","floor":44.0,"turns":6.0},{"damage":21.0,"enemies":"Writhing Mass","floor":45.0,"turns":4.0},{"damage":32,"enemies":"Donu and Deca","floor":50,"turns":6},{"damage":32,"enemies":"Shield and Spear","floor":54,"turns":6},{"damage":81,"enemies":"The Heart","floor":55,"turns":6}],"seed_played":"6803983701828917163","potions_obtained":[{"floor":3.0,"key":"FearPotion"},{"floor":4.0,"key":"DistilledChaos"},{"floor":8.0,"key":"FearPotion"},{"floor":10.0,"key":"Dexterity Potion"},{"floor":16.0,"key":"GamblersBrew"},{"floor":19.0,"key":"SpeedPotion"},{"floor":20.0,"key":"TheCursedMod:DregsPotion"},{"floor":31.0,"key":"GamblersBrew"},{"floor":37.0,"key":"AttackPotion"},{"floor":41.0,"key":"Energy Potion"},{"floor":45.0,"key":"ColorlessPotion"}],"is_trial":false,"path_per_floor":["M","M","M","M","M","E","R","M","T","M","R","?","$","M","R","B",null,"M","M","M","?","M","R","E","R","T","R","E","M","R","E","R","B",null,"M","?","M","?","?","R","M","R","T","E","M","R","?","$","R","B",null,"R","$","E","B"],"character_chosen":"THE_CURSED","items_purchased":["TheCursedMod:CursedAmulet","TheCursedMod:HellfireBreathing","TheCursedMod:SpitefulPray","Vajra","TheCursedMod:LuckyCharm","Blind+1","Oddly Smooth Stone","Lantern","TheCursedMod:AbyssShockwave","TheCursedMod:PinkPellets","Dark Shackles+1"],"campfire_rested":2,"item_purchase_floors":[13,13,13,48,48,48,53,53,53,53,53],"current_hp_per_floor":[51,50,47,43,35,30,30,16,16,12,12,12,12,18,18,26,75,61,56,53,47,32,32,21,43,43,43,52,55,55,57,57,32,75,71,13,18,18,18,40,50,50,50,62,54,54,44,44,44,54,75,75,75,71,0,0],"gold":86,"neow_bonus":"ONE_RARE_RELIC","is_daily":false,"chose_seed":false,"campfire_upgraded":10,"win_rate":0.0,"timestamp":1614441140,"path_taken":["M","M","M","M","M","E","R","M","T","M","R","?","$","M","R","BOSS","M","M","M","?","M","R","E","R","T","R","E","M","R","E","R","BOSS","M","?","M","?","?","R","M","R","T","E","?","R","?","$","R","BOSS","R","$","E","BOSS"],"items_purchased_type":["Card","Card","Card","Relic","Card","Card","Relic","Relic","Card","Relic","Card"],"build_version":"2020-12-22","purchased_purges":2,"victory":false,"max_hp_per_floor":[75,75,75,75,75,75,75,75,75,75,75,75,75,75,75,75,75,75,75,75,75,75,75,75,75,75,75,75,75,75,75,75,75,75,75,75,75,75,75,75,75,75,75,75,75,75,75,75,75,75,75,75,75,75,75,75],"card_choices":[{"not_picked":["TheCursedMod:RavingStaff","TheCursedMod:Obscuration"],"picked":"TheCursedMod:WearCloak","floor":1.0},{"not_picked":["TheCursedMod:TacticalStrike","TheCursedMod:CursedMace"],"picked":"TheCursedMod:FuryStrike","floor":2.0},{"not_picked":["TheCursedMod:Evocation","TheCursedMod:EmpowerCircles"],"picked":"TheCursedMod:Stigma","floor":3.0},{"not_picked":["TheCursedMod:Obscuration","TheCursedMod:ManaCirculation"],"picked":"TheCursedMod:CircleOfFlame","floor":4.0},{"not_picked":["TheCursedMod:Wield","TheCursedMod:Evocation"],"picked":"TheCursedMod:CursedBlade","floor":5.0},{"not_picked":["TheCursedMod:FleshFromBone","TheCursedMod:RavingStaff"],"picked":"TheCursedMod:Grudge","floor":6.0},{"not_picked":["TheCursedMod:RapidMovement","TheCursedMod:Mangle"],"picked":"TheCursedMod:CursedShiv","floor":8.0},{"not_picked":["TheCursedMod:ReleasedKnowledge","TheCursedMod:SoulReap"],"picked":"TheCursedMod:CircleOfBlood","floor":10.0},{"not_picked":["TheCursedMod:BlessingInDisguise","TheCursedMod:SmokeScreen","TheCursedMod:CircleOfFlame"],"picked":"SKIP","floor":14.0},{"not_picked":["TheCursedMod:OutForBlood","TheCursedMod:ShockAndAwe"],"picked":"TheCursedMod:VoidForm","floor":16.0},{"not_picked":["TheCursedMod:CursedBlade","TheCursedMod:ReleasedKnowledge"],"picked":"TheCursedMod:CursedArmor","floor":18.0},{"not_picked":["TheCursedMod:CursedMace","TheCursedMod:CircleOfCorruption+1"],"picked":"TheCursedMod:CursedAmulet","floor":19.0},{"not_picked":["TheCursedMod:CircleOfFlame","TheCursedMod:SpitefulStrike"],"picked":"TheCursedMod:CircleOfCorruption+1","floor":20.0},{"not_picked":["TheCursedMod:FleshFromBone","TheCursedMod:CircleOfCorruption"],"picked":"TheCursedMod:CursedShiv","floor":22.0},{"not_picked":["TheCursedMod:Stretching","TheCursedMod:CursedMace"],"picked":"TheCursedMod:ShockAndAwe","floor":24.0},{"not_picked":["TheCursedMod:Hemoplague+1","TheCursedMod:SpreadPlague"],"picked":"TheCursedMod:CursedShiv+1","floor":25.0},{"not_picked":["TheCursedMod:RapidMovement","TheCursedMod:CircleOfFlame"],"picked":"TheCursedMod:SoulReap","floor":28.0},{"not_picked":["TheCursedMod:AshesToAshes","TheCursedMod:WearCloak"],"picked":"TheCursedMod:CircleOfBlood","floor":29.0},{"not_picked":["TheCursedMod:SmokeScreen+1","TheCursedMod:SurpriseAttack+1"],"picked":"TheCursedMod:ReleasedStrength","floor":31.0},{"not_picked":["TheCursedMod:ParallelWorld","TheCursedMod:DemonSword"],"picked":"TheCursedMod:CollectTribute","floor":33.0},{"not_picked":["TheCursedMod:Stretching+1","TheCursedMod:CircleOfFlame+1"],"picked":"TheCursedMod:Wield+1","floor":35.0},{"not_picked":["TheCursedMod:SpreadPlague","TheCursedMod:FleshFromBone"],"picked":"TheCursedMod:AshesToAshes","floor":36.0},{"not_picked":["TheCursedMod:CursedShiv","TheCursedMod:AbyssShockwave+1"],"picked":"TheCursedMod:Wield+1","floor":37.0},{"not_picked":["TheCursedMod:Wield","TheCursedMod:ManaBullet"],"picked":"TheCursedMod:Neurasthenia","floor":40.0},{"not_picked":["TheCursedMod:CircleOfFlame","TheCursedMod:CursedMace"],"picked":"TheCursedMod:CursedBoomerang","floor":41.0},{"not_picked":["TheCursedMod:CursedBlade+1","TheCursedMod:SurpriseAttack+1"],"picked":"TheCursedMod:Obscuration+1","floor":44.0},{"not_picked":["TheCursedMod:CursedRelics","TheCursedMod:CursedArmor+1"],"picked":"TheCursedMod:RapidMovement+1","floor":45.0},{"not_picked":["Madness+1","Transmutation+1"],"picked":"Thinking Ahead+1","floor":47},{"not_picked":["Panacea+1","Trip+1"],"picked":"Impatience+1","floor":47},{"not_picked":["TheCursedMod:AbyssShockwave","TheCursedMod:Stigma"],"picked":"TheCursedMod:Obscuration+1","floor":54}],"player_experience":267879,"relics_obtained":[{"floor":6.0,"key":"Smiling Mask"},{"floor":9.0,"key":"Kunai"},{"floor":24.0,"key":"Dream Catcher"},{"floor":26.0,"key":"Letter Opener"},{"floor":28.0,"key":"Ornamental Fan"},{"floor":31.0,"key":"Toy Ornithopter"},{"floor":34.0,"key":"MawBank"},{"floor":34.0,"key":"Shuriken"},{"floor":34.0,"key":"TheCursedMod:CrystalBall"},{"floor":36.0,"key":"Ginger"},{"floor":44.0,"key":"Toxic Egg 2"},{"floor":54,"key":"TheCursedMod:BloodyHarpoon"}],"event_choices":[{"damage_healed":0.0,"max_hp_gain":0.0,"max_hp_loss":0.0,"gold_gain":0.0,"event_name":"FaceTrader","player_choice":"Trade","floor":12.0,"gold_loss":0.0,"damage_taken":0.0,"relics_obtained":["SsserpentHead"]},{"damage_healed":0.0,"max_hp_gain":0.0,"max_hp_loss":0.0,"gold_gain":0.0,"event_name":"Nest","player_choice":"Joined the Cult","floor":21.0,"gold_loss":0.0,"damage_taken":6.0,"cards_obtained":["RitualDagger"]},{"damage_healed":0.0,"max_hp_gain":0.0,"max_hp_loss":0.0,"gold_gain":0.0,"event_name":"Mysterious Sphere","player_choice":"Fight","floor":36.0,"gold_loss":0.0,"damage_taken":0.0},{"damage_healed":0.0,"max_hp_gain":0.0,"max_hp_loss":0.0,"gold_gain":0.0,"event_name":"Tomb of Lord Red Mask","player_choice":"Ignored","floor":38.0,"gold_loss":0.0,"damage_taken":0.0},{"damage_healed":0.0,"max_hp_gain":0.0,"max_hp_loss":0.0,"gold_gain":100.0,"event_name":"Golden Shrine","player_choice":"Pray","floor":39.0,"gold_loss":0.0,"damage_taken":0.0},{"damage_healed":0,"gold_gain":0,"player_choice":"Memory 3","damage_taken":10,"max_hp_gain":0,"max_hp_loss":0,"event_name":"SensoryStone","floor":47,"gold_loss":0}],"is_beta":false,"boss_relics":[{"not_picked":["Snecko Eye","Philosopher\u0027s Stone"],"picked":"Cursed Key"},{"not_picked":["SlaversCollar","Busted Crown"],"picked":"Calling Bell"}],"items_purged_floors":[48,53],"is_endless":false,"potions_floor_spawned":[3,4,8,10,16,19,20,22,31,37,41,45],"killed_by":"The Heart","ascension_level":1}}