{"host":"9c9syrivwe4sfpe0","time":1614412130,"event":{"mods":["AchievementEnabler","BaseMod","Colored Powertips","DeckTracker","GifTheSpireLib","Highlight Path","Minty Spire (QoL Compilation)","Quick Restart","Random Character Button","StSLib","SuperFastMode"],"gold_per_floor":[115,290,290,46,46,66,96,96,129,141,153,165,192,228,240,252,393,405,430,461,398,68,68,68,68],"floor_reached":24,"language":"ENG","playtime":1097,"items_purged":[],"score":374,"play_id":"6b7ed092-d240-4119-afa5-eb83687d115a","local_time":"20210227184850","is_ascension_mode":true,"campfire_choices":[{"data":"Redo","floor":8,"key":"SMITH"},{"data":"Fission","floor":12,"key":"SMITH"},{"data":"Storm","floor":16,"key":"SMITH"}],"circlet_count":0,"master_deck":["Strike_B","Strike_B","Strike_B","Strike_B","Defend_B","Defend_B","Zap","Dualcast","Barrage","Static Discharge","Redo+1","Sweeping Beam","Fission+1","Defragment","Hello World","Storm+1","Creative AI","Coolheaded","Loop","Heatsinks"],"relics":["Cracked Core","NeowsBlessing","DataDisk","Mummified Hand","MawBank","Meat on the Bone","Golden Idol","Nuclear Battery","Shovel","Gremlin Horn"],"acts_visited":["Exordium","TheCity"],"potions_floor_usage":[14,17,20],"damage_taken":[{"damage":0,"enemies":"Small Slimes","floor":1,"turns":1},{"damage":0,"enemies":"Jaw Worm","floor":6,"turns":1},{"damage":0,"enemies":"3 Sentries","floor":7,"turns":1},{"damage":35,"enemies":"Lagavulin","floor":9,"turns":5},{"damage":0,"enemies":"Cultist","floor":13,"turns":3},{"damage":6,"enemies":"Looter","floor":14,"turns":2},{"damage":0,"enemies":"Slime Boss","floor":17,"turns":3},{"damage":9,"enemies":"Shell Parasite","floor":19,"turns":2},{"damage":17,"enemies":"2 Thieves","floor":20,"turns":2},{"damage":37,"enemies":"Slavers","floor":24,"turns":2}],"seed_played":"5680691036122441647","potions_obtained":[{"floor":1,"key":"Energy Potion"},{"floor":7,"key":"Ancient Potion"},{"floor":9,"key":"BlessingOfTheForge"},{"floor":19,"key":"DistilledChaos"}],"is_trial":false,"path_per_floor":["M","?","?","$","$","M","E","R","E","T","?","R","M","M","?","R","B",null,"M","M","?","$","?","E"],"character_chosen":"DEFECT","items_purchased":["DataDisk","Static Discharge","Redo","Shovel","Heatsinks"],"campfire_rested":0,"item_purchase_floors":[4,4,4,22,22],"current_hp_per_floor":[68,68,61,61,61,61,61,61,26,26,26,26,38,44,44,44,44,63,54,37,37,37,37,0,0],"gold":68,"neow_bonus":"THREE_ENEMY_KILL","is_daily":false,"chose_seed":false,"campfire_upgraded":3,"win_rate":0.0,"timestamp":1614412130,"path_taken":["M","?","?","$","$","M","E","R","E","T","?","R","M","M","?","R","BOSS","M","M","?","$","?","E"],"items_purchased_type":["Relic","Card","Card","Relic","Card"],"build_version":"2020-12-22","purchased_purges":0,"victory":false,"max_hp_per_floor":[75,75,75,75,75,75,75,75,75,75,69,69,69,69,69,69,69,69,69,69,69,69,69,69,69],"card_choices":[{"not_picked":["Scrape","Fusion"],"picked":"Barrage","floor":1},{"not_picked":["Cold Snap","Skim"],"picked":"Sweeping Beam","floor":6},{"not_picked":["Cold Snap","Turbo"],"picked":"Fission","floor":7},{"not_picked":["Scrape","Compile Driver"],"picked":"Defragment","floor":9},{"not_picked":["Darkness","Turbo"],"picked":"Hello World","floor":13},{"not_picked":["Sweeping Beam","Gash"],"picked":"Storm","floor":14},{"not_picked":["Hyperbeam","Seek"],"picked":"Creative AI","floor":17},{"not_picked":["Double Energy","Sweeping Beam"],"picked":"Coolheaded","floor":19},{"not_picked":["Go for the Eyes","Streamline"],"picked":"Loop","floor":20}],"player_experience":874096,"relics_obtained":[{"floor":7,"key":"Mummified Hand"},{"floor":9,"key":"MawBank"},{"floor":10,"key":"Meat on the Bone"}],"event_choices":[{"damage_healed":0,"gold_gain":175,"player_choice":"AGREE","damage_taken":0,"max_hp_gain":0,"max_hp_loss":0,"event_name":"Liars Game","floor":2,"gold_loss":0,"cards_obtained":["Doubt"]},{"cards_removed":["Doubt"],"damage_healed":0,"gold_gain":0,"player_choice":"Card Removal","damage_taken":7,"max_hp_gain":0,"max_hp_loss":0,"event_name":"Golden Wing","floor":3,"gold_loss":0},{"damage_healed":0,"gold_gain":0,"player_choice":"Lose Max HP","damage_taken":0,"relics_obtained":["Golden Idol"],"max_hp_gain":0,"max_hp_loss":6,"event_name":"Golden Idol","floor":11,"gold_loss":0},{"cards_removed":["Defend_B"],"damage_healed":0,"gold_gain":0,"player_choice":"Card Removal","damage_taken":0,"max_hp_gain":0,"max_hp_loss":0,"event_name":"Wheel of Change","floor":15,"gold_loss":0},{"cards_removed":["Defend_B"],"damage_healed":0,"gold_gain":0,"player_choice":"Gave Gold","damage_taken":0,"max_hp_gain":0,"max_hp_loss":0,"event_name":"Beggar","floor":21,"gold_loss":75},{"damage_healed":0,"gold_gain":0,"player_choice":"Opened","damage_taken":0,"relics_obtained":["Gremlin Horn"],"max_hp_gain":0,"max_hp_loss":0,"event_name":"The Mausoleum","floor":23,"gold_loss":0}],"is_beta":false,"boss_relics":[{"not_picked":["Ectoplasm","Calling Bell"],"picked":"Nuclear Battery"}],"items_purged_floors":[],"is_endless":false,"potions_floor_spawned":[1,7,9,19],"killed_by":"Slavers","ascension_level":7}}