{"host":"5vxoi0a3x57fg5l4","time":1614391960,"event":{"mods":["Act Like it!","BaseMod","Better Third Choice","Colored Map","GifTheSpireLib","Hallownest","Highlight Path","Minty Spire (QoL Compilation)","Permanent Neow","Quick Restart","Relic Sorter","Relic Stats","StSLib","The Bug Knight","UnlockEverythingMod"],"gold_per_floor":[113,113,125,125,52,52,87,87,140,162,209,209,236,260,260,370,370,393,303,321,321,349,387,387,410,443,398,32,32,32,59,59,170,170,199,219,240,240,240],"floor_reached":38,"language":"ENG","playtime":3397,"items_purged":["Shame"],"score":430,"play_id":"fb458ff2-adbb-44a2-8442-33c10cec2526","local_time":"20210226231240","is_ascension_mode":true,"campfire_choices":[{"floor":6.0,"key":"DIG"},{"floor":8.0,"key":"DIG"},{"floor":12.0,"key":"DIG"},{"floor":15.0,"key":"DIG"},{"data":"HollowMod:MidwifesHunger","floor":24.0,"key":"SMITH"},{"floor":29.0,"key":"DIG"},{"floor":32.0,"key":"DIG"}],"circlet_count":0,"master_deck":["HollowMod:NailStrikeStart","HollowMod:NailStrikeStart","HollowMod:NailStrikeStart","HollowMod:QuickDashStart","HollowMod:QuickDashStart","HollowMod:QuickDashStart","HollowMod:FocusHealStart","HollowMod:PogoStrike","HollowMod:PerfectDash","HollowMod:CloakDash","HollowMod:PerfectDash","HollowMod:GrimmsGift","HollowMod:InfectedAttack","HollowMod:HowlingWraiths","HollowMod:NewInfectedGuardian","HollowMod:MidwifesHunger+1","HollowMod:CornifersMapStart","HollowMod:CornifersMapStart","HollowMod:MonarchWings","HollowMod:SoulStrike+1","HollowMod:InfectedCysts","HollowMod:MonomonsArchive","Sadistic Nature","HollowMod:MothsMistake","HollowMod:InfectedCysts","HollowMod:CrystalDash+1","HollowMod:ElderbugsWisdom","HollowMod:GoodIntentions","HollowMod:SoulVessel+1","HollowMod:CrystalDash+1"],"relics":["HollowMod:VesselMask","Hallownest:StagBellRelic1","Shovel","Hallownest:DreamNailRelic","Incense Burner","Ornamental Fan","CeramicFish","Orichalcum","Thread and Needle","Ancient Tea Set","Cursed Key","Happy Flower","HollowMod:KingsBrand","Mercury Hourglass","Vajra","SlaversCollar"],"acts_visited":["Hallownest:Greenpath","Hallownest:CityofTears","Hallownest:KingdomsEdge"],"potions_floor_usage":[],"damage_taken":[{"damage":20.0,"enemies":"Hallownest:2_Tiktiks_and_1_Crawlid","floor":1.0,"turns":4.0},{"damage":4.0,"enemies":"Hallownest:monsterHuskGuard","floor":3.0,"turns":4.0},{"damage":38.0,"enemies":"Hallownest:eliteMossKnight","floor":7.0,"turns":13.0},{"damage":0.0,"enemies":"Hallownest:2_Baldur","floor":10.0,"turns":5.0},{"damage":8.0,"enemies":"Hallownest:monsterFoolEater","floor":13.0,"turns":3.0},{"damage":3.0,"enemies":"Hallownest:1_Baldur_1_Crawlid_1_Warrior","floor":14.0,"turns":5.0},{"damage":5.0,"enemies":"Hallownest:BossFalseKnight","floor":16.0,"turns":4.0},{"damage":0.0,"enemies":"Hallownest:Guard_and_Sentry","floor":18.0,"turns":5.0},{"damage":5.0,"enemies":"Hallownest:2_Mistakes","floor":22.0,"turns":11.0},{"damage":15.0,"enemies":"Hallownest:Nosk","floor":23.0,"turns":9.0},{"damage":11.0,"enemies":"Hallownest:monsterShrumalOgre","floor":25.0,"turns":3.0},{"damage":0.0,"enemies":"Hallownest:monsterMisterMushroom","floor":31.0,"turns":2.0},{"damage":22.0,"enemies":"Hallownest:BossGrimm","floor":33.0,"turns":7.0},{"damage":13.0,"enemies":"Hallownest:2_Littles","floor":35.0,"turns":5.0},{"damage":6.0,"enemies":"Hallownest:Shield_Heavy","floor":36.0,"turns":4.0},{"damage":30,"enemies":"Hallownest:Shield_Sturdy","floor":37,"turns":5},{"damage":28,"enemies":"Hallownest:monsterPrimalAspid","floor":38,"turns":4}],"seed_played":"-7913677911085311362","potions_obtained":[{"floor":7.0,"key":"BlessingOfTheForge"},{"floor":13.0,"key":"LiquidMemories"},{"floor":14.0,"key":"ColorlessPotion"},{"floor":23.0,"key":"Weak Potion"},{"floor":25.0,"key":"Swift Potion"},{"floor":33.0,"key":"SpeedPotion"},{"floor":36.0,"key":"Fruit Juice"}],"is_trial":false,"path_per_floor":["M","?","M","?","$","R","E","R","T","M","?","R","?","M","R","B",null,"M","?","?","$","M","E","R","M","T","?","$","R","?","M","R","B",null,"M","M","M","M"],"character_chosen":"THE_BUGKNIGHT","items_purchased":["HollowMod:PerfectDash","Sadistic Nature","HollowMod:MothsMistake","HollowMod:InfectedCysts"],"campfire_rested":0,"item_purchase_floors":[5,28,28,28],"current_hp_per_floor":[58,58,54,54,54,54,28,28,28,38,38,38,36,39,39,34,61,61,61,61,61,56,41,41,30,30,30,30,30,44,44,44,22,61,48,47,17,0,0],"gold":240,"neow_bonus":"ONE_RARE_RELIC","is_daily":false,"chose_seed":false,"campfire_upgraded":1,"win_rate":0.0,"timestamp":1614391960,"path_taken":["M","?","M","?","?","R","E","R","T","M","?","R","?","M","R","BOSS","M","?","?","$","?","E","R","M","T","?","$","R","?","M","R","BOSS","M","M","M","M"],"items_purchased_type":["Card","Card","Card","Card"],"build_version":"2020-12-22","purchased_purges":1,"victory":false,"max_hp_per_floor":[68,68,68,61,61,61,61,61,61,61,61,61,61,61,61,61,61,61,61,61,61,61,61,61,61,61,61,61,61,61,61,61,61,61,61,66,66,66,66],"relic_stats":{"Shovel":6,"Happy Flower":[10],"counters":[17,93],"Ornamental Fan":[100],"CeramicFish":171,"Orichalcum":[132],"Cursed Key":1,"obtain_stats":[{"Hallownest:StagBellRelic1":19,"Happy Flower":23,"CeramicFish":8,"Vajra":32,"HollowMod:VesselMask":0,"Thread and Needle":12,"Hallownest:DreamNailRelic":2,"Incense Burner":6,"Orichalcum":9,"Ancient Tea Set":15,"Cursed Key":17,"HollowMod:KingsBrand":26,"Mercury Hourglass":29,"SlaversCollar":34,"Shovel":0,"Ornamental Fan":7},{"Hallownest:StagBellRelic1":8,"Happy Flower":10,"CeramicFish":3,"Vajra":12,"HollowMod:VesselMask":0,"Thread and Needle":4,"Hallownest:DreamNailRelic":1,"Incense Burner":2,"Orichalcum":3,"Ancient Tea Set":6,"Cursed Key":7,"HollowMod:KingsBrand":11,"Mercury Hourglass":11,"SlaversCollar":13,"Shovel":0,"Ornamental Fan":3},{"Hallownest:StagBellRelic1":43,"Happy Flower":63,"CeramicFish":21,"Vajra":68,"HollowMod:VesselMask":0,"Thread and Needle":26,"Hallownest:DreamNailRelic":4,"Incense Burner":8,"Orichalcum":21,"Ancient Tea Set":34,"Cursed Key":38,"HollowMod:KingsBrand":66,"Mercury Hourglass":66,"SlaversCollar":75,"Shovel":0,"Ornamental Fan":21}],"Mercury Hourglass":[72]},"card_choices":[{"not_picked":["HollowMod:LifebloodCocoon","HollowMod:SoulEater"],"picked":"HollowMod:PerfectDash","floor":1.0},{"not_picked":["HollowMod:SharpenedShadows","HollowMod:BlackTendrils"],"picked":"HollowMod:CloakDash","floor":3.0},{"not_picked":["HollowMod:NewGlowingWomb","HollowMod:DoubleDash"],"picked":"HollowMod:GrimmsGift","floor":7.0},{"not_picked":["HollowMod:ShadowDash","HollowMod:NewGlowingWomb"],"picked":"HollowMod:InfectedAttack","floor":10.0},{"not_picked":["HollowMod:SoulShaman","HollowMod:SoulVessel"],"picked":"HollowMod:HowlingWraiths","floor":13.0},{"not_picked":["HollowMod:SoulShaman","HollowMod:DreamGate"],"picked":"HollowMod:NewInfectedGuardian","floor":14.0},{"not_picked":["HollowMod:SlysStrikes","HollowMod:VoidDash"],"picked":"HollowMod:MidwifesHunger","floor":16.0},{"not_picked":["HollowMod:PerfectDash","HollowMod:GreatSlash+1"],"picked":"HollowMod:CornifersMapStart","floor":18.0},{"not_picked":["HollowMod:BlackTendrils+1","HollowMod:SiblingsSouls"],"picked":"HollowMod:CornifersMapStart","floor":20.0},{"not_picked":["HollowMod:TaintedHusks","HollowMod:InfectionAssault"],"picked":"HollowMod:MonarchWings","floor":20.0},{"not_picked":["HollowMod:CloakDash","HollowMod:InfectedAttack"],"picked":"HollowMod:SoulStrike+1","floor":22.0},{"not_picked":["HollowMod:BlackTendrils","HollowMod:LifebloodCore"],"picked":"HollowMod:InfectedCysts","floor":23.0},{"not_picked":["HollowMod:SiblingsSouls","HollowMod:HuntersJournal"],"picked":"HollowMod:MonomonsArchive","floor":25.0},{"not_picked":["HollowMod:TaintedHusks","HollowMod:SoulSplash+1"],"picked":"HollowMod:CrystalDash+1","floor":31.0},{"not_picked":["HollowMod:AwokenDreamNail","HollowMod:theNailsmith"],"picked":"HollowMod:ElderbugsWisdom","floor":33.0},{"not_picked":["HollowMod:ShapeofUnn","HollowMod:ShadowDash"],"picked":"HollowMod:GoodIntentions","floor":35.0},{"not_picked":["HollowMod:InfectionAssault","HollowMod:SoulEater+1"],"picked":"HollowMod:SoulVessel+1","floor":36.0},{"not_picked":["HollowMod:SiblingsSouls+1","HollowMod:CoiledNail"],"picked":"HollowMod:CrystalDash+1","floor":37}],"player_experience":40146,"relics_obtained":[{"floor":6.0,"key":"Incense Burner"},{"floor":7.0,"key":"Ornamental Fan"},{"floor":8.0,"key":"CeramicFish"},{"floor":9.0,"key":"Orichalcum"},{"floor":12.0,"key":"Thread and Needle"},{"floor":15.0,"key":"Ancient Tea Set"},{"floor":23.0,"key":"Happy Flower"},{"floor":26.0,"key":"HollowMod:KingsBrand"},{"floor":29.0,"key":"Mercury Hourglass"},{"floor":32.0,"key":"Vajra"}],"event_choices":[],"is_beta":false,"boss_relics":[{"not_picked":["Fusion Hammer","Busted Crown"],"picked":"Cursed Key"},{"not_picked":["Pandora\u0027s Box","Astrolabe"],"picked":"SlaversCollar"}],"items_purged_floors":[28],"is_endless":false,"potions_floor_spawned":[7,13,14,23,25,33,36],"killed_by":"Hallownest:monsterPrimalAspid","ascension_level":2}}