{"host":"dnvpprmy3abbf89m","time":1614385130,"event":{"mods":["BaseMod","Colored Map","Minty Spire (QoL Compilation)","StSLib"],"gold_per_floor":[116,66,76,151,166,191,191,33,33,45,45,45,59,72,72,171,171,188,188,113,125,125,125,125,136,136,136,235,235,135,154,154,254,254,271,281,135,180,197,232,232,142,142,142,142,167,167,2,2,2,2],"floor_reached":50,"language":"ENG","playtime":4866,"items_purged":["Strike_R","Injury"],"score":817,"play_id":"f044f0ea-f223-44a8-93e2-8eaa81e3f8e5","local_time":"20210227011850","is_ascension_mode":true,"campfire_choices":[{"data":"Carnage","floor":12.0,"key":"SMITH"},{"data":"Body Slam","floor":15.0,"key":"SMITH"},{"data":"Flame Barrier","floor":23.0,"key":"SMITH"},{"data":"Discovery","floor":29.0,"key":"SMITH"},{"data":"Power Through","floor":32.0,"key":"SMITH"},{"data":"Bludgeon","floor":45,"key":"SMITH"},{"floor":49,"key":"REST"}],"circlet_count":0,"master_deck":["Strike_R","Strike_R","Defend_R","Defend_R+1","Defend_R","Defend_R","Bash","Disarm","Shockwave+1","Carnage+1","Shrug It Off","Discovery+1","Body Slam+1","Evolve+1","Offering","Power Through+1","Flame Barrier+1","Second Wind","Necronomicurse","Heavy Blade+1","Demon Form","Pummel+1","True Grit+1","Injury","Bludgeon+1","Double Tap","Master of Strategy"],"relics":["Burning Blood","FossilizedHelix","Mummified Hand","Happy Flower","Cursed Key","Necronomicon","StoneCalendar","SlaversCollar","Juzu Bracelet","Incense Burner","Lantern","InkBottle","Omamori"],"acts_visited":["Exordium","TheCity","TheBeyond"],"potions_floor_usage":[39,40,46],"damage_taken":[{"damage":7.0,"enemies":"Jaw Worm","floor":1.0,"turns":3.0},{"damage":0.0,"enemies":"Small Slimes","floor":3.0,"turns":5.0},{"damage":5.0,"enemies":"2 Louse","floor":5.0,"turns":2.0},{"damage":16.0,"enemies":"Lagavulin","floor":6.0,"turns":7.0},{"damage":0.0,"enemies":"Blue Slaver","floor":10.0,"turns":3.0},{"damage":0.0,"enemies":"Red Slaver","floor":13.0,"turns":2.0},{"damage":0.0,"enemies":"Exordium Thugs","floor":14.0,"turns":5.0},{"damage":22.0,"enemies":"Slime Boss","floor":16.0,"turns":10.0},{"damage":11.0,"enemies":"Shell Parasite","floor":18.0,"turns":4.0},{"damage":6.0,"enemies":"Chosen","floor":21.0,"turns":5.0},{"damage":0.0,"enemies":"Centurion and Healer","floor":25.0,"turns":5.0},{"damage":0.0,"enemies":"3 Cultists","floor":31.0,"turns":4.0},{"damage":6.0,"enemies":"Champ","floor":33.0,"turns":8.0},{"damage":5.0,"enemies":"3 Shapes","floor":35.0,"turns":6.0},{"damage":0.0,"enemies":"Orb Walker","floor":36.0,"turns":2.0},{"damage":9.0,"enemies":"2 Orb Walkers","floor":38.0,"turns":4.0},{"damage":0,"enemies":"Writhing Mass","floor":39,"turns":6},{"damage":27,"enemies":"Nemesis","floor":40,"turns":7},{"damage":30,"enemies":"Giant Head","floor":46,"turns":7},{"damage":71,"enemies":"Awakened One","floor":50,"turns":9}],"seed_played":"-2059648850084281129","potions_obtained":[{"floor":1.0,"key":"DuplicationPotion"},{"floor":3.0,"key":"SneckoOil"},{"floor":5.0,"key":"HeartOfIron"},{"floor":16.0,"key":"ElixirPotion"},{"floor":21.0,"key":"ColorlessPotion"},{"floor":33.0,"key":"SteroidPotion"},{"floor":36.0,"key":"AttackPotion"},{"floor":39,"key":"Fire Potion"}],"is_trial":false,"path_per_floor":["M","?","M","?","M","E","?","$","T","M","T","R","M","M","R","B",null,"M","T","$","M","?","R","?","M","T","$","?","R","$","M","R","B",null,"M","M","$","?","M","E","?","?","T","?","R","E","$","$","R","B"],"character_chosen":"IRONCLAD","items_purchased":["Discovery","Power Through","Juzu Bracelet","Master of Strategy"],"campfire_rested":1,"item_purchase_floors":[8,20,37,48],"current_hp_per_floor":[71,71,77,66,67,57,41,41,41,47,47,47,53,59,59,43,71,66,66,66,66,66,66,50,56,56,56,56,56,56,62,62,62,76,77,80,80,77,80,59,59,59,59,59,59,35,35,35,57,0,0],"gold":2,"neow_bonus":"THREE_CARDS","is_daily":false,"chose_seed":false,"campfire_upgraded":6,"win_rate":0.0,"timestamp":1614385130,"path_taken":["M","?","M","?","M","E","?","$","T","M","?","R","?","M","R","BOSS","M","?","?","M","?","R","?","M","T","?","?","R","$","M","R","BOSS","M","M","$","?","M","E","?","?","T","?","R","E","?","$","R","BOSS"],"items_purchased_type":["Card","Card","Relic","Card"],"build_version":"2020-12-22","purchased_purges":2,"victory":false,"max_hp_per_floor":[80,80,80,80,80,80,80,80,80,80,80,80,80,80,80,80,80,80,80,80,80,80,80,80,80,80,80,80,80,80,80,80,80,80,80,80,80,80,80,80,76,76,76,76,76,76,76,76,76,76,76],"card_choices":[{"not_picked":["Armaments","Pommel Strike"],"picked":"Disarm","floor":0.0},{"not_picked":["Blood for Blood","Sword Boomerang","Heavy Blade"],"picked":"SKIP","floor":1.0},{"not_picked":["Battle Trance","Thunderclap"],"picked":"Shockwave","floor":3.0},{"not_picked":["Blood for Blood","Sever Soul"],"picked":"Carnage","floor":5.0},{"not_picked":["Inflame","Sever Soul"],"picked":"Shrug It Off","floor":6.0},{"not_picked":["Pommel Strike","Heavy Blade","Infernal Blade"],"picked":"SKIP","floor":10.0},{"not_picked":["Wild Strike","Havoc"],"picked":"Body Slam","floor":13.0},{"not_picked":["Shockwave","Bloodletting"],"picked":"Evolve","floor":14.0},{"not_picked":["Fiend Fire","Bludgeon"],"picked":"Offering","floor":16.0},{"not_picked":["Pommel Strike","Havoc","Iron Wave"],"picked":"SKIP","floor":18.0},{"not_picked":["Searing Blow","Sever Soul"],"picked":"Flame Barrier","floor":21.0},{"not_picked":["True Grit+1","Thunderclap+1"],"picked":"Heavy Blade+1","floor":25.0},{"not_picked":["Dark Embrace","Clash","Anger+1"],"picked":"SKIP","floor":31.0},{"not_picked":["Brutality","Double Tap"],"picked":"Demon Form","floor":33.0},{"not_picked":["Anger","Havoc+1","Sentinel"],"picked":"SKIP","floor":35.0},{"not_picked":["Twin Strike","Infernal Blade+1","Armaments+1"],"picked":"SKIP","floor":36.0},{"not_picked":["Spot Weakness+1","Rupture+1"],"picked":"Pummel+1","floor":38.0},{"not_picked":["Infernal Blade","Bloodletting","Flex+1"],"picked":"SKIP","floor":39},{"not_picked":["Anger","Rampage"],"picked":"True Grit+1","floor":40},{"not_picked":["Flex","Demon Form"],"picked":"Double Tap","floor":46}],"player_experience":861766,"relics_obtained":[{"floor":6.0,"key":"FossilizedHelix"},{"floor":9.0,"key":"Mummified Hand"},{"floor":11.0,"key":"Happy Flower"},{"floor":24.0,"key":"Necronomicon"},{"floor":26.0,"key":"StoneCalendar"},{"floor":38.0,"key":"Incense Burner"},{"floor":40,"key":"Lantern"},{"floor":43,"key":"InkBottle"},{"floor":46,"key":"Omamori"}],"event_choices":[{"cards_removed":["Strike_R"],"damage_healed":0.0,"max_hp_gain":0.0,"max_hp_loss":0.0,"gold_gain":0.0,"event_name":"The Cleric","player_choice":"Card Removal","floor":2.0,"gold_loss":50.0,"damage_taken":0.0},{"damage_healed":0.0,"max_hp_gain":0.0,"max_hp_loss":0.0,"gold_gain":75.0,"event_name":"World of Goop","player_choice":"Gather Gold","floor":4.0,"gold_loss":0.0,"damage_taken":11.0},{"damage_healed":0.0,"max_hp_gain":0.0,"max_hp_loss":0.0,"gold_gain":0.0,"event_name":"Shining Light","player_choice":"Entered Light","floor":7.0,"gold_loss":0.0,"damage_taken":16.0,"cards_upgraded":["Defend_R","Shockwave"]},{"damage_healed":0.0,"max_hp_gain":0.0,"max_hp_loss":0.0,"gold_gain":0.0,"event_name":"The Library","player_choice":"Read","floor":22.0,"gold_loss":0.0,"damage_taken":0.0,"cards_obtained":["Second Wind"]},{"damage_healed":0.0,"max_hp_gain":0.0,"max_hp_loss":0.0,"gold_gain":0.0,"event_name":"Cursed Tome","player_choice":"Obtained Book","floor":24.0,"gold_loss":0.0,"damage_taken":16.0},{"damage_healed":0.0,"max_hp_gain":0.0,"max_hp_loss":0.0,"gold_gain":99.0,"event_name":"Nest","player_choice":"Stole From Cult","floor":28.0,"gold_loss":0.0,"damage_taken":0.0},{"damage_healed":0.0,"max_hp_gain":0.0,"max_hp_loss":0.0,"gold_gain":0.0,"event_name":"Mysterious Sphere","player_choice":"Fight","floor":38.0,"gold_loss":0.0,"damage_taken":0.0},{"damage_healed":0,"gold_gain":0,"player_choice":"Max HP","damage_taken":0,"max_hp_gain":0,"max_hp_loss":4,"event_name":"Winding Halls","floor":41,"gold_loss":0},{"cards_removed":["Strike_R"],"damage_healed":0,"gold_gain":0,"player_choice":"Upgrade and Remove","damage_taken":0,"max_hp_gain":0,"max_hp_loss":0,"event_name":"Designer","floor":42,"gold_loss":90,"cards_upgraded":["Evolve"]},{"damage_healed":0,"gold_gain":0,"player_choice":"1 cards matched","damage_taken":0,"max_hp_gain":0,"max_hp_loss":0,"event_name":"Match and Keep!","floor":44,"gold_loss":0,"cards_obtained":["Bludgeon"]}],"is_beta":false,"boss_relics":[{"not_picked":["Black Star","Velvet Choker"],"picked":"Cursed Key"},{"not_picked":["Black Blood","Runic Dome"],"picked":"SlaversCollar"}],"items_purged_floors":[8,30],"is_endless":false,"potions_floor_spawned":[1,3,5,16,21,33,36,39],"killed_by":"Awakened One","ascension_level":9}}