{"host":"xp5rvh2jwe2ejyfm","time":1614433127,"event":{"mods":["2.2 Compatiblity","Aspiration","Bard","BaseMod","Beaked The Cultist","Better Altar","Better Match","Better Note","Better Sensory Stone","Better Skull","BetterRewards","Colored Powertips","Conspire","Downfall","GifTheSpireLib","Gremlin Mod","GungeonMod","Hermit","Hubris","Jorbs\u0027s Wanderer Trilogy","Mad Scientist","Minty Spire (QoL Compilation)","Potionbrewer","Quick Restart","Replay The Spire","Robot Space Explorer","Shade Mod","Somnambulant","StSLib","The Bug Knight","The Clintock","The Construct","The Cursed","The Disciple","The Forsaken","The Hierophant","The Marked","The Mystic","The Necromancer","The Runesmith","The Servant 0.9.4","The Valiant","The Witch","TheFirefly","TheVacant","thorton"],"gold_per_floor":[111,128,146,45,45,45,74,74,99,18,18,18,52,63,63,163,163,177,31,81,131,141,170,170,270,270,270,288,303,315,326,338,338,338,338,338],"floor_reached":35,"language":"ENG","playtime":1247,"items_purged":[],"score":387,"play_id":"ccf9397d-c92f-42d4-b31d-11b6a8c0ca6c","local_time":"20210227083847","is_ascension_mode":false,"campfire_choices":[{"floor":6,"key":"RECALL"},{"floor":8,"key":"REST"},{"floor":12,"key":"REST"},{"floor":15,"key":"REST"},{"data":"Summon_Lich","floor":24,"key":"SMITH"},{"data":"Grasp_Heart","floor":27,"key":"SMITH"},{"floor":33,"key":"REST"}],"circlet_count":0,"master_deck":["Strike_W","Strike_W","Strike_W","Strike_W","Defend_W","Defend_W","Defend_W","Defend_W","Negative_Energy_Arrows","Bone_Wall","Necrotic_Claws+1","Sadistic Nature+1","Blood_for_Blood","Siphon_Strength","Blood_Whip","Pandemic","Bone_Armory","Negative_Energy_Javelin","Scare","Summon_Lich+1","Finger_Of_Death","Epidemic","Grasp_Heart+1","Spectral_Walk","Violent_Necrosis","Summon_Undead+1","Death_Coil","Consume_Illness+1","Spectral_Armor+1","Death_Knell+1","Bone_Armor+1"],"relics":["Vampire_Amulet","hubris:BundleOfHerbs","Replay:Bottled Steam","PreservedInsect","SsserpentHead","hubris:MedicalManual","potionbrewer:BhaskarasWheel","Lantern","Quantum Egg"],"acts_visited":["Exordium","TheCity","TheCity"],"potions_floor_usage":[7,13,16,34,34],"damage_taken":[{"damage":0,"enemies":"Cultist","floor":1,"turns":2},{"damage":10,"enemies":"Small Slimes","floor":2,"turns":3},{"damage":4,"enemies":"conspire:RoseBush","floor":3,"turns":2},{"damage":12,"enemies":"Gremlin Nob","floor":7,"turns":3},{"damage":24,"enemies":"Lagavulin","floor":13,"turns":4},{"damage":12,"enemies":"Red Slaver","floor":14,"turns":2},{"damage":36,"enemies":"Hexaghost","floor":16,"turns":6},{"damage":26,"enemies":"conspire:FuzzyDice","floor":18,"turns":3},{"damage":8,"enemies":"Spheric Guardian","floor":22,"turns":3},{"damage":3,"enemies":"Replay:Snechameleon","floor":23,"turns":5},{"damage":44,"enemies":"DemoMod:4_Bullet_Kins","floor":28,"turns":6},{"damage":21,"enemies":"DemoMod:Red_and_blue_shotgun_kin","floor":29,"turns":2},{"damage":21,"enemies":"DemoMod:Red_and_blue_shotgun_kin_with_gunsinger","floor":30,"turns":3},{"damage":15,"enemies":"DemoMod:2_Mousers","floor":31,"turns":3},{"damage":46,"enemies":"DemoMod:Veteran_shot_gun_kin_and_blue_shotgun_kin_with_gunsinger","floor":32,"turns":5},{"damage":60,"enemies":"DemoMod:ResourcefulRat","floor":34,"turns":12},{"damage":81,"enemies":"DemoMod:ResourcefulRat","floor":35,"turns":6}],"seed_played":"6094732713182795402","potions_obtained":[{"floor":1,"key":"DistilledChaos"},{"floor":7,"key":"BlessingOfTheForge"},{"floor":13,"key":"hexamod:SoulburnPotion"},{"floor":22,"key":"Milkshake"},{"floor":30,"key":"FearPotion"},{"floor":32,"key":"PowerPotion"}],"is_trial":false,"path_per_floor":["M","M","M","$","?","R","E","R","T","$","?","R","E","M","R","B",null,"M","$","?","?","M","E","R","?","T","R","M","M","M","M","M","R","B","B"],"character_chosen":"NECROMANCER","items_purchased":["Necrotic_Claws+1","Sadistic Nature","DemoMod:GnawedKey","Blood_for_Blood","Bone_Armory","Negative_Energy_Javelin","Summon_Lich","Lantern"],"campfire_rested":4,"item_purchase_floors":[0,0,0,0,4,4,10,19],"current_hp_per_floor":[50,44,42,42,42,42,32,54,54,54,54,75,53,43,65,31,75,53,53,61,65,59,58,58,58,75,75,63,46,31,56,16,38,75,0,0],"gold":338,"neow_bonus":"","is_daily":false,"chose_seed":false,"campfire_upgraded":2,"win_rate":0.0,"timestamp":1614433127,"path_taken":["M","?","M","$","?","R","E","R","T","$","?","R","E","M","R","BOSS","M","$","?","?","M","E","R","?","T","R","M","M","M","M","M","R","BOSS","BOSS"],"items_purchased_type":["Card","Card","Relic","Card","Card","Card","Card","Relic"],"build_version":"2020-12-22","purchased_purges":0,"victory":false,"max_hp_per_floor":[75,75,75,75,75,75,75,75,75,75,75,75,75,75,75,75,75,75,75,75,75,75,75,75,75,75,75,75,75,75,75,75,75,75,75,75],"card_choices":[{"not_picked":["Negative_Energy_Shield","Bones_to_Steel"],"picked":"Siphon_Strength","floor":1},{"not_picked":["Death_March_Dance","Shackles_Of_Pain"],"picked":"Blood_Whip","floor":2},{"not_picked":["Chill_Blood","Shackles_Of_Pain"],"picked":"Pandemic","floor":3},{"not_picked":["Strike_from_Beyond","Shackles_Of_Pain"],"picked":"Scare","floor":7},{"not_picked":["Negative_Energy_Shield","Bone_Armory"],"picked":"Finger_Of_Death","floor":13},{"not_picked":["Bones_to_Steel","Bone_Bullets"],"picked":"Epidemic","floor":14},{"not_picked":["Blood_Wake","Blood_Magic"],"picked":"Grasp_Heart","floor":16},{"not_picked":["Negative_Energy_Burst","Negative_Energy_Javelin"],"picked":"Spectral_Walk","floor":18},{"not_picked":["Shade_Step","Blood_Whip"],"picked":"Violent_Necrosis","floor":22},{"not_picked":["Siphon_Strength","Scare"],"picked":"Summon_Undead+1","floor":23},{"not_picked":["Spectral_Walk+1","Bone_Armor+1"],"picked":"Death_Coil","floor":28},{"not_picked":["Shackles_Of_Pain+1","Blood_Whip"],"picked":"Consume_Illness+1","floor":29},{"not_picked":["Deaths_Shadow","Chill_Blood"],"picked":"Spectral_Armor+1","floor":30},{"not_picked":["Life_Tap","Shackles_Of_Pain+1"],"picked":"Death_Knell+1","floor":31},{"not_picked":["Epidemic+1","Blood_Is_Power+1"],"picked":"Bone_Armor+1","floor":32}],"player_experience":585059,"relics_obtained":[{"floor":7,"key":"Replay:Bottled Steam"},{"floor":9,"key":"PreservedInsect"},{"floor":13,"key":"hubris:MedicalManual"},{"floor":23,"key":"Quantum Egg"}],"event_choices":[{"damage_healed":0,"gold_gain":0,"player_choice":"Trade","damage_taken":0,"relics_obtained":["SsserpentHead"],"max_hp_gain":0,"max_hp_loss":0,"event_name":"FaceTrader","floor":11,"gold_loss":0},{"damage_healed":4,"gold_gain":0,"player_choice":"LEAVE ","damage_taken":0,"relics_obtained":[],"max_hp_gain":0,"max_hp_loss":0,"event_name":"betterSkull:BetterSkull","floor":21,"gold_loss":0,"cards_upgraded":[]},{"damage_healed":0,"gold_gain":100,"player_choice":"Bet on Murderer","damage_taken":0,"max_hp_gain":0,"max_hp_loss":0,"event_name":"The Joust","floor":25,"gold_loss":50}],"is_beta":false,"boss_relics":[{"not_picked":["Abe\u0027s Treasure","Replay:Wanted Poster"],"picked":"potionbrewer:BhaskarasWheel"}],"items_purged_floors":[],"is_endless":false,"potions_floor_spawned":[1,7,13,22,30,32,34],"killed_by":"DemoMod:ResourcefulRat","ascension_level":0}}