{"host":"egwexuw5uvnxf11j","time":1614395953,"event":{"mods":["2.2 Compatiblity","Aspiration","BaseMod","Better Note","Better Sensory Stone","Better Third Choice","Displayed Cursed Tome","Downfall","Hermit","Key Reminder","Koishi","Marisa????????","Minty Spire (QoL Compilation)","Quick Restart","Shade Mod","Spicy Shops","StSLib","The Construct","The Cursed","The Runesmith","The Senshi","The Servant 0.9.4","Transform Curses"],"gold_per_floor":[109,128,147,71,126,161,161,186,261,226,226,242,21,21,21,123,123,140,65,65,79,90,90,90,90,90,123,137,137,137,149,149,254,254,271,282,219,235,248,92,92,0,0,0,12,12,12],"floor_reached":46,"language":"ENG","playtime":13808,"items_purged":["hermit:Strike_Hermit"],"score":518,"play_id":"0b09863f-66c6-4ba3-8aee-94102412c13a","local_time":"20210226221913","is_ascension_mode":true,"campfire_choices":[{"floor":7.0,"key":"REST"},{"floor":11.0,"key":"REST"},{"data":"hermit:Brawl","floor":15.0,"key":"SMITH"},{"floor":23,"key":"REST"},{"floor":29,"key":"REST"},{"floor":32,"key":"REST"},{"floor":41,"key":"REST"},{"floor":44,"key":"REST"}],"circlet_count":0,"master_deck":["hermit:Strike_Hermit","hermit:Strike_Hermit","hermit:Strike_Hermit","hermit:Defend_Hermit","hermit:Defend_Hermit+1","hermit:Defend_Hermit","hermit:Defend_Hermit+1","hermit:Snapshot","hermit:Covet","Shame","hermit:LowProfile","hermit:Desperado","hermit:Vantage","hermit:Grudge","hermit:Misfire","hermit:Roughhouse","hermit:Desperado","hermit:Brawl+1","hermit:Desperado+1","hermit:Snipe+1","hermit:Feint","hermit:BodyArmor","hermit:GhostlyPresence","hermit:FlashPowder+1","hermit:LuckOfTheDraw+1","hermit:Roughhouse","hermit:CalledShot+1","hermit:Feint+1","hermit:Virtue+1","hermit:Dive","hermit:PistolWhip+1"],"relics":["hermit:Momento","Turnip","Anchor","Nunchaku","keyreminder:keyreminder","HandDrill","aspiration:SecretTechniqueScroll","aspiration:HatOfInfinitePower","Matryoshka","Omamori","Letter Opener","construct:WeddingRing","FossilizedHelix","theSenshi:SailorFukuRelic","Red Mask","Bag of Preparation","War Paint"],"acts_visited":["Exordium","TheCity","TheBeyond"],"potions_floor_usage":[21,27,38],"damage_taken":[{"damage":2.0,"enemies":"2 Louse","floor":1.0,"turns":2.0},{"damage":6.0,"enemies":"Jaw Worm","floor":2.0,"turns":5.0},{"damage":0.0,"enemies":"Small Slimes","floor":3.0,"turns":3.0},{"damage":27.0,"enemies":"Gremlin Nob","floor":6.0,"turns":4.0},{"damage":29.0,"enemies":"Lagavulin","floor":8.0,"turns":5.0},{"damage":0.0,"enemies":"Red Slaver","floor":12.0,"turns":3.0},{"damage":40.0,"enemies":"The Guardian","floor":16.0,"turns":8.0},{"damage":33.0,"enemies":"Chosen","floor":18.0,"turns":5.0},{"damage":0,"enemies":"2 Thieves","floor":21,"turns":3},{"damage":4,"enemies":"Snake Plant","floor":22,"turns":4},{"damage":20,"enemies":"Gremlin Leader","floor":27,"turns":6},{"damage":23,"enemies":"3 Cultists","floor":28,"turns":5},{"damage":27,"enemies":"Snecko","floor":31,"turns":5},{"damage":51,"enemies":"Automaton","floor":33,"turns":11},{"damage":1,"enemies":"Orb Walker","floor":35,"turns":3},{"damage":40,"enemies":"3 Shapes","floor":36,"turns":5},{"damage":22,"enemies":"Jaw Worm Horde","floor":38,"turns":4},{"damage":30,"enemies":"Writhing Mass","floor":39,"turns":5},{"damage":35,"enemies":"4 Shapes","floor":45,"turns":4},{"damage":26,"enemies":"3 Darklings","floor":46,"turns":4}],"seed_played":"9047589081927526319","potions_obtained":[{"floor":1.0,"key":"Weak Potion"},{"floor":3.0,"key":"Guardian:BlockOnCardUsePotion"},{"floor":14.0,"key":"Dexterity Potion"},{"floor":14.0,"key":"LiquidBronze"},{"floor":14.0,"key":"FairyPotion"},{"floor":16.0,"key":"Fire Potion"},{"floor":22,"key":"FairyPotion"},{"floor":31,"key":"construct:ShiftPotion"},{"floor":35,"key":"LiquidMemories"},{"floor":36,"key":"Ancient Potion"}],"is_trial":false,"path_per_floor":["M","M","M","$","?","E","R","E","T","?","R","M","$","?","R","B",null,"M","$","?","M","M","R","?","?","T","E","M","R","T","M","R","B",null,"M","M","?","M","M","$","R","?","T","R","M","M"],"character_chosen":"HERMIT","items_purchased":["hermit:Grudge","HandDrill","hermit:Brawl","theSenshi:SailorFukuRelic"],"campfire_rested":7,"item_purchase_floors":[4,13,13,40],"current_hp_per_floor":[73,67,67,67,67,40,62,33,33,51,73,73,73,73,73,33,75,42,42,42,42,38,60,60,60,60,40,17,39,39,12,34,22,75,74,34,34,12,16,16,38,38,38,60,25,0,0],"gold":12,"neow_bonus":"ONE_RARE_RELIC","is_daily":false,"chose_seed":false,"campfire_upgraded":1,"win_rate":0.0,"timestamp":1614395953,"path_taken":["M","M","M","$","?","E","R","E","T","?","R","M","?","?","R","BOSS","M","$","?","?","M","R","?","?","T","E","?","R","?","M","R","BOSS","M","M","?","M","?","?","R","?","T","R","M","?"],"items_purchased_type":["Card","Relic","Card","Relic"],"build_version":"2020-12-22","purchased_purges":1,"victory":false,"max_hp_per_floor":[75,75,75,75,75,75,75,75,75,75,75,75,75,75,75,75,75,75,75,75,75,75,75,75,75,75,75,75,75,75,75,75,75,75,75,75,75,75,75,75,75,75,75,75,75,75,75],"card_choices":[{"not_picked":["hermit:Manifest","hermit:HighCaliber"],"picked":"hermit:LowProfile","floor":1.0},{"not_picked":["hermit:Coalescence","hermit:LowProfile"],"picked":"hermit:Desperado","floor":2.0},{"not_picked":["hermit:Coalescence","hermit:Midnight"],"picked":"hermit:Vantage","floor":3.0},{"not_picked":["hermit:Vantage","hermit:BigShot"],"picked":"hermit:Misfire","floor":6.0},{"not_picked":["hermit:HoleUp","hermit:GoldenBullet"],"picked":"hermit:Roughhouse","floor":8.0},{"not_picked":["hermit:Vantage","hermit:HoleUp"],"picked":"hermit:Desperado","floor":12.0},{"not_picked":["hermit:Gambit","hermit:OverwhelmingPower"],"picked":"hermit:FromBeyond","floor":16.0},{"not_picked":["hermit:TrackingShot","hermit:WideOpen"],"picked":"hermit:Desperado","floor":18.0},{"not_picked":["hermit:ItchyTrigger+1","hermit:CalledShot"],"picked":"hermit:Snipe+1","floor":21},{"not_picked":["hermit:Coalescence","hermit:Glare"],"picked":"hermit:Feint","floor":22},{"not_picked":["hermit:Manifest","hermit:Showdown+1"],"picked":"hermit:GhostlyPresence","floor":27},{"not_picked":["hermit:CalledShot","hermit:BlackWind"],"picked":"hermit:FlashPowder+1","floor":28},{"not_picked":["hermit:Shortfuse","hermit:TakeCover"],"picked":"hermit:LuckOfTheDraw+1","floor":31},{"not_picked":["hermit:HighNoon","hermit:Purgatory"],"picked":"hermit:Roughhouse","floor":33},{"not_picked":["hermit:LowProfile","hermit:Feint+1"],"picked":"hermit:CalledShot+1","floor":35},{"not_picked":["hermit:CursedWeapon","hermit:TrackingShot+1"],"picked":"hermit:Feint+1","floor":36},{"not_picked":["hermit:Vantage+1","hermit:Ricochet"],"picked":"hermit:Virtue+1","floor":38},{"not_picked":["hermit:Roulette","hermit:EternalForm"],"picked":"hermit:Dive","floor":39},{"not_picked":["hermit:Ricochet","hermit:LuckOfTheDraw"],"picked":"hermit:PistolWhip+1","floor":45}],"player_experience":2148838,"relics_obtained":[{"floor":6.0,"key":"Anchor"},{"floor":8.0,"key":"Nunchaku"},{"floor":26,"key":"aspiration:HatOfInfinitePower"},{"floor":27,"key":"Matryoshka"},{"floor":30,"key":"Omamori"},{"floor":30,"key":"Letter Opener"},{"floor":43,"key":"Bag of Preparation"},{"floor":43,"key":"War Paint"}],"event_choices":[{"damage_healed":0.0,"max_hp_gain":0.0,"max_hp_loss":0.0,"gold_gain":55.0,"event_name":"Golden Wing","player_choice":"Gained Gold","floor":5.0,"gold_loss":0.0,"damage_taken":0.0},{"damage_healed":18.0,"max_hp_gain":0.0,"max_hp_loss":0.0,"gold_gain":0.0,"event_name":"The Cleric","player_choice":"Healed","floor":10.0,"gold_loss":35.0,"damage_taken":0.0},{"damage_healed":0.0,"max_hp_gain":0.0,"max_hp_loss":0.0,"gold_gain":0.0,"event_name":"Lab","player_choice":"Got Potions","floor":14.0,"gold_loss":0.0,"damage_taken":0.0},{"damage_healed":0,"gold_gain":0,"player_choice":"Upgraded","damage_taken":0,"max_hp_gain":0,"max_hp_loss":0,"event_name":"Upgrade Shrine","floor":20,"gold_loss":0,"cards_upgraded":["hermit:Desperado"]},{"damage_healed":0,"gold_gain":0,"player_choice":"Ignored","damage_taken":0,"max_hp_gain":0,"max_hp_loss":0,"event_name":"Ghosts","floor":24,"gold_loss":0},{"damage_healed":0,"gold_gain":0,"cards_transformed":["hermit:FromBeyond"],"player_choice":"Transformed","damage_taken":0,"max_hp_gain":0,"max_hp_loss":0,"event_name":"Transmorgrifier","floor":25,"gold_loss":0,"cards_obtained":["hermit:BodyArmor"]},{"damage_healed":0,"gold_gain":0,"player_choice":"Paid Gold","damage_taken":0,"relics_obtained":["FossilizedHelix"],"max_hp_gain":0,"max_hp_loss":0,"event_name":"WeMeetAgain","floor":37,"gold_loss":63},{"damage_healed":0,"gold_gain":0,"player_choice":"Paid","damage_taken":0,"relics_obtained":["Red Mask"],"max_hp_gain":0,"max_hp_loss":0,"event_name":"Tomb of Lord Red Mask","floor":42,"gold_loss":92}],"is_beta":false,"boss_relics":[{"not_picked":["Philosopher\u0027s Stone","aspiration:ServantSkillbook"],"picked":"aspiration:SecretTechniqueScroll"},{"not_picked":["Cursed Key","Tiny House"],"picked":"construct:WeddingRing"}],"items_purged_floors":[19],"is_endless":false,"potions_floor_spawned":[1,3,16,18,22,31,35,36],"killed_by":"3 Darklings","ascension_level":2}}