{"host":"92108ef2q9tm8rod","time":1614451614,"event":{"mods":["BaseMod","Defuse TimeMaze Blight","Minty Spire (QoL Compilation)","StSLib","The Jungle"],"gold_per_floor":[119,134,149,166,176,204,204,204,275,300,300,332,332,332,332,434,434,453,453,464,389,407,407,426,455,455,298,328,328,328,360,360,456,456,467,467,467,306,356,391,309,309,385,385,385,385,410,329,329,329],"floor_reached":51,"language":"ENG","playtime":2608,"items_purged":["Bouncing Flask"],"score":1075,"play_id":"5b1bd3f9-3da4-4d88-88c4-75819dc20ed9","local_time":"20210227184654","daily_mods":["SealedDeck","Colorless Cards","Heirloom","Flight"],"is_ascension_mode":false,"campfire_choices":[{"data":"Catalyst","floor":7,"key":"SMITH"},{"data":"Deflect","floor":8,"key":"SMITH"},{"data":"Deflect","floor":11,"key":"SMITH"},{"data":"Deep Breath","floor":15,"key":"SMITH"},{"data":"Madness","floor":23,"key":"SMITH"},{"data":"Deep Breath","floor":30,"key":"SMITH"},{"data":"Panacea","floor":32,"key":"SMITH"},{"data":"Sadistic Nature","floor":42,"key":"SMITH"},{"data":"Sadistic Nature","floor":44,"key":"SMITH"},{"data":"Madness","floor":45,"key":"SMITH"},{"data":"Madness","floor":46,"key":"SMITH"},{"data":"Blind","floor":49,"key":"SMITH"}],"circlet_count":0,"master_deck":["Backflip","Deflect+1","Deep Breath+1","Deep Breath+1","Catalyst+1","Blind+1","Finesse","Deadly Poison","Deflect+1","Bane","Panacea+1","Crippling Poison","Madness+1","Noxious Fumes+1","Madness+1","Madness+1","Sadistic Nature+1","Sadistic Nature+1","A Thousand Cuts"],"relics":["Ring of the Snake","Calipers","Juzu Bracelet","StrikeDummy","Prayer Wheel","Pen Nib","Black Star","Bag of Preparation","TungstenRod","PreservedInsect","Membership Card","Bird Faced Urn","Snake Skull","Akabeko","Bag of Marbles","Omamori","FossilizedHelix","Nunchaku","Bottled Tornado","HornCleat","Blood Vial","White Beast Statue"],"acts_visited":["Exordium","Exordium","TheBeyond"],"potions_floor_usage":[6,40,50,50],"damage_taken":[{"damage":0,"enemies":"Jaw Worm","floor":1,"turns":3},{"damage":0,"enemies":"Small Slimes","floor":2,"turns":3},{"damage":0,"enemies":"Cultist","floor":3,"turns":2},{"damage":3,"enemies":"Exordium Thugs","floor":4,"turns":3},{"damage":0,"enemies":"Exordium Wildlife","floor":5,"turns":4},{"damage":1,"enemies":"Lagavulin","floor":6,"turns":3},{"damage":5,"enemies":"Gremlin Nob","floor":10,"turns":3},{"damage":0,"enemies":"Lagavulin","floor":12,"turns":3},{"damage":0,"enemies":"Slime Boss","floor":16,"turns":6},{"damage":0,"enemies":"theJungle:Flameango_and_Byrd","floor":18,"turns":5},{"damage":0,"enemies":"theJungle:5_Spyders","floor":20,"turns":7},{"damage":0,"enemies":"theJungle:Lyon","floor":22,"turns":3},{"damage":0,"enemies":"theJungle:SlimyTreeVines","floor":24,"turns":5},{"damage":0,"enemies":"theJungle:MamaSnecko","floor":25,"turns":5},{"damage":0,"enemies":"theJungle:Cassacara","floor":28,"turns":5},{"damage":0,"enemies":"theJungle:MamaSnecko","floor":31,"turns":3},{"damage":5,"enemies":"theJungle:TotemBoss","floor":33,"turns":7},{"damage":0,"enemies":"3 Shapes","floor":35,"turns":3},{"damage":0,"enemies":"Mind Bloom Boss Battle","floor":39,"turns":3},{"damage":0,"enemies":"Giant Head","floor":40,"turns":5},{"damage":0,"enemies":"Reptomancer","floor":47,"turns":3},{"damage":0,"enemies":"Donu and Deca","floor":50,"turns":5}],"seed_played":"-4723477786658034051","potions_obtained":[{"floor":2,"key":"DistilledChaos"},{"floor":5,"key":"FairyPotion"},{"floor":6,"key":"DistilledChaos"},{"floor":16,"key":"Strength Potion"},{"floor":22,"key":"SkillPotion"},{"floor":28,"key":"Block Potion"},{"floor":40,"key":"Swift Potion"}],"is_trial":true,"path_per_floor":["M","M","M","M","M","E","R","R","T","E","R","E","$","$","R","B",null,"M","?","M","$","M","R","M","E","T","$","E","?","R","E","R","B",null,"M","$","?","$","?","E","$","R","T","R","R","R","E","$","R","B",null],"character_chosen":"THE_SILENT","items_purchased":["Membership Card","Omamori","Sadistic Nature","Sadistic Nature","A Thousand Cuts"],"campfire_rested":0,"item_purchase_floors":[27,38,38,41,48],"current_hp_per_floor":[70,70,70,67,67,66,66,66,66,61,61,61,61,61,61,61,70,70,70,70,70,70,70,70,70,70,70,70,70,70,70,70,65,70,70,70,62,62,66,70,70,70,70,70,70,70,70,70,70,70],"gold":329,"neow_bonus":"","is_daily":false,"chose_seed":false,"campfire_upgraded":12,"win_rate":0.0,"timestamp":1614451614,"path_taken":["M","M","M","M","M","E","R","R","T","E","R","E","$","$","R","BOSS","M","?","M","$","M","R","M","E","T","$","E","?","R","E","R","BOSS","M","$","?","$","?","E","?","R","T","R","R","R","E","$","R","BOSS"],"items_purchased_type":["Relic","Relic","Card","Card","Card"],"build_version":"2020-12-22","purchased_purges":1,"victory":true,"max_hp_per_floor":[70,70,70,70,70,70,70,70,70,70,70,70,70,70,70,70,70,70,70,70,70,70,70,70,70,70,70,70,70,70,70,70,70,70,70,70,70,70,70,70,70,70,70,70,70,70,70,70,70,70],"card_choices":[{"not_picked":["Poisoned Stab","Backstab"],"picked":"Bane","floor":1},{"not_picked":["Quick Slash","Riddle With Holes","Expertise"],"picked":"SKIP","floor":2},{"not_picked":["Backflip","Quick Slash","Bane"],"picked":"SKIP","floor":3},{"not_picked":["Quick Slash","Leg Sweep","Dagger Spray"],"picked":"SKIP","floor":4},{"not_picked":["Finisher","Blade Dance","Reflex"],"picked":"SKIP","floor":5},{"not_picked":["Flying Knee","Well Laid Plans","Swift Strike"],"picked":"SKIP","floor":6},{"not_picked":["Prepared","Bouncing Flask","PiercingWail"],"picked":"SKIP","floor":10},{"not_picked":["Envenom","Dagger Throw"],"picked":"Panacea","floor":12},{"not_picked":["Dash","Deadly Poison","Dagger Throw"],"picked":"SKIP","floor":18},{"not_picked":["Backflip","Skewer","Poisoned Stab"],"picked":"SKIP","floor":18},{"not_picked":["Deadly Poison","Choke"],"picked":"Crippling Poison","floor":20},{"not_picked":["PiercingWail","Bandage Up+1","Blade Dance+1"],"picked":"SKIP","floor":20},{"not_picked":["Slice+1","Tactician"],"picked":"Madness","floor":22},{"not_picked":["Backflip","Storm of Steel","PiercingWail"],"picked":"SKIP","floor":22},{"not_picked":["Deadly Poison","Bane","Reflex"],"picked":"SKIP","floor":24},{"not_picked":["Calculated Gamble","Predator","PiercingWail+1"],"picked":"SKIP","floor":24},{"not_picked":["PanicButton","Jack Of All Trades+1"],"picked":"Noxious Fumes+1","floor":25},{"not_picked":["A Thousand Cuts","Deep Breath+1","Deadly Poison"],"picked":"SKIP","floor":28},{"not_picked":["Prepared+1","Blind","PanicButton"],"picked":"SKIP","floor":31},{"not_picked":["Slice","PiercingWail+1","Dagger Throw+1"],"picked":"SKIP","floor":35},{"not_picked":["Sucker Punch+1","Finesse","Infinite Blades+1"],"picked":"SKIP","floor":35},{"not_picked":["Quick Slash","Dramatic Entrance+1","Backflip"],"picked":"SKIP","floor":40},{"not_picked":["Dagger Spray","Slice","Backflip"],"picked":"SKIP","floor":47}],"player_experience":3480953,"relics_obtained":[{"floor":6,"key":"Juzu Bracelet"},{"floor":9,"key":"StrikeDummy"},{"floor":10,"key":"Prayer Wheel"},{"floor":12,"key":"Pen Nib"},{"floor":25,"key":"Bag of Preparation"},{"floor":25,"key":"TungstenRod"},{"floor":26,"key":"PreservedInsect"},{"floor":28,"key":"Bird Faced Urn"},{"floor":28,"key":"Snake Skull"},{"floor":31,"key":"Akabeko"},{"floor":31,"key":"Bag of Marbles"},{"floor":39,"key":"FossilizedHelix"},{"floor":40,"key":"Nunchaku"},{"floor":40,"key":"Bottled Tornado"},{"floor":43,"key":"HornCleat"},{"floor":47,"key":"Blood Vial"},{"floor":47,"key":"White Beast Statue"}],"event_choices":[{"damage_healed":0,"gold_gain":0,"player_choice":"Embrace Madness","damage_taken":9,"max_hp_gain":0,"max_hp_loss":0,"event_name":"Winding Halls","floor":37,"gold_loss":0,"cards_obtained":["Madness","Madness"]},{"damage_healed":0,"gold_gain":0,"player_choice":"Fight","damage_taken":0,"max_hp_gain":0,"max_hp_loss":0,"event_name":"MindBloom","floor":39,"gold_loss":0}],"is_beta":false,"boss_relics":[{"not_picked":["Busted Crown","HoveringKite"],"picked":"Black Star"},{"not_picked":["Philosopher\u0027s Stone","Fusion Hammer","Calling Bell"]}],"items_purged_floors":[21],"is_endless":false,"potions_floor_spawned":[2,5,6,16,22,25,28,35,40],"ascension_level":0}}