{"host":"ovrsgtrqs2noafxn","time":1614434628,"event":{"mods":["BaseMod","Hermit","Minty Spire (QoL Compilation)","Reliquary","Replay The Spire","StSLib","The Gatherer"],"gold_per_floor":[119,72,86,86,105,105,105,140,140,140,140,153,85,85,85,96,96,96,96,96],"floor_reached":18,"language":"RUS","playtime":1000,"items_purged":[],"score":110,"play_id":"04c09788-1d0c-430d-82cc-72a9f788accb","local_time":"20210227170348","is_ascension_mode":false,"metric_token":480,"campfire_choices":[{"floor":6,"key":"REST"}],"circlet_count":0,"master_deck":["Gatherer:Strike_Gatherer","Gatherer:Strike_Gatherer","Gatherer:Strike_Gatherer","Gatherer:Strike_Gatherer","Gatherer:Strike_Gatherer","Gatherer:Defend_Gatherer","Gatherer:Defend_Gatherer","Gatherer:Defend_Gatherer","Gatherer:Defend_Gatherer","Gatherer:Defend_Gatherer","Gatherer:Centralize+1","Gatherer:FlowerWhip","Thinking Ahead","Gatherer:QuickSynthesis","Gatherer:ScherryThrow","Gatherer:FragileHammer","Parasite","Gatherer:FlowerFalling","Gatherer:FlowerFalling","Gatherer:BalancedGrowth+1","Gatherer:CollectorsShot"],"relics":["Gatherer:AlchemyBag","reliquary:Sod","Replay:WaspNest","Turnip"],"acts_visited":["Exordium"],"potions_floor_usage":[16],"damage_taken":[{"damage":6,"enemies":"Cultist","floor":1,"turns":3},{"damage":5,"enemies":"Small Slimes","floor":3,"turns":3},{"damage":8,"enemies":"Jaw Worm","floor":5,"turns":2},{"damage":30,"enemies":"3 Sentries","floor":8,"turns":9},{"damage":11,"enemies":"3 Louse","floor":12,"turns":2},{"damage":0,"enemies":"Looter","floor":16,"turns":1},{"damage":3,"enemies":"Fading Forest","floor":18,"turns":4}],"seed_played":"2966438025911256508","potions_obtained":[{"floor":5,"key":"DistilledChaos"},{"floor":16,"key":"Block Potion"}],"is_trial":false,"path_per_floor":["M","$","M","?","M","R","?","E","T","PTL","PTL","M","$","?","$","M","R","B"],"character_chosen":"THE_GATHERER","items_purchased":["Gatherer:ScherryThrow","Gatherer:BalancedGrowth"],"campfire_rested":1,"item_purchase_floors":[2,13],"current_hp_per_floor":[45,45,40,40,32,53,71,41,41,41,41,30,30,23,23,23,44,41,41,41],"gold":96,"neow_bonus":"RANDOM_COLORLESS_2","is_daily":false,"chose_seed":false,"campfire_upgraded":0,"win_rate":0.0,"timestamp":1614434628,"path_taken":["M","$","M","?","M","R","?","E","T","PTL","PTL","M","$","?","?","M","R","BOSS"],"items_purchased_type":["Card","Card"],"build_version":"2020-12-22","purchased_purges":0,"victory":false,"max_hp_per_floor":[72,72,72,72,72,72,72,72,72,72,72,72,72,72,72,72,72,72,72,72],"card_choices":[{"not_picked":["ReplayTheSpireMod:Necrogeddon","Metamorphosis"],"picked":"Thinking Ahead","floor":0},{"not_picked":["Gatherer:Nutrients","Gatherer:OddSpoils"],"picked":"Gatherer:QuickSynthesis","floor":1},{"not_picked":["Gatherer:OddSpoils","Gatherer:SaveValuables","Gatherer:TreeGrowth"],"picked":"SKIP","floor":3},{"not_picked":["Gatherer:Duplicator","Gatherer:FlowerPower"],"picked":"Gatherer:FragileHammer","floor":5},{"not_picked":["Gatherer:FlowerShield","Gatherer:TacticalStrike"],"picked":"Gatherer:FlowerFalling","floor":8},{"not_picked":["Gatherer:RottenStipe","Gatherer:Misfortune"],"picked":"Gatherer:FlowerFalling","floor":12},{"not_picked":["Gatherer:AcidicSpray","Gatherer:Transmute"],"picked":"Gatherer:CollectorsShot","floor":16}],"player_experience":370693,"relics_obtained":[{"floor":8,"key":"reliquary:Sod"},{"floor":9,"key":"Replay:WaspNest"}],"event_choices":[{"damage_healed":0,"gold_gain":0,"player_choice":"Grow","damage_taken":0,"max_hp_gain":0,"max_hp_loss":0,"event_name":"Living Wall","floor":4,"gold_loss":0,"cards_upgraded":["Gatherer:Centralize"]},{"damage_healed":18,"gold_gain":0,"player_choice":"Healed and dodged fight","damage_taken":0,"max_hp_gain":0,"max_hp_loss":0,"event_name":"Mushrooms","floor":7,"gold_loss":0,"cards_obtained":["Parasite"]},{"damage_healed":0,"gold_gain":0,"player_choice":"Success","damage_taken":7,"relics_obtained":["Turnip"],"max_hp_gain":0,"max_hp_loss":0,"event_name":"Scrap Ooze","floor":14,"gold_loss":0}],"is_beta":false,"boss_relics":[],"items_purged_floors":[],"is_endless":false,"potions_floor_spawned":[5,16],"killed_by":"Fading Forest","ascension_level":0}}