{"host":"t5vp0whyqzs05fb6","time":1614433074,"event":{"mods":["AchievementEnabler","BaseMod","Colored Map","Minty Spire (QoL Compilation)","Rare Cards Sparkle","SuperFastMode","everything is the same but u backflip on backflip"],"gold_per_floor":[117,117,132,144,219,219,233,247,270,270,280,280,290,305,305,400,400,390,410,421,434,227,227,227,240,240,240,240,240,251,268,268,268,268],"floor_reached":33,"language":"KOR","playtime":810,"items_purged":["Strike_P"],"score":295,"play_id":"44ac20c1-fa09-4875-9a50-660ea3cf2006","local_time":"20210227223754","is_ascension_mode":false,"campfire_choices":[{"data":"ClearTheMind","floor":6,"key":"SMITH"},{"data":"Adaptation","floor":12,"key":"SMITH"},{"floor":15,"key":"REST"},{"floor":24,"key":"REST"},{"data":"MentalFortress","floor":27,"key":"SMITH"},{"data":"MentalFortress","floor":29,"key":"SMITH"},{"floor":32,"key":"REST"}],"circlet_count":0,"master_deck":["Strike_P","Defend_P","Defend_P","Defend_P","Defend_P","Eruption+1","Vigilance","ClearTheMind+1","WheelKick","MentalFortress+1","Adaptation+1","MentalFortress+1","Decay","FearNoEvil+1","MentalFortress+1"],"relics":["PureWater","Lantern","Empty Cage","Membership Card","Ornamental Fan"],"acts_visited":["Exordium","TheCity"],"potions_floor_usage":[16,16,20,25],"damage_taken":[{"damage":5,"enemies":"2 Louse","floor":1,"turns":2},{"damage":0,"enemies":"Cultist","floor":3,"turns":3},{"damage":5,"enemies":"Small Slimes","floor":4,"turns":4},{"damage":10,"enemies":"Exordium Thugs","floor":7,"turns":7},{"damage":7,"enemies":"3 Louse","floor":8,"turns":4},{"damage":0,"enemies":"Large Slime","floor":11,"turns":2},{"damage":10,"enemies":"Red Slaver","floor":13,"turns":4},{"damage":12,"enemies":"Blue Slaver","floor":14,"turns":3},{"damage":0,"enemies":"Slime Boss","floor":16,"turns":8},{"damage":22,"enemies":"2 Thieves","floor":18,"turns":4},{"damage":2,"enemies":"Chosen","floor":19,"turns":3},{"damage":21,"enemies":"Shelled Parasite and Fungi","floor":20,"turns":5},{"damage":7,"enemies":"Sentry and Sphere","floor":21,"turns":7},{"damage":17,"enemies":"Snecko","floor":25,"turns":7},{"damage":20,"enemies":"3 Cultists","floor":30,"turns":6},{"damage":5,"enemies":"Shelled Parasite and Fungi","floor":31,"turns":4},{"damage":49,"enemies":"Champ","floor":33,"turns":12}],"seed_played":"4071195602270486378","potions_obtained":[{"floor":3,"key":"EssenceOfSteel"},{"floor":4,"key":"AttackPotion"},{"floor":8,"key":"Dexterity Potion"},{"floor":18,"key":"Weak Potion"},{"floor":19,"key":"DuplicationPotion"}],"is_trial":false,"path_per_floor":["M","?","M","M","?","R","M","M","T","?","M","R","M","M","R","B",null,"M","M","M","M","$","?","R","M","T","R","?","R","M","M","R","B"],"character_chosen":"WATCHER","items_purchased":["Membership Card","Block Potion"],"campfire_rested":3,"item_purchase_floors":[22,22],"current_hp_per_floor":[67,67,67,62,51,51,41,34,34,34,34,34,24,12,33,33,72,50,48,27,20,20,20,41,24,24,24,48,48,28,23,44,0,0],"gold":268,"neow_bonus":"UPGRADE_CARD","is_daily":false,"chose_seed":false,"campfire_upgraded":4,"win_rate":0.0,"timestamp":1614433074,"path_taken":["M","?","?","M","?","R","M","M","T","?","M","R","M","M","R","BOSS","M","M","M","M","$","?","R","M","T","R","?","R","M","M","R","BOSS"],"items_purchased_type":["Relic","Potion"],"build_version":"2020-12-22","purchased_purges":1,"victory":false,"max_hp_per_floor":[72,72,72,72,72,72,72,72,72,72,72,72,72,72,72,72,72,72,72,72,72,72,72,72,72,72,72,72,72,72,72,72,72,72],"card_choices":[{"not_picked":["EmptyBody","BattleHymn"],"picked":"ClearTheMind","floor":1},{"not_picked":["ClearTheMind","Protect","CutThroughFate"],"picked":"SKIP","floor":3},{"not_picked":["CrushJoints","WindmillStrike"],"picked":"WheelKick","floor":4},{"not_picked":["CrushJoints","CarveReality"],"picked":"MentalFortress","floor":7},{"not_picked":["JustLucky","Evaluate","DeceiveReality"],"picked":"SKIP","floor":8},{"not_picked":["FollowUp","Study"],"picked":"Adaptation","floor":11},{"not_picked":["Vengeance","EmptyBody","BowlingBash"],"picked":"SKIP","floor":13},{"not_picked":["Sanctity","Evaluate","ThirdEye"],"picked":"SKIP","floor":14},{"not_picked":["Protect","CutThroughFate","Halt"],"picked":"SKIP","floor":18},{"not_picked":["CrushJoints","PathToVictory","Evaluate+1"],"picked":"SKIP","floor":19},{"not_picked":["Weave+1","Nirvana","PathToVictory+1"],"picked":"SKIP","floor":20},{"not_picked":["FollowUp+1","WreathOfFlame"],"picked":"MentalFortress","floor":21},{"not_picked":["CutThroughFate","JustLucky"],"picked":"FearNoEvil+1","floor":25},{"not_picked":["Prostrate","FlyingSleeves","Wireheading"],"picked":"SKIP","floor":30},{"not_picked":["FearNoEvil","Wireheading+1"],"picked":"MentalFortress+1","floor":31}],"player_experience":254978,"relics_obtained":[{"floor":9,"key":"Lantern"},{"floor":26,"key":"Ornamental Fan"}],"event_choices":[{"damage_healed":0,"gold_gain":0,"player_choice":"0 cards matched","damage_taken":0,"max_hp_gain":0,"max_hp_loss":0,"event_name":"Match and Keep!","floor":2,"gold_loss":0,"cards_obtained":[]},{"damage_healed":0,"gold_gain":75,"player_choice":"Gather Gold","damage_taken":11,"max_hp_gain":0,"max_hp_loss":0,"event_name":"World of Goop","floor":5,"gold_loss":0},{"damage_healed":0,"gold_gain":0,"player_choice":"Ignored","damage_taken":0,"max_hp_gain":0,"max_hp_loss":0,"event_name":"Liars Game","floor":10,"gold_loss":0},{"damage_healed":0,"gold_gain":0,"player_choice":"Smashed Altar","damage_taken":0,"max_hp_gain":0,"max_hp_loss":0,"event_name":"Forgotten Altar","floor":23,"gold_loss":0,"cards_obtained":["Decay"]},{"damage_healed":24,"gold_gain":0,"player_choice":"Heal","damage_taken":0,"max_hp_gain":0,"max_hp_loss":0,"event_name":"The Library","floor":28,"gold_loss":0}],"is_beta":false,"boss_relics":[{"not_picked":["Philosopher\u0027s Stone","Pandora\u0027s Box"],"picked":"Empty Cage"}],"items_purged_floors":[22],"is_endless":false,"potions_floor_spawned":[3,4,8,11,13,18,19],"killed_by":"Champ","ascension_level":0}}