{"host":"v9yiptmoyyuggqjj","time":1614410248,"event":{"mods":["AchievementEnabler","BaseMod","BetterRewards","Card Forge","Colored Map","Colored Powertips","DeckTracker","Highlight Path","Infinite Spire","Minty Spire (QoL Compilation)","Quick Restart","Shop Mod","StSLib","Swap Starting Deck Mod"],"gold_per_floor":[118,118,118,135,155,190,202,202,202,221,246,264,264,292,292,391,391,402,418,19,19,35,65,81,99,148,148,148,148,168,236,236,337,337,356,38,55,74,91,91,126,126,126,126,159,171,81,100,100,106],"floor_reached":51,"language":"ENG","playtime":2396,"items_purged":["Reckless Charge","Spot Weakness"],"score":992,"play_id":"d7d9bf87-78d8-45e1-ac6f-b329366c1a43","local_time":"20210227001728","is_ascension_mode":true,"campfire_choices":[{"data":"Flex","floor":8,"key":"SMITH"},{"data":"Reckless Charge","floor":13,"key":"SMITH"},{"data":"Reckless Charge","floor":15,"key":"SMITH"},{"data":"Barricade","floor":27,"key":"SMITH"},{"data":"Fire Breathing","floor":29,"key":"SMITH"},{"data":"Feel No Pain","floor":32,"key":"SMITH"},{"data":"Power Through","floor":40,"key":"SMITH"},{"data":"Rage","floor":42,"key":"SMITH"},{"data":"Power Through","floor":44,"key":"SMITH"},{"data":"Reckless Charge","floor":49,"key":"SMITH"}],"circlet_count":0,"master_deck":["Reckless Charge+1","Reckless Charge+1","Reckless Charge+1","Wild Strike+1","Power Through+1","Power Through+1","Fire Breathing+1","Flex+1","Rage+1","Barricade+1","Fire Breathing+1","Armaments","Feel No Pain+1","Writhe","CurseOfTheBell"],"relics":["Burning Blood","Hammer of Thor","Seething Fire","Anvil of the Gods","swapstartingdeckmod:Bellows","infinitespire:Lucky Rock","infinitespire:CursedDice","Darkstone Periapt","The Courier","Bag of Preparation","Mark of Pain","Red Skull","Lantern","Shuriken","Nunchaku","Tiny Chest","Letter Opener","Calling Bell","Art of War","infinitespire:CheckeredPen","Torii","Lee\u0027s Waffle","Akabeko","Bag of Marbles","InkBottle","infinitespire:Midas Blood"],"acts_visited":["TheCity","TheBeyond"],"potions_floor_usage":[19,23,23,33,33,41,50,50],"damage_taken":[{"damage":0,"enemies":"Jaw Worm","floor":1,"turns":2},{"damage":0,"enemies":"Small Slimes","floor":4,"turns":3},{"damage":0,"enemies":"Cultist","floor":5,"turns":2},{"damage":0,"enemies":"Gremlin Nob","floor":6,"turns":3},{"damage":0,"enemies":"Large Slime","floor":7,"turns":3},{"damage":0,"enemies":"2 Fungi Beasts","floor":10,"turns":3},{"damage":18,"enemies":"Lagavulin","floor":11,"turns":5},{"damage":0,"enemies":"Blue Slaver","floor":12,"turns":3},{"damage":0,"enemies":"3 Sentries","floor":14,"turns":3},{"damage":0,"enemies":"Slime Boss","floor":16,"turns":5},{"damage":0,"enemies":"3 Byrds","floor":18,"turns":3},{"damage":10,"enemies":"Shell Parasite","floor":19,"turns":3},{"damage":22,"enemies":"Centurion and Healer","floor":22,"turns":3},{"damage":24,"enemies":"Gremlin Leader","floor":23,"turns":6},{"damage":0,"enemies":"Snecko","floor":24,"turns":4},{"damage":15,"enemies":"Chosen and Byrds","floor":25,"turns":5},{"damage":6,"enemies":"Snake Plant","floor":30,"turns":4},{"damage":17,"enemies":"Collector","floor":33,"turns":9},{"damage":2,"enemies":"Orb Walker","floor":35,"turns":4},{"damage":13,"enemies":"3 Darklings","floor":37,"turns":4},{"damage":8,"enemies":"Spire Growth","floor":38,"turns":5},{"damage":0,"enemies":"Sphere and 2 Shapes","floor":39,"turns":2},{"damage":0,"enemies":"Reptomancer","floor":41,"turns":4},{"damage":30,"enemies":"Nemesis","floor":45,"turns":5},{"damage":8,"enemies":"Transient","floor":46,"turns":5},{"damage":0,"enemies":"Jaw Worm Horde","floor":48,"turns":3},{"damage":17,"enemies":"Time Eater","floor":50,"turns":14}],"seed_played":"2743763494265135352","potions_obtained":[{"floor":4,"key":"BloodPotion"},{"floor":7,"key":"SteroidPotion"},{"floor":10,"key":"DistilledChaos"},{"floor":16,"key":"EssenceOfSteel"},{"floor":19,"key":"AttackPotion"},{"floor":24,"key":"Fire Potion"},{"floor":30,"key":"Strength Potion"},{"floor":37,"key":"Swift Potion"},{"floor":39,"key":"Dexterity Potion"},{"floor":46,"key":"SteroidPotion"}],"is_trial":false,"path_per_floor":["M","?","?","M","M","E","M","R","T","M","E","M","R","E","R","B",null,"M","M","$","?","M","E","M","M","T","R","?","R","M","T","R","B",null,"M","$","M","M","M","R","E","R","T","R","E","M","?","M","R","B",null],"character_chosen":"IRONCLAD","items_purchased":["Red Skull","Lantern","Fire Breathing","Spot Weakness","Lee\u0027s Waffle","Akabeko"],"campfire_rested":0,"item_purchase_floors":[20,20,20,20,36,36],"current_hp_per_floor":[80,80,80,80,80,80,80,80,80,80,68,74,74,80,80,80,80,80,80,80,80,64,46,52,43,43,43,49,49,49,49,49,38,92,92,99,92,90,96,96,99,99,99,99,75,73,73,79,79,68],"gold":106,"neow_bonus":"","is_daily":false,"chose_seed":false,"campfire_upgraded":10,"win_rate":0.0,"timestamp":1614410248,"path_taken":["M","?","?","?","M","E","M","R","T","M","E","M","R","E","R","BOSS","M","M","$","?","M","E","M","M","T","R","?","R","M","?","R","BOSS","M","$","M","M","?","R","E","R","T","R","E","M","?","M","R","BOSS"],"items_purchased_type":["Relic","Relic","Card","Card","Relic","Relic"],"build_version":"2020-12-22","purchased_purges":2,"victory":true,"max_hp_per_floor":[80,80,80,80,80,80,80,80,80,80,80,80,80,80,80,80,80,80,80,80,80,80,80,80,80,80,80,86,86,86,86,86,86,92,92,99,99,99,99,99,99,99,99,99,99,99,99,99,99,99],"card_choices":[{"not_picked":["Sword Boomerang","Clash"],"picked":"Flex","floor":1},{"not_picked":["Flex","Power Through","Thunderclap"],"picked":"SKIP","floor":4},{"not_picked":["Iron Wave","Disarm","True Grit"],"picked":"SKIP","floor":5},{"not_picked":["Intimidate","Flame Barrier"],"picked":"Rage","floor":6},{"not_picked":["Cleave","Second Wind","Exhume"],"picked":"SKIP","floor":7},{"not_picked":["Flame Barrier","Wild Strike","Armaments"],"picked":"SKIP","floor":10},{"not_picked":["Wild Strike","Clash","Flex"],"picked":"SKIP","floor":11},{"not_picked":["Wild Strike","Headbutt","Perfected Strike"],"picked":"SKIP","floor":12},{"not_picked":["Shrug It Off","Bludgeon","Blood for Blood"],"picked":"SKIP","floor":14},{"not_picked":["Demon Form","Juggernaut"],"picked":"Barricade","floor":16},{"not_picked":["Evolve","Cleave","Rupture"],"picked":"SKIP","floor":18},{"not_picked":["Clothesline+1","Body Slam","Thunderclap"],"picked":"SKIP","floor":19},{"not_picked":["Pommel Strike","Heavy Blade"],"picked":"Feel No Pain","floor":22},{"not_picked":["Uppercut+1","Clash","Sever Soul+1"],"picked":"SKIP","floor":23},{"not_picked":["Pummel","Sever Soul","Warcry"],"picked":"SKIP","floor":24},{"not_picked":["Pummel","Sever Soul","Warcry"],"picked":"SKIP","floor":24},{"not_picked":["Clothesline","Metallicize","Rampage"],"picked":"SKIP","floor":25},{"not_picked":["Twin Strike","Dual Wield","Corruption"],"picked":"SKIP","floor":30},{"not_picked":["Warcry+1","Thunderclap","Flex+1"],"picked":"SKIP","floor":35},{"not_picked":["Clothesline+1","Combust+1","Demon Form"],"picked":"SKIP","floor":37},{"not_picked":["Sword Boomerang+1","Havoc","Iron Wave+1"],"picked":"SKIP","floor":38},{"not_picked":["Rampage+1","Perfected Strike","Pommel Strike+1"],"picked":"SKIP","floor":39},{"not_picked":["Juggernaut","Shockwave","Barricade"],"picked":"SKIP","floor":41},{"not_picked":["Heavy Blade+1","Wild Strike","Whirlwind+1"],"picked":"SKIP","floor":45},{"not_picked":["Uppercut+1","Headbutt","Blood for Blood"],"picked":"SKIP","floor":46},{"not_picked":["Clash","Headbutt+1","Sever Soul+1"],"picked":"SKIP","floor":48},{"not_picked":["Clash","Headbutt+1","Sever Soul+1"],"picked":"SKIP","floor":48}],"player_experience":627165,"relics_obtained":[{"floor":6,"key":"infinitespire:CursedDice"},{"floor":9,"key":"Darkstone Periapt"},{"floor":11,"key":"The Courier"},{"floor":14,"key":"Bag of Preparation"},{"floor":23,"key":"Shuriken"},{"floor":26,"key":"Nunchaku"},{"floor":31,"key":"Letter Opener"},{"floor":34,"key":"Art of War"},{"floor":34,"key":"infinitespire:CheckeredPen"},{"floor":34,"key":"Torii"},{"floor":41,"key":"Bag of Marbles"},{"floor":43,"key":"InkBottle"},{"floor":45,"key":"infinitespire:Midas Blood"}],"event_choices":[{"cards_removed":["Power Through"],"damage_healed":0,"gold_gain":0,"player_choice":"Gave Card","damage_taken":0,"relics_obtained":["infinitespire:Lucky Rock"],"max_hp_gain":0,"max_hp_loss":0,"event_name":"WeMeetAgain","floor":3,"gold_loss":0},{"damage_healed":0,"gold_gain":0,"player_choice":"Read","damage_taken":0,"max_hp_gain":0,"max_hp_loss":0,"event_name":"The Library","floor":21,"gold_loss":0,"cards_obtained":["Armaments"]},{"damage_healed":0,"gold_gain":0,"player_choice":"Opened","damage_taken":0,"relics_obtained":["Tiny Chest"],"max_hp_gain":0,"max_hp_loss":0,"event_name":"The Mausoleum","floor":28,"gold_loss":0,"cards_obtained":["Writhe"]},{"cards_removed":["Power Through"],"damage_healed":0,"gold_gain":0,"player_choice":"Upgrade and Remove","damage_taken":0,"max_hp_gain":0,"max_hp_loss":0,"event_name":"Designer","floor":47,"gold_loss":90,"cards_upgraded":["Wild Strike"]}],"is_beta":false,"boss_relics":[{"not_picked":["Black Star","Black Blood"],"picked":"Mark of Pain"},{"not_picked":["Runic Pyramid","Sozu"],"picked":"Calling Bell"}],"items_purged_floors":[20,36],"is_endless":false,"potions_floor_spawned":[4,7,10,16,19,22,24,30,37,39,46],"ascension_level":1}}