{"host":"nolo0osttpwefhwj","time":1614454003,"event":{"mods":["AchievementEnabler","BaseMod","Bestiary","Colored Powertips","Minty Spire (QoL Compilation)","Permanent Neow","Quick Restart","Relic Stats"],"gold_per_floor":[109,109,109,126,144,144,157,157,157],"floor_reached":8,"language":"ENG","playtime":311,"items_purged":[],"score":82,"play_id":"a8e7c90b-e0ab-4585-b847-238f81bf211f","local_time":"20210227202643","is_ascension_mode":true,"campfire_choices":[{"data":"Buffer","floor":6,"key":"SMITH"}],"circlet_count":0,"master_deck":["AscendersBane","Strike_B","Strike_B","Strike_B+1","Defend_B","Defend_B+1","Defend_B","Defend_B","Zap","Dualcast","Buffer+1","Leap","Gash","Compile Driver","Compile Driver"],"relics":["Cracked Core"],"acts_visited":["Exordium"],"potions_floor_usage":[],"damage_taken":[{"damage":7,"enemies":"Jaw Worm","floor":1,"turns":3},{"damage":3,"enemies":"Small Slimes","floor":4,"turns":4},{"damage":1,"enemies":"2 Louse","floor":5,"turns":3},{"damage":22,"enemies":"Lots of Slimes","floor":7,"turns":4},{"damage":15,"enemies":"Gremlin Nob","floor":8,"turns":4}],"seed_played":"1187148333168802945","potions_obtained":[{"floor":4,"key":"LiquidBronze"},{"floor":7,"key":"Fruit Juice"}],"is_trial":false,"path_per_floor":["M","?","?","M","M","R","M","E"],"character_chosen":"DEFECT","items_purchased":[],"campfire_rested":0,"item_purchase_floors":[],"current_hp_per_floor":[57,44,37,34,33,33,11,0,0],"gold":157,"neow_bonus":"THREE_RARE_CARDS","is_daily":false,"chose_seed":false,"campfire_upgraded":1,"win_rate":0.0,"timestamp":1614454003,"path_taken":["M","?","?","M","M","R","M","E"],"items_purchased_type":[],"build_version":"2020-12-22","purchased_purges":0,"victory":false,"max_hp_per_floor":[64,64,64,64,64,64,64,64,64],"relic_stats":{"counters":[5,18],"obtain_stats":[{"Cracked Core":0},{"Cracked Core":0},{"Cracked Core":0}]},"card_choices":[{"not_picked":["Reboot","Core Surge"],"picked":"Buffer","floor":0},{"not_picked":["Coolheaded","Tempest"],"picked":"Leap","floor":1},{"not_picked":["Melter","Tempest"],"picked":"Gash","floor":4},{"not_picked":["Coolheaded","Stack"],"picked":"Compile Driver","floor":5},{"not_picked":["Rebound","Turbo"],"picked":"Compile Driver","floor":7}],"player_experience":334948,"relics_obtained":[],"event_choices":[{"damage_healed":0,"gold_gain":0,"player_choice":"Entered Light","damage_taken":13,"max_hp_gain":0,"max_hp_loss":0,"event_name":"Shining Light","floor":2,"gold_loss":0,"cards_upgraded":["Strike_B","Defend_B"]},{"cards_removed":["Strike_B"],"damage_healed":0,"gold_gain":0,"player_choice":"Card Removal","damage_taken":7,"max_hp_gain":0,"max_hp_loss":0,"event_name":"Golden Wing","floor":3,"gold_loss":0}],"is_beta":false,"boss_relics":[],"items_purged_floors":[],"is_endless":false,"potions_floor_spawned":[4,7],"killed_by":"Gremlin Nob","ascension_level":14}}