{"host":"5f8yr5jxnqok2jdo","time":1614451354,"event":{"mods":["AchievementEnabler","BaseMod","Beaked The Cultist","Better Altar","Better Match","Better Note","Better Skull","Better Third Choice","BetterRewards","Block Reminder","Bossed Relics","Colored Map","Colored Powertips","DeckTracker","Displayed Cursed Tome","Downfall","Friendly Minions","Googly Eyes","Highlight Path","Key Reminder","Minty Spire (QoL Compilation)","Quick Restart","Random Character Button","Rare Cards Sparkle","Relic Sorter","Relic Stats","Replay The Spire","Spire Arcade","Spire Birthday Party","StSLib","SuperFastMode","Unceasing Turn Reminder","Weighted Paths"],"gold_per_floor":[365,365,379,397,322,322,347,39,116,134,154,182,182,193,193,289,289,304,304,318,318,318,352,352,371,371,371,66,83,83,23,23,121,121,121,121],"floor_reached":34,"language":"ENG","playtime":1172,"items_purged":["sneckomod:Strike"],"score":380,"play_id":"833c42dd-07de-4dbc-b509-0358d9fdf8ec","local_time":"20210227194234","is_ascension_mode":false,"campfire_choices":[{"data":"Deep Breath","floor":13,"key":"SMITH"},{"data":"sneckomod:UnknownRareAttack","floor":15,"key":"SMITH"},{"data":"sneckomod:SnekBite","floor":24,"key":"SMITH"},{"floor":30,"key":"REST"},{"data":"sneckomod:QuickBite","floor":32,"key":"SMITH"}],"circlet_count":0,"master_deck":["sneckomod:Defend","sneckomod:Defend+1","sneckomod:TailWhip","sneckomod:SnekBite+1","sneckomod:Unknown","sneckomod:UnknownBlock+1","sneckomod:UnknownStrike+1","sneckomod:QuickBite+1","sneckomod:UnknownRareAttack+1","Escape Plan+1","sneckomod:UnknownUncommonPower","Deep Breath+1","sneckomod:WideSting+1","sneckomod:SnekBeam","sneckomod:UnknownExhaust","sneckomod:Unknown0Cost","sneckomod:IronFang+1","sneckomod:UnknownDraw+1","Battle Trance","Slimebound:Tackle+1","Slimebound:Tackle+1","Slimebound:Tackle+1","sneckomod:UnknownRareAttack+1","sneckomod:UnknownBlock","sneckomod:MasterEye","sneckomod:Restock"],"relics":["sneckomod:SneckoSoul","Oddly Smooth Stone","War Paint","White Beast Statue","Du-Vu Doll","Velvet Choker","Kunai","Replay:PocketPolymizer","Pen Nib","Bag of Marbles","Lantern"],"acts_visited":["Exordium","TheCity"],"potions_floor_usage":[11],"damage_taken":[{"damage":1,"enemies":"Jaw Worm","floor":1,"turns":3},{"damage":1,"enemies":"Cultist","floor":3,"turns":3},{"damage":0,"enemies":"2 Louse","floor":4,"turns":2},{"damage":18,"enemies":"3 Sentries","floor":7,"turns":4},{"damage":8,"enemies":"Gremlin Gang","floor":10,"turns":4},{"damage":0,"enemies":"2 Fungi Beasts","floor":11,"turns":2},{"damage":3,"enemies":"Lagavulin","floor":12,"turns":5},{"damage":10,"enemies":"Exordium Thugs","floor":14,"turns":4},{"damage":25,"enemies":"The Guardian","floor":16,"turns":12},{"damage":1,"enemies":"Spheric Guardian","floor":18,"turns":3},{"damage":0,"enemies":"Chosen","floor":20,"turns":4},{"damage":34,"enemies":"Slavers","floor":23,"turns":4},{"damage":3,"enemies":"Snake Plant","floor":25,"turns":1},{"damage":3,"enemies":"Shelled Parasite and Fungi","floor":29,"turns":3},{"damage":63,"enemies":"Collector","floor":33,"turns":6}],"seed_played":"-2907199832104557655","potions_obtained":[{"floor":1,"key":"Swift Potion"},{"floor":3,"key":"Cursed Concoction"},{"floor":10,"key":"BlessingOfTheForge"},{"floor":20,"key":"FairyPotion"}],"is_trial":false,"path_per_floor":["M","?","M","M","?","R","E","$","T","M","M","E","R","M","R","B",null,"M","?","M","?","?","E","R","M","T","?","$","M","R","?","R","B",null],"character_chosen":"THE_SNECKO","items_purchased":["Deep Breath","War Paint","Pen Nib","Bag of Marbles"],"campfire_rested":1,"item_purchase_floors":[8,8,28,28],"current_hp_per_floor":[80,80,79,79,79,79,61,61,61,53,53,50,50,40,40,30,81,80,80,80,80,80,46,46,43,43,43,43,40,64,64,64,1,1,1,1],"gold":121,"neow_bonus":"TWO_FIFTY_GOLD","is_daily":false,"chose_seed":false,"campfire_upgraded":4,"win_rate":0.0,"timestamp":1614451354,"path_taken":["M","?","M","M","?","R","E","$","T","?","M","E","R","M","R","BOSS","M","?","M","?","?","E","R","M","T","?","$","?","R","?","R","BOSS"],"items_purchased_type":["Card","Relic","Relic","Relic"],"build_version":"2020-12-22","purchased_purges":1,"victory":false,"max_hp_per_floor":[81,81,81,81,81,81,81,81,81,81,81,81,81,81,81,81,81,81,81,81,81,81,81,81,81,81,81,81,81,81,81,81,81,81,81,81],"relic_stats":{"counters":[15,60],"Pen Nib":[2],"Kunai":[7],"War Paint":["sneckomod:UnknownBlock","sneckomod:Defend"],"obtain_stats":[{"Du-Vu Doll":12,"Lantern":31,"Replay:PocketPolymizer":26,"Oddly Smooth Stone":7,"Velvet Choker":17,"Pen Nib":28,"Bag of Marbles":28,"Kunai":23,"War Paint":8,"sneckomod:SneckoSoul":0,"White Beast Statue":9},{"Du-Vu Doll":7,"Lantern":14,"Replay:PocketPolymizer":13,"Oddly Smooth Stone":4,"Velvet Choker":9,"Pen Nib":13,"Bag of Marbles":13,"Kunai":12,"War Paint":4,"sneckomod:SneckoSoul":0,"White Beast Statue":4},{"Du-Vu Doll":23,"Lantern":54,"Replay:PocketPolymizer":51,"Oddly Smooth Stone":12,"Velvet Choker":39,"Pen Nib":51,"Bag of Marbles":51,"Kunai":50,"War Paint":12,"sneckomod:SneckoSoul":0,"White Beast Statue":12}]},"card_choices":[{"not_picked":["sneckomod:QuickBite","sneckomod:UnknownDraw"],"picked":"sneckomod:UnknownBlock","floor":1},{"not_picked":["sneckomod:UnknownCommonSkill","sneckomod:QuickMove"],"picked":"sneckomod:QuickBite","floor":3},{"not_picked":["sneckomod:UnknownUncommonPower","sneckomod:QuickMove"],"picked":"sneckomod:UnknownRareAttack","floor":4},{"not_picked":["sneckomod:SoulCleanse+1","sneckomod:UnknownWeak+1"],"picked":"sneckomod:Unknown0Cost+1","floor":5},{"not_picked":["sneckomod:UnknownDraw","sneckomod:DefensiveFlair"],"picked":"sneckomod:UnknownUncommonPower","floor":7},{"not_picked":["sneckomod:MasterEye","sneckomod:UnknownBlock"],"picked":"sneckomod:WideSting","floor":10},{"not_picked":["sneckomod:UnknownCommonSkill","sneckomod:UnknownDraw"],"picked":"sneckomod:SnekBeam","floor":11},{"not_picked":["sneckomod:Mudshield","sneckomod:IronFang"],"picked":"sneckomod:UnknownExhaust","floor":12},{"not_picked":["sneckomod:Unknown1Cost","sneckomod:UnknownCommonSkill"],"picked":"sneckomod:Unknown0Cost","floor":14},{"not_picked":["sneckomod:DiceBoulder","sneckomod:DefensiveFlair"],"picked":"sneckomod:IronFang+1","floor":18},{"not_picked":["sneckomod:IronFang","sneckomod:UnknownStrike"],"picked":"sneckomod:UnknownDraw+1","floor":20},{"not_picked":["sneckomod:Nope","sneckomod:WideSting","sneckomod:DiceCrush+1"],"picked":"SKIP","floor":23},{"not_picked":["sneckomod:UnknownCommonAttack","sneckomod:Nope","sneckomod:UnknownDraw"],"picked":"SKIP","floor":25},{"not_picked":["sneckomod:UnknownExhaust","sneckomod:TrashToTreasure"],"picked":"sneckomod:UnknownBlock","floor":29},{"not_picked":["sneckomod:Cheat","sneckomod:DangerNoodle"],"picked":"sneckomod:Restock","floor":33}],"player_experience":389859,"relics_obtained":[{"floor":7,"key":"Oddly Smooth Stone"},{"floor":9,"key":"White Beast Statue"},{"floor":12,"key":"Du-Vu Doll"},{"floor":23,"key":"Kunai"},{"floor":26,"key":"Replay:PocketPolymizer"}],"event_choices":[{"damage_healed":0,"gold_gain":0,"player_choice":"2","damage_taken":0,"max_hp_gain":0,"max_hp_loss":0,"event_name":"betterMatch:BetterMatch","floor":5,"gold_loss":0,"cards_obtained":["betterMatch:UncommonCard"]},{"damage_healed":0,"gold_gain":0,"player_choice":"Forge","damage_taken":0,"max_hp_gain":0,"max_hp_loss":0,"event_name":"Accursed Blacksmith","floor":19,"gold_loss":0,"cards_upgraded":["sneckomod:WideSting"]},{"cards_removed":["Deep Breath"],"damage_healed":0,"gold_gain":0,"player_choice":"Take \u0026 Give","damage_taken":0,"max_hp_gain":0,"max_hp_loss":0,"event_name":"betterNote:BetterNote","floor":21,"gold_loss":0,"cards_obtained":["Battle Trance"]},{"damage_healed":0,"gold_gain":0,"player_choice":"Copied","damage_taken":0,"max_hp_gain":0,"max_hp_loss":0,"event_name":"Duplicator","floor":27,"gold_loss":0,"cards_obtained":["sneckomod:UnknownRareAttack"]},{"damage_healed":0,"gold_gain":0,"player_choice":"Paid Gold","damage_taken":0,"relics_obtained":["Lantern"],"max_hp_gain":0,"max_hp_loss":0,"event_name":"WeMeetAgain","floor":31,"gold_loss":60}],"is_beta":false,"boss_relics":[{"not_picked":["Busted Crown","Cursed Key"],"picked":"Velvet Choker"}],"items_purged_floors":[8],"is_endless":false,"potions_floor_spawned":[1,3,10,11,12,14,16,18,20,23,25,29,33],"ascension_level":0}}