{"host":"aygt75jb8cs7sa4f","time":1614407214,"event":{"mods":["Act Like it!","AlwaysNeverKeys","BaseMod","Better Third Choice","BetterRewards","Colored Map","Conspire","Dota2Spire","Force Act Four","GifTheSpireLib","Halation","Hallownest","Hermit","Hubris","Marisa????????","Minty Spire (QoL Compilation)","Permanent Neow","Reliquary","Replay The Spire","Spikes Relics","StSLib","The Animator","The Bug Knight","The Cursed","The Servant 0.9.4"],"gold_per_floor":[114,163,183,183,199,199,199,211,211,229,259,259,291,266,266,371,371,385,402,422,440,450,450,480,56,82,82,117,131,131,131,131,230,230,248,259,275,290,50,79,79,108,132,147,147,172,207,207,207,207,207,207,207,236,236,236],"floor_reached":55,"language":"ENG","playtime":5000,"items_purged":[],"score":1037,"play_id":"9b812771-9271-4efa-bead-9b0806cc1a6c","local_time":"20210227012654","daily_mods":["SealedDeck","Flight"],"is_ascension_mode":false,"campfire_choices":[{"data":"Heavy Blade","floor":6,"key":"SMITH"},{"data":"Heavy Blade","floor":7,"key":"SMITH"},{"data":"Pummel","floor":12,"key":"SMITH"},{"floor":15,"key":"REST"},{"floor":23,"key":"REST"},{"data":"Apotheosis","floor":27,"key":"SMITH"},{"floor":32,"key":"REST"},{"data":"Enlightenment","floor":41,"key":"SMITH"},{"data":"Reaper","floor":45,"key":"SMITH"},{"floor":49,"key":"REST"},{"data":"Invigoration","floor":52,"key":"SMITH"}],"circlet_count":0,"master_deck":["Armaments+1","Shrug It Off+1","Heavy Blade+1","Heavy Blade+1","Replay:Undeath\u0027s Touch","Sword Boomerang","Invigoration+1","Bloodletting","Inflame","Rupture","Demon Form","ReplayTheSpireMod:Muscle Training","Shrug It Off","Pummel+1","Replay:Undeath\u0027s Touch","Flex+1","Reaper+1","Spot Weakness","Inflame","Apotheosis+1","ReplayTheSpireMod:Limb From Limb","Reaper","Limit Break","Flex+1","Iron Wave+1","Battle Trance","Enlightenment+1","Brutality"],"relics":["Burning Blood","conspire:GiftBox","Mirror","Sundial","Boot","Dota2Spire:Bloodstone","SpikesRelics:DaevaFist","SpikesRelics:ToyHorsey","hubris:SlimyHat","reliquary:Aerogel","SlaversCollar","Strange Spoon","Replay:Wax Seal","Snack Pack","Dota2Spire:PhaseBoots","MealTicket","reliquary:Buckler"],"acts_visited":["Exordium","TheCity","TheBeyond","TheEnding"],"potions_floor_usage":[11,11,24,29,36,38,38,47,50,50,50,55,55,55],"damage_taken":[{"damage":1,"enemies":"2 Louse","floor":1,"turns":2},{"damage":33,"enemies":"conspire:MimicChest","floor":2,"turns":5},{"damage":2,"enemies":"Small Slimes","floor":3,"turns":3},{"damage":0,"enemies":"Cultist","floor":5,"turns":4},{"damage":8,"enemies":"Looter","floor":8,"turns":2},{"damage":3,"enemies":"Gremlin Gang","floor":10,"turns":3},{"damage":36,"enemies":"3 Sentries","floor":11,"turns":6},{"damage":26,"enemies":"Gremlin Nob","floor":13,"turns":4},{"damage":41,"enemies":"Hexaghost","floor":16,"turns":5},{"damage":9,"enemies":"Chosen","floor":18,"turns":2},{"damage":13,"enemies":"Shell Parasite","floor":19,"turns":3},{"damage":36,"enemies":"Centurion and Healer","floor":20,"turns":5},{"damage":19,"enemies":"Sentry and Sphere","floor":21,"turns":4},{"damage":23,"enemies":"conspire:HollyBat","floor":22,"turns":6},{"damage":60,"enemies":"Slavers","floor":24,"turns":4},{"damage":16,"enemies":"HollowMod:Nosk","floor":28,"turns":4},{"damage":1,"enemies":"Snake Plant","floor":29,"turns":3},{"damage":56,"enemies":"Pondfish","floor":33,"turns":5},{"damage":28,"enemies":"3 Shapes","floor":35,"turns":4},{"damage":23,"enemies":"3 Darklings","floor":36,"turns":5},{"damage":51,"enemies":"4 Shapes","floor":37,"turns":7},{"damage":38,"enemies":"Maw","floor":38,"turns":6},{"damage":16,"enemies":"R_Hoarder","floor":40,"turns":6},{"damage":4,"enemies":"Giant Head","floor":42,"turns":4},{"damage":25,"enemies":"Spire Growth","floor":44,"turns":3},{"damage":4,"enemies":"HollowMod:StalkingDevout","floor":46,"turns":4},{"damage":99,"enemies":"Reptomancer","floor":47,"turns":5},{"damage":26,"enemies":"hubris:GrandSnecko","floor":50,"turns":5},{"damage":40,"enemies":"Shield and Spear","floor":54,"turns":4},{"damage":138,"enemies":"The Heart","floor":55,"turns":6}],"seed_played":"-8751828386456691427","potions_obtained":[{"floor":3,"key":"Dota2Spire:HealingSalve"},{"floor":5,"key":"Milkshake"},{"floor":8,"key":"Fire Potion"},{"floor":11,"key":"Dexterity Potion"},{"floor":16,"key":"SpeedPotion"},{"floor":24,"key":"Block Potion"},{"floor":28,"key":"Weak Potion"},{"floor":33,"key":"LiquidMemories"},{"floor":36,"key":"BlessingOfTheForge"},{"floor":37,"key":"Adrenaline Potion"},{"floor":40,"key":"EntropicBrew"},{"floor":44,"key":"EssenceOfSteel"},{"floor":47,"key":"SteroidPotion"}],"is_trial":true,"path_per_floor":["M","?","M","?","M","R","R","M","T","M","E","R","E","$","R","B",null,"M","M","M","M","M","R","E","$","T","R","E","M","?","$","R","B",null,"M","M","M","M","$","E","R","E","T","M","R","E","E","$","R","B",null,"R","$","E","B"],"character_chosen":"IRONCLAD","items_purchased":["Flex","SpikesRelics:ToyHorsey","Apotheosis","Strange Spoon","Enlightenment"],"campfire_rested":4,"item_purchase_floors":[14,25,25,39,39],"current_hp_per_floor":[80,53,57,57,63,63,63,61,61,64,49,49,29,29,53,18,80,77,70,52,40,35,59,32,32,32,32,22,27,27,27,51,62,80,74,80,50,68,68,80,80,80,80,80,80,80,29,44,68,52,80,80,80,80,0,0],"gold":236,"neow_bonus":"","is_daily":false,"chose_seed":false,"campfire_upgraded":7,"win_rate":0.0,"timestamp":1614407214,"path_taken":["M","?","M","?","M","R","R","M","T","M","E","R","E","$","R","BOSS","M","M","?","M","M","R","E","$","T","R","E","M","?","$","R","BOSS","M","M","?","M","$","E","R","E","T","M","R","E","E","$","R","BOSS","R","$","E","BOSS"],"items_purchased_type":["Card","Relic","Card","Relic","Card"],"build_version":"2020-12-22","purchased_purges":0,"victory":false,"max_hp_per_floor":[80,80,80,80,80,80,80,80,80,80,80,80,80,80,80,80,80,80,80,80,80,80,80,80,80,80,80,80,80,80,80,80,80,80,80,80,80,80,80,80,80,80,80,80,80,80,80,80,80,80,80,80,80,80,80,80],"card_choices":[{"not_picked":["Clash","Body Slam","Reckless Charge"],"picked":"SKIP","floor":1},{"not_picked":["Limit Break","Exhume"],"picked":"Demon Form","floor":2},{"not_picked":["Replay:Undeath\u0027s Touch","Fire Breathing"],"picked":"ReplayTheSpireMod:Muscle Training","floor":3},{"not_picked":["Headbutt","Thunderclap"],"picked":"Shrug It Off","floor":5},{"not_picked":["Whirlwind","Warcry"],"picked":"Pummel","floor":8},{"not_picked":["Evolve","Intimidate","Thunderclap"],"picked":"SKIP","floor":10},{"not_picked":["conspire:Purge","True Grit"],"picked":"Replay:Undeath\u0027s Touch","floor":11},{"not_picked":["Evolve","Heavy Blade","Replay:Undeath\u0027s Touch"],"picked":"SKIP","floor":13},{"not_picked":["Double Tap","Bludgeon"],"picked":"Reaper","floor":16},{"not_picked":["Run Through","Perfected Strike"],"picked":"Spot Weakness","floor":18},{"not_picked":["Run Through","hubris:ReadiedAction","Evolve"],"picked":"SKIP","floor":19},{"not_picked":["Replay:Undeath\u0027s Touch","Pommel Strike"],"picked":"Inflame","floor":20},{"not_picked":["Absolvement+1","True Grit","Perfected Strike"],"picked":"SKIP","floor":21},{"not_picked":["Shrug It Off+1","Body Slam","Cleave"],"picked":"SKIP","floor":22},{"not_picked":["hubris:ReadiedAction","Flame Barrier","Uppercut"],"picked":"SKIP","floor":24},{"not_picked":["Rage","Eclipse","Clothesline"],"picked":"SKIP","floor":28},{"not_picked":["hubris:SharpeningStone","Dark Embrace+1"],"picked":"ReplayTheSpireMod:Limb From Limb","floor":29},{"not_picked":["Juggernaut","Bludgeon"],"picked":"Limit Break","floor":33},{"not_picked":["Body Slam+1","Iron Wave"],"picked":"Flex+1","floor":35},{"not_picked":["ReplayTheSpireMod:Corrosion Curse","ReplayTheSpireMod:LeadingStrike"],"picked":"Iron Wave+1","floor":36},{"not_picked":["Perfected Strike","Life Link+1","Rage"],"picked":"SKIP","floor":37},{"not_picked":["Armaments+1","Havoc"],"picked":"Battle Trance","floor":38},{"not_picked":["Run Through+1","Sword Boomerang"],"picked":"Brutality","floor":40},{"not_picked":["ReplayTheSpireMod:Stacked+1","Heavy Blade+1","Thunderclap"],"picked":"SKIP","floor":42},{"not_picked":["Massacre+1","Abandon+1","Sword Boomerang+1"],"picked":"SKIP","floor":44},{"not_picked":["Iron Wave","Barricade","Whirlwind"],"picked":"SKIP","floor":46},{"not_picked":["ReplayTheSpireMod:Limb From Limb+1","Evolve+1","Combust+1"],"picked":"SKIP","floor":47},{"not_picked":["Whirlwind","Replay:Undeath\u0027s Touch","ReplayTheSpireMod:LeadingStrike+1"],"picked":"SKIP","floor":54}],"player_experience":440764,"relics_obtained":[{"floor":2,"key":"conspire:GiftBox"},{"floor":9,"key":"Mirror"},{"floor":11,"key":"Sundial"},{"floor":13,"key":"Boot"},{"floor":24,"key":"SpikesRelics:DaevaFist"},{"floor":26,"key":"hubris:SlimyHat"},{"floor":28,"key":"reliquary:Aerogel"},{"floor":40,"key":"Replay:Wax Seal"},{"floor":42,"key":"Snack Pack"},{"floor":43,"key":"Dota2Spire:PhaseBoots"},{"floor":46,"key":"MealTicket"},{"floor":54,"key":"reliquary:Buckler"}],"event_choices":[{"damage_healed":0,"gold_gain":0,"player_choice":"Forge","damage_taken":0,"max_hp_gain":0,"max_hp_loss":0,"event_name":"Accursed Blacksmith","floor":4,"gold_loss":0,"cards_upgraded":["Armaments"]},{"damage_healed":0,"gold_gain":0,"player_choice":"Copied","damage_taken":0,"max_hp_gain":0,"max_hp_loss":0,"event_name":"Duplicator","floor":30,"gold_loss":0,"cards_obtained":["Reaper"]}],"is_beta":false,"boss_relics":[{"not_picked":["reliquary:RedCape","ReplayTheSpireMod:DimensionalGlitch"],"picked":"Dota2Spire:Bloodstone"},{"not_picked":["Cursed Key","Mark of Pain"],"picked":"SlaversCollar"}],"items_purged_floors":[],"is_endless":false,"potions_floor_spawned":[3,5,8,11,16,18,22,24,28,33,36,37,40,44,47],"killed_by":"The Heart","ascension_level":0}}