{"host":"lktusdb9orijgc6z","time":1614400090,"event":{"mods":["BaseMod","Bestiary","Colored Map","Colored Powertips","Filter the Spire","Minty Spire (QoL Compilation)","Permanent Neow","Quick Restart","Relic Stats","StSLib","everything is the same but u backflip on backflip","slay the spire mod where everything is the same but ironclad has a cowboy hat"],"gold_per_floor":[115,129,140,140,156,186,186,186,212,244,39,73,92,105,105,181,181,192,210,210,210,228,261,261,296,376,376,405,405,423,143,143,219,219,231,231,13,68,80,109,125,159,233,246,246,275,287,319,319,319,319,319],"floor_reached":51,"language":"ENG","playtime":2645,"items_purged":["Strike_G+1","Strike_G+1"],"score":1740,"play_id":"0bce436c-9ea9-4947-85bb-258cbdd74ecb","local_time":"20210227052810","is_ascension_mode":true,"campfire_choices":[{"data":"Slice","floor":7.0,"key":"SMITH"},{"data":"Blade Dance","floor":15.0,"key":"SMITH"},{"data":"Reflex","floor":24.0,"key":"SMITH"},{"data":"Blade Dance","floor":27.0,"key":"SMITH"},{"data":"Well Laid Plans","floor":32.0,"key":"SMITH"},{"floor":45.0,"key":"RECALL"},{"data":"Blade Dance","floor":49.0,"key":"SMITH"}],"circlet_count":0,"master_deck":["AscendersBane","Strike_G+1","Defend_G+1","Defend_G+1","Defend_G+1","Survivor","Neutralize","Storm of Steel+1","Choke+1","Dagger Throw+1","Dagger Throw","Slice+1","Poisoned Stab","Escape Plan","Tactician","Distraction","Reflex+1","After Image","Blur","Tools of the Trade","Blade Dance+1","Die Die Die","Terror","PiercingWail+1","Ghostly","Ghostly","Ghostly","Blade Dance+1","Backflip+1","Well Laid Plans+1","Doppelganger","Blade Dance+1","Backflip+1","Acrobatics","Blade Dance","PiercingWail","Blade Dance","PiercingWail"],"relics":["Astrolabe","Lantern","Tiny Chest","Centennial Puzzle","Tingsha","HoveringKite","Singing Bowl","Pantograph","Meat on the Bone","The Courier","FossilizedHelix","Paper Crane","WristBlade","Bag of Preparation","Mercury Hourglass","Boot","Frozen Egg 2","Ancient Tea Set","Letter Opener"],"acts_visited":["Exordium","TheCity","TheBeyond"],"potions_floor_usage":[50],"damage_taken":[{"damage":0.0,"enemies":"Small Slimes","floor":1.0,"turns":2.0},{"damage":4.0,"enemies":"Jaw Worm","floor":2.0,"turns":2.0},{"damage":5.0,"enemies":"2 Louse","floor":3.0,"turns":2.0},{"damage":0.0,"enemies":"2 Fungi Beasts","floor":5.0,"turns":2.0},{"damage":11.0,"enemies":"Gremlin Nob","floor":6.0,"turns":3.0},{"damage":12.0,"enemies":"3 Sentries","floor":10.0,"turns":5.0},{"damage":8.0,"enemies":"Gremlin Nob","floor":12.0,"turns":3.0},{"damage":0.0,"enemies":"Lots of Slimes","floor":13.0,"turns":2.0},{"damage":0.0,"enemies":"Looter","floor":14.0,"turns":1.0},{"damage":12.0,"enemies":"The Guardian","floor":16.0,"turns":9.0},{"damage":0.0,"enemies":"Spheric Guardian","floor":18.0,"turns":3.0},{"damage":3.0,"enemies":"2 Thieves","floor":19.0,"turns":3.0},{"damage":2.0,"enemies":"Sentry and Sphere","floor":22.0,"turns":6.0},{"damage":3.0,"enemies":"Slavers","floor":23.0,"turns":6.0},{"damage":1.0,"enemies":"Book of Stabbing","floor":25.0,"turns":4.0},{"damage":15.0,"enemies":"Slavers","floor":28.0,"turns":3.0},{"damage":0.0,"enemies":"Centurion and Healer","floor":30.0,"turns":6.0},{"damage":7.0,"enemies":"Collector","floor":33.0,"turns":8.0},{"damage":0.0,"enemies":"Orb Walker","floor":35.0,"turns":3.0},{"damage":0.0,"enemies":"3 Darklings","floor":39.0,"turns":3.0},{"damage":0.0,"enemies":"Nemesis","floor":40.0,"turns":5.0},{"damage":0.0,"enemies":"Spire Growth","floor":41.0,"turns":3.0},{"damage":0.0,"enemies":"Giant Head","floor":42.0,"turns":5.0},{"damage":0.0,"enemies":"Transient","floor":44.0,"turns":6.0},{"damage":9.0,"enemies":"Reptomancer","floor":46.0,"turns":4.0},{"damage":0.0,"enemies":"Maw","floor":47.0,"turns":6.0},{"damage":23.0,"enemies":"Giant Head","floor":48.0,"turns":7.0},{"damage":26,"enemies":"Donu and Deca","floor":50,"turns":8},{"damage":47,"enemies":"Time Eater","floor":51,"turns":11}],"seed_played":"1275886913364171873","potions_obtained":[{"floor":1.0,"key":"AttackPotion"},{"floor":5.0,"key":"Block Potion"},{"floor":6.0,"key":"Fire Potion"},{"floor":12.0,"key":"DuplicationPotion"},{"floor":23.0,"key":"ColorlessPotion"},{"floor":25.0,"key":"PowerPotion"},{"floor":33.0,"key":"Ancient Potion"},{"floor":41.0,"key":"Fire Potion"},{"floor":42.0,"key":"AttackPotion"},{"floor":47.0,"key":"CultistPotion"}],"is_trial":false,"path_per_floor":["M","M","M","?","M","E","R","?","T","E","$","E","M","M","R","B",null,"M","M","?","T","M","E","R","E","T","R","E","?","M","$","R","B",null,"M","?","$","T","M","E","M","E","T","M","R","E","M","E","R","B","B"],"character_chosen":"THE_SILENT","items_purchased":["After Image","Blur","Paper Crane","Bag of Preparation"],"campfire_rested":0,"item_purchase_floors":[11,11,31,37],"current_hp_per_floor":[59,55,50,55,55,44,44,44,44,32,32,24,24,24,24,12,56,56,53,35,35,35,34,34,33,33,33,30,30,30,30,30,32,37,37,37,37,37,37,37,37,37,37,39,39,30,32,21,21,27,0,0],"gold":319,"neow_bonus":"BOSS_RELIC","is_daily":false,"chose_seed":false,"campfire_upgraded":6,"win_rate":0.0,"timestamp":1614400090,"path_taken":["M","M","M","?","M","E","R","?","T","E","?","E","?","M","R","BOSS","M","M","?","?","?","E","R","E","T","R","E","?","M","$","R","BOSS","M","?","$","?","M","E","M","E","T","M","R","E","M","E","R","BOSS","BOSS"],"items_purchased_type":["Card","Card","Relic","Relic"],"build_version":"2020-12-22","purchased_purges":2,"victory":false,"max_hp_per_floor":[66,66,66,71,71,71,71,71,71,71,71,71,71,71,71,71,71,71,71,35,35,37,39,39,39,39,39,39,39,39,39,39,39,39,39,37,37,37,37,37,37,37,37,39,39,39,41,41,41,41,41,41],"relic_stats":{"Singing Bowl":8,"counters":[29,131],"Astrolabe":["Storm of Steel","Choke","Dagger Throw"],"HoveringKite":[73],"Tingsha":[545],"Bag of Preparation":[20],"Letter Opener":[45],"Boot":[8],"Mercury Hourglass":[147],"Centennial Puzzle":[36],"Pantograph":43,"Tiny Chest":2,"obtain_stats":[{"Lantern":6,"Singing Bowl":21,"Astrolabe":0,"HoveringKite":17,"Tingsha":12,"The Courier":26,"Bag of Preparation":37,"Letter Opener":48,"Paper Crane":31,"Frozen Egg 2":43,"Boot":42,"Ancient Tea Set":46,"Mercury Hourglass":40,"Centennial Puzzle":10,"WristBlade":34,"Pantograph":23,"Tiny Chest":9,"FossilizedHelix":28,"Ring of the Snake":0,"Meat on the Bone":25},{"Lantern":5,"Singing Bowl":12,"Astrolabe":0,"HoveringKite":10,"Tingsha":7,"The Courier":15,"Bag of Preparation":19,"Letter Opener":27,"Paper Crane":17,"Frozen Egg 2":23,"Boot":23,"Ancient Tea Set":25,"Mercury Hourglass":21,"Centennial Puzzle":6,"WristBlade":18,"Pantograph":14,"Tiny Chest":5,"FossilizedHelix":16,"Ring of the Snake":0,"Meat on the Bone":15},{"Lantern":11,"Singing Bowl":37,"Astrolabe":0,"HoveringKite":31,"Tingsha":19,"The Courier":53,"Bag of Preparation":73,"Letter Opener":112,"Paper Crane":62,"Frozen Egg 2":89,"Boot":89,"Ancient Tea Set":99,"Mercury Hourglass":81,"Centennial Puzzle":16,"WristBlade":70,"Pantograph":49,"Tiny Chest":11,"FossilizedHelix":56,"Ring of the Snake":0,"Meat on the Bone":53}],"Meat on the Bone":36},"card_choices":[{"not_picked":["Expertise","Bane"],"picked":"Dagger Throw","floor":1.0},{"not_picked":["Acrobatics","Masterful Stab"],"picked":"Slice","floor":2.0},{"not_picked":["Expertise","Cloak And Dagger"],"picked":"Poisoned Stab","floor":3.0},{"not_picked":["Cloak And Dagger","Accuracy"],"picked":"Escape Plan","floor":5.0},{"not_picked":["Bouncing Flask","Infinite Blades"],"picked":"Tactician","floor":6.0},{"not_picked":["Cloak And Dagger","Outmaneuver"],"picked":"Reflex","floor":10.0},{"not_picked":["Deadly Poison","Predator"],"picked":"Tools of the Trade","floor":12.0},{"not_picked":["Escape Plan","Skewer","Bane"],"picked":"SKIP","floor":13.0},{"not_picked":["Concentrate","Underhanded Strike"],"picked":"Blade Dance","floor":14.0},{"not_picked":["Glass Knife","Envenom"],"picked":"Die Die Die","floor":16.0},{"not_picked":["Deflect","Predator+1"],"picked":"Terror","floor":18.0},{"not_picked":["Skewer","Choke"],"picked":"PiercingWail+1","floor":19.0},{"not_picked":["Slice","Prepared","Riddle With Holes"],"picked":"Singing Bowl","floor":22.0},{"not_picked":["Sucker Punch","Unload","Dagger Throw"],"picked":"Singing Bowl","floor":23.0},{"not_picked":["Concentrate","Terror"],"picked":"Blade Dance","floor":25.0},{"not_picked":["Choke","Caltrops"],"picked":"Backflip+1","floor":28.0},{"not_picked":["PiercingWail","Dagger Spray"],"picked":"Well Laid Plans","floor":30.0},{"not_picked":["Storm of Steel","Bullet Time"],"picked":"Doppelganger","floor":33.0},{"not_picked":["Sucker Punch+1","PiercingWail"],"picked":"Blade Dance","floor":35.0},{"not_picked":["Sucker Punch","Footwork"],"picked":"Backflip+1","floor":39.0},{"not_picked":["Dagger Spray","Setup"],"picked":"Acrobatics","floor":40.0},{"not_picked":["Unload","Bane"],"picked":"Blade Dance","floor":41.0},{"not_picked":["Prepared","Slice"],"picked":"PiercingWail","floor":42.0},{"not_picked":["Endless Agony","Distraction","Backflip"],"picked":"Singing Bowl","floor":44.0},{"not_picked":["Dagger Throw+1","Prepared"],"picked":"Blade Dance","floor":46.0},{"not_picked":["Cloak And Dagger+1","Terror","Blur"],"picked":"Singing Bowl","floor":47.0},{"not_picked":["Flying Knee","All Out Attack"],"picked":"PiercingWail","floor":48.0}],"player_experience":825049,"relics_obtained":[{"floor":6.0,"key":"Lantern"},{"floor":9.0,"key":"Tiny Chest"},{"floor":10.0,"key":"Centennial Puzzle"},{"floor":12.0,"key":"Tingsha"},{"floor":21.0,"key":"Singing Bowl"},{"floor":23.0,"key":"Pantograph"},{"floor":25.0,"key":"Meat on the Bone"},{"floor":26.0,"key":"The Courier"},{"floor":28.0,"key":"FossilizedHelix"},{"floor":40.0,"key":"Mercury Hourglass"},{"floor":42.0,"key":"Boot"},{"floor":43.0,"key":"Frozen Egg 2"},{"floor":46.0,"key":"Ancient Tea Set"},{"floor":48.0,"key":"Letter Opener"}],"event_choices":[{"damage_healed":0.0,"max_hp_gain":5.0,"max_hp_loss":0.0,"gold_gain":0.0,"event_name":"Big Fish","player_choice":"Donut","floor":4.0,"gold_loss":0.0,"damage_taken":0.0},{"damage_healed":0.0,"max_hp_gain":0.0,"max_hp_loss":0.0,"gold_gain":0.0,"cards_transformed":["Strike_G"],"event_name":"Living Wall","player_choice":"Change","floor":8.0,"gold_loss":0.0,"damage_taken":0.0,"cards_obtained":["Distraction"]},{"damage_healed":0.0,"max_hp_gain":0.0,"max_hp_loss":36.0,"gold_gain":0.0,"event_name":"Ghosts","player_choice":"Became a Ghost","floor":20.0,"gold_loss":0.0,"damage_taken":0.0,"cards_obtained":["Ghostly","Ghostly","Ghostly"]},{"damage_healed":0.0,"max_hp_gain":0.0,"max_hp_loss":0.0,"gold_gain":0.0,"event_name":"Back to Basics","player_choice":"Simplicity","floor":29.0,"gold_loss":0.0,"damage_taken":0.0,"cards_upgraded":["Strike_G","Strike_G","Strike_G","Defend_G","Defend_G","Defend_G"]},{"damage_healed":0.0,"max_hp_gain":0.0,"max_hp_loss":2.0,"gold_gain":0.0,"event_name":"Winding Halls","player_choice":"Max HP","floor":36.0,"gold_loss":0.0,"damage_taken":0.0}],"is_beta":false,"boss_relics":[{"not_picked":["Velvet Choker","Snecko Eye"],"picked":"HoveringKite"},{"not_picked":["Calling Bell","Pandora\u0027s Box"],"picked":"WristBlade"}],"items_purged_floors":[31,37],"is_endless":false,"potions_floor_spawned":[1,5,6,12,13,16,18,23,25,33,41,42,47,48],"killed_by":"Time Eater","ascension_level":20}}