{"host":"mg3e76uznu9x14du","time":1614394174,"event":{"mods":["BaseMod","Better Note","Colored Map","Downfall","Minty Spire (QoL Compilation)","Permanent Neow","Relic Stats","Spire Arcade","StSLib","The Wild Card","Waifu the Spire","everything is the same but u backflip on backflip"],"gold_per_floor":[99,112,126,126,126,226,226,258,278,18,18,18,43,56,76,175,225,25,44,44,198,214,228,228,228,244,273,292,192,210,55,65,163,163,163,263,274,286,306,337,337,637,484,499,499,510,510,529,545,545,545,570,41,41,41,41],"floor_reached":57,"language":"ENG","playtime":3358,"items_purged":["Parasite"],"score":1500,"play_id":"b772e59a-a353-4bf2-9c5c-0572c6d3f299","local_time":"20210226214934","is_ascension_mode":true,"campfire_choices":[{"floor":1.0,"key":"RECALL"},{"floor":12.0,"key":"REST"},{"data":"champ:BladeFlurry","floor":18.0,"key":"SMITH"},{"data":"champ:EnchantSword","floor":25.0,"key":"SMITH"},{"data":"champ:IgnorePain","floor":29.0,"key":"SMITH"},{"data":"champ:EnchantCrown","floor":35.0,"key":"SMITH"},{"data":"champ:TornadoPunch","floor":42.0,"key":"SMITH"},{"floor":45.0,"key":"REST"},{"floor":47.0,"key":"REST"},{"floor":54,"key":"REST"}],"circlet_count":0,"master_deck":["champ:Strike","champ:Strike","champ:Strike","champ:Strike","champ:Defend","champ:Defend","champ:Defend+1","champ:Execute","champ:Taunt+1","champ:TornadoPunch+1","champ:DefensiveShout","theWildCard:PaleRider+1","champ:FlashCut","champ:RageSigil","champ:ArenaPreparation","champ:BladeFlurry+1","champ:PerfectedStrike+1","champ:PreemptiveStrike+1","champ:Circumvent","champ:CalledShot","champ:StanceDance","champ:BladeFlurry","champ:IgnorePain+1","champ:BladeFlurry","champ:RapidStrikes","champ:ShieldWall","champ:EnchantSword+1","champ:BladeFlurry","champ:PerfectedStrike+1","champ:EnchantSword+1","champ:EnchantCrown+1","champ:PerfectedStrike","champ:FlashCut","champ:StanceDance+1","champ:FocusedDefense+1","champ:SwordSigil+1"],"relics":["champ:ChampionCrown","StrikeDummy","Nunchaku","ClockworkSouvenir","Art of War","Odd Mushroom","Tiny House","downfall:HeartBlessingRed","downfall:HeartBlessingBlue","Blood Vial","Frozen Egg 2","downfall:HeartBlessingGreen","DollysMirror","Sozu","downfall:GremlinWheel","Mercury Hourglass","Shuriken","Guardian:PocketSentry","champ:DefensiveTrainingManual","Anchor","Whetstone","Sling"],"acts_visited":["Exordium","TheCity","TheBeyond","TheEnding"],"potions_floor_usage":[56,56],"damage_taken":[{"damage":45.0,"enemies":"Jaw Worm","floor":2.0,"turns":4.0},{"damage":26.0,"enemies":"Small Slimes","floor":3.0,"turns":4.0},{"damage":10.0,"enemies":"downfall:Heads","floor":6.0,"turns":5.0},{"damage":34.0,"enemies":"Lagavulin","floor":8.0,"turns":5.0},{"damage":0.0,"enemies":"Cultist","floor":9.0,"turns":2.0},{"damage":10.0,"enemies":"downfall:FleeingMerchant","floor":10.0,"turns":4.0},{"damage":0.0,"enemies":"The Mushroom Lair","floor":13.0,"turns":2.0},{"damage":2.0,"enemies":"Exordium Thugs","floor":14.0,"turns":3.0},{"damage":10.0,"enemies":"downfall:LooterAlt","floor":15.0,"turns":2.0},{"damage":0.0,"enemies":"WA_ARCHETYPE_RETAIN","floor":16.0,"turns":2.0},{"damage":3.0,"enemies":"Chosen","floor":19.0,"turns":2.0},{"damage":10.0,"enemies":"downfall:FleeingMerchant","floor":21.0,"turns":4.0},{"damage":0.0,"enemies":"downfall:LooterAlt2","floor":22.0,"turns":3.0},{"damage":16.0,"enemies":"3 Cultists","floor":23.0,"turns":3.0},{"damage":0.0,"enemies":"Shelled Parasite and Fungi","floor":26.0,"turns":3.0},{"damage":0.0,"enemies":"Gremlin Leader","floor":27.0,"turns":5.0},{"damage":0.0,"enemies":"Sentry and Sphere","floor":28.0,"turns":2.0},{"damage":0.0,"enemies":"Cultist and Chosen","floor":30.0,"turns":3.0},{"damage":21.0,"enemies":"3 Cultists","floor":32.0,"turns":5.0},{"damage":36.0,"enemies":"IC_MUSHROOM_ARCHETYPE","floor":33.0,"turns":4.0},{"damage":0.0,"enemies":"IC_MUSHROOM_ARCHETYPE","floor":36.0,"turns":2.0},{"damage":0.0,"enemies":"3 Darklings","floor":37.0,"turns":3.0},{"damage":0.0,"enemies":"3 Shapes","floor":38.0,"turns":3.0},{"damage":0.0,"enemies":"Jaw Worm Horde","floor":39.0,"turns":2.0},{"damage":65.0,"enemies":"Reptomancer","floor":40.0,"turns":5.0},{"damage":12.0,"enemies":"Maw","floor":44.0,"turns":4.0},{"damage":0.0,"enemies":"4 Shapes","floor":46.0,"turns":2.0},{"damage":0.0,"enemies":"Writhing Mass","floor":48.0,"turns":4.0},{"damage":13.0,"enemies":"Spire Growth","floor":49.0,"turns":2.0},{"damage":64,"enemies":"DF_ARCHETYPE_ORBS","floor":50,"turns":9},{"damage":67,"enemies":"downfall:CharBossMerchant","floor":52,"turns":6},{"damage":52,"enemies":"downfall:NeowBoss","floor":55,"turns":13},{"damage":26,"enemies":"downfall:NeowBossFinal","floor":56,"turns":8}],"seed_played":"6977462540016781479","potions_obtained":[{"floor":3.0,"key":"DuplicationPotion"},{"floor":6.0,"key":"DistilledChaos"},{"floor":13.0,"key":"Slimebound:ThreeZeroPotion"},{"floor":14.0,"key":"Energy Potion"},{"floor":17.0,"key":"Swift Potion"},{"floor":26.0,"key":"Guardian:BlockOnCardUsePotion"},{"floor":27.0,"key":"SteroidPotion"},{"floor":28.0,"key":"Explosive Potion"},{"floor":30.0,"key":"Swift Potion"}],"is_trial":false,"path_per_floor":["R","M","M","?","?","?","T","E","M","$","T","R","?","M","M","B",null,"R","M","?","$","M","M","T","R","M","E","M","R","M","$","M","B",null,"R","?","M","M","M","E","T","R","$","M","R","M","R","M","M","B",null,"E","$","R","B","B",null],"character_chosen":"THE_CHAMP","items_purchased":["champ:PerfectedStrike","ClockworkSouvenir","SpeedPotion","champ:RapidStrikes","champ:ShieldWall","Energy Potion","DollysMirror","Guardian:PocketSentry","Anchor","Whetstone","Sling"],"campfire_rested":4,"item_purchase_floors":[10,10,10,21,21,21,31,43,53,53,53],"current_hp_per_floor":[90,65,59,59,52,42,42,28,28,28,28,55,55,53,53,53,95,105,102,102,102,102,96,96,96,98,100,102,102,104,104,104,74,105,105,105,105,105,105,50,50,50,50,40,71,73,104,105,92,40,105,48,48,78,48,34],"gold":41,"neow_bonus":"UPGRADE_CARD","is_daily":false,"chose_seed":false,"campfire_upgraded":5,"win_rate":0.0,"timestamp":1614394174,"path_taken":["R","M","M","?","?","?","T","E","?","?","?","R","?","?","M","BOSS","R","M","?","$","?","M","T","R","M","E","M","R","M","$","M","BOSS","R","?","?","M","M","E","T","R","$","M","R","M","R","M","M","BOSS","E","$","R","BOSS","BOSS"],"items_purchased_type":["Card","Relic","Potion","Card","Card","Potion","Relic","Relic","Relic","Relic","Relic"],"build_version":"2020-12-22","purchased_purges":1,"victory":true,"max_hp_per_floor":[90,90,90,90,90,90,90,90,90,90,90,90,90,90,90,90,95,105,105,105,105,105,105,105,105,105,105,105,105,105,105,105,105,105,105,105,105,105,105,105,105,105,105,105,105,105,105,105,105,105,105,105,102,102,102,102],"relic_stats":{"Blood Vial":21,"Sozu":5,"Nunchaku":[22],"counters":[33,129],"Shuriken":[11],"Art of War":[3],"Whetstone":["champ:PreemptiveStrike","champ:PerfectedStrike"],"obtain_stats":[{"Tiny House":17,"downfall:HeartBlessingRed":18,"champ:ChampionCrown":0,"downfall:HeartBlessingGreen":29,"Guardian:PocketSentry":43,"Whetstone":53,"Odd Mushroom":13,"Frozen Egg 2":27,"Sling":53,"ClockworkSouvenir":10,"Mercury Hourglass":40,"Blood Vial":24,"Sozu":34,"Nunchaku":8,"Anchor":53,"downfall:GremlinWheel":36,"downfall:HeartBlessingBlue":18,"DollysMirror":31,"Shuriken":41,"champ:DefensiveTrainingManual":52,"Art of War":11,"StrikeDummy":5},{"Tiny House":10,"downfall:HeartBlessingRed":10,"champ:ChampionCrown":0,"downfall:HeartBlessingGreen":17,"Guardian:PocketSentry":25,"Whetstone":31,"Odd Mushroom":7,"Frozen Egg 2":16,"Sling":31,"ClockworkSouvenir":6,"Mercury Hourglass":25,"Blood Vial":14,"Sozu":20,"Nunchaku":4,"Anchor":31,"downfall:GremlinWheel":21,"downfall:HeartBlessingBlue":10,"DollysMirror":18,"Shuriken":25,"champ:DefensiveTrainingManual":31,"Art of War":6,"StrikeDummy":2},{"Tiny House":33,"downfall:HeartBlessingRed":33,"champ:ChampionCrown":0,"downfall:HeartBlessingGreen":55,"Guardian:PocketSentry":82,"Whetstone":108,"Odd Mushroom":26,"Frozen Egg 2":53,"Sling":108,"ClockworkSouvenir":24,"Mercury Hourglass":82,"Blood Vial":45,"Sozu":67,"Nunchaku":18,"Anchor":108,"downfall:GremlinWheel":69,"downfall:HeartBlessingBlue":33,"DollysMirror":58,"Shuriken":82,"champ:DefensiveTrainingManual":108,"Art of War":24,"StrikeDummy":8}],"Mercury Hourglass":[82]},"card_choices":[{"not_picked":["champ:SkillfulDodge","champ:Shatter"],"picked":"champ:TornadoPunch","floor":2.0},{"not_picked":["champ:EnGarde","champ:BladeFlurry"],"picked":"champ:DefensiveShout","floor":3.0},{"not_picked":["champ:ShieldSigil","champ:EndlessRage"],"picked":"champ:TornadoPunch","floor":6.0},{"not_picked":["champ:Parry","champ:SwordSigil"],"picked":"champ:RageSigil","floor":8.0},{"not_picked":["champ:PreciseThrust","champ:DefensiveShout"],"picked":"champ:ArenaPreparation","floor":9.0},{"not_picked":["champ:EndlessRage","champ:DeathBlow"],"picked":"champ:BladeFlurry","floor":10.0},{"not_picked":["champ:RapidStrikes","champ:SwordThrow"],"picked":"champ:PreemptiveStrike","floor":13.0},{"not_picked":["champ:PreciseThrust","champ:Duel"],"picked":"champ:Circumvent","floor":14.0},{"not_picked":["champ:ShieldSlam","champ:GutPunch"],"picked":"champ:CalledShot","floor":15.0},{"not_picked":["champ:GutPunch","champ:BerserkersShout"],"picked":"champ:StanceDance","floor":17.0},{"not_picked":["champ:PerfectedStrike","champ:CheapShot"],"picked":"champ:BladeFlurry","floor":19.0},{"not_picked":["champ:EndlessRage+1","champ:GutPunch"],"picked":"champ:BladeFlurry","floor":21.0},{"not_picked":["champ:GutPunch","champ:Backstep","champ:BerserkerStyle"],"picked":"SKIP","floor":22.0},{"not_picked":["champ:CrownThrow","champ:AdrenalArmor+1"],"picked":"champ:EnchantSword","floor":23.0},{"not_picked":["champ:BerserkerStyle","champ:SwordSigil","champ:CrownThrow"],"picked":"SKIP","floor":26.0},{"not_picked":["champ:FanOfKnives","champ:EndlessRage+1","champ:CrownThrow"],"picked":"SKIP","floor":27.0},{"not_picked":["champ:FocusedBerserking","champ:CrownThrow"],"picked":"champ:BladeFlurry","floor":28.0},{"not_picked":["champ:DefensiveShout","champ:BringItOn"],"picked":"champ:PerfectedStrike+1","floor":30.0},{"not_picked":["champ:Duel","champ:BladeFlurry+1","champ:SwordSigil"],"picked":"SKIP","floor":32.0},{"not_picked":["champ:ShieldThrow","champ:LastStand+1"],"picked":"champ:EnchantCrown","floor":33.0},{"not_picked":["champ:Circumvent","champ:TornadoPunch+1"],"picked":"champ:PerfectedStrike","floor":37.0},{"not_picked":["champ:Circumvent","champ:RisingSlash+1","champ:FlashCut"],"picked":"SKIP","floor":38.0},{"not_picked":["champ:Circumvent","champ:RisingSlash+1"],"picked":"champ:FlashCut","floor":38.0},{"not_picked":["champ:BerserkersShout","champ:HeavySlash"],"picked":"champ:StanceDance+1","floor":39.0},{"not_picked":["champ:EnGarde","champ:FancyFootwork+1"],"picked":"champ:FocusedDefense+1","floor":40.0},{"not_picked":["champ:BerserkerStyle+1","champ:TornadoPunch","champ:DefensiveShout+1"],"picked":"SKIP","floor":44.0},{"not_picked":["champ:DeathBlow+1","champ:GutPunch+1","champ:Circumvent"],"picked":"SKIP","floor":46.0},{"not_picked":["champ:TornadoPunch+1","champ:RecklessLeap","champ:SetATrap"],"picked":"SKIP","floor":48.0},{"not_picked":["champ:PreciseThrust+1","champ:FanOfKnives","champ:FancyFootwork+1"],"picked":"SKIP","floor":49.0},{"not_picked":["champ:RageSigil","champ:Shatter"],"picked":"champ:SwordSigil+1","floor":52}],"player_experience":551683,"relics_obtained":[{"floor":8.0,"key":"Nunchaku"},{"floor":11.0,"key":"Art of War"},{"floor":13.0,"key":"Odd Mushroom"},{"floor":24.0,"key":"Blood Vial"},{"floor":27.0,"key":"Frozen Egg 2"},{"floor":36.0,"key":"downfall:GremlinWheel"},{"floor":40.0,"key":"Mercury Hourglass"},{"floor":41.0,"key":"Shuriken"},{"floor":52,"key":"champ:DefensiveTrainingManual"}],"event_choices":[{"damage_healed":0.0,"max_hp_gain":0.0,"max_hp_loss":0.0,"gold_gain":0.0,"event_name":"Scrap Ooze","player_choice":"Success","floor":5.0,"gold_loss":0.0,"damage_taken":7.0,"relics_obtained":["StrikeDummy"]},{"damage_healed":0.0,"max_hp_gain":0.0,"max_hp_loss":0.0,"gold_gain":0.0,"event_name":"Mushrooms","player_choice":"Fought Mushrooms","floor":13.0,"gold_loss":0.0,"damage_taken":0.0},{"damage_healed":0.0,"max_hp_gain":0.0,"max_hp_loss":0.0,"gold_gain":300.0,"event_name":"Wheel of Change","player_choice":"Gold","floor":42.0,"gold_loss":0.0,"damage_taken":0.0}],"is_beta":false,"boss_relics":[{"not_picked":["SlaversCollar","expansioncontent:StudyCardRelic"],"picked":"Tiny House"},{"not_picked":["SacredBark","Astrolabe"],"picked":"Sozu"}],"items_purged_floors":[53],"is_endless":false,"potions_floor_spawned":[3,6,13,14,22,26,27,28,30,37,38,40,49,52],"ascension_level":4}}