{"host":"dgzcrkpp5hmi1639","time":1614425524,"event":{"mods":["A Magickal Journey","BaseMod","BetterRewards","Colored Powertips","Duelist Mod","Energized Spire","GifTheSpireLib","Infinite Spire","Koishi","Minty Spire (QoL Compilation)","Prisma Mod","Quick Restart","Shop Mod","StSLib","Stuff the Spire","The Bug Knight","The Forsaken","The Jungle","The Necromancer","The Servant 0.9.4","The Wild Card","???mod?????"],"gold_per_floor":[115,29,29,49,64,97,97,97,147,157,190,40,5,16,16,114,114,124,26,43,59,59,89,43,78,78,97,7,20,20,20,20,115,115,127,139,155,29,48,66,96,145,172,172,205,205,205,222,222,320,320,316,316,491,489,489,489,481,487,563,559,522,522,520,521,521,576,576,584,570,560,164,145,145,135,131,210,310,302,301,293,276,276,328,328,329,318,315,315,302,297,297,269,292,292,275,275,281,252,252,258,258,267,274,274,274,276,266,272,271,271,277,281,281,231,243,243,316,316,318,324,313,298,279,279,277,277,277,277,268,268,193,179,179,223,223,217,217,163,130,130,126,126,126,126,116,102,93,88,81,81,95,95,95,95,89,107],"floor_reached":158,"language":"ENG","playtime":14828,"items_purged":["infinitespire:Pacifist"],"score":4739,"play_id":"f9c8656c-522d-4533-808c-34496ae514d8","local_time":"20210227123204","is_ascension_mode":false,"campfire_choices":[{"floor":7.0,"key":"REST"},{"data":"StuffTheSpire:Ambrosia","floor":15.0,"key":"SMITH"},{"data":"infinitespire:NeuralNetwork","floor":32.0,"key":"SMITH"},{"data":"infinitespire:Execution","floor":44.0,"key":"SMITH"},{"data":"Deny","floor":46.0,"key":"SMITH"},{"data":"Contraction","floor":49.0,"key":"SMITH"},{"data":"BottledTime","floor":57.0,"key":"SMITH"},{"data":"SoulSculpture","floor":66.0,"key":"SMITH"},{"data":"Barrier","floor":74,"key":"SMITH"},{"data":"Luminosity","floor":83,"key":"SMITH"},{"floor":92,"key":"REST"},{"data":"InstantArmor","floor":92,"key":"SMITH"},{"floor":95,"key":"REST"},{"data":"Luminosity","floor":95,"key":"SMITH"},{"data":"ShatteredReality","floor":100,"key":"SMITH"},{"data":"InstantArmor","floor":117,"key":"SMITH"},{"data":"Panache","floor":125,"key":"SMITH"},{"data":"Luminosity","floor":127,"key":"SMITH"},{"data":"infinitespire:Gouge","floor":134,"key":"SMITH"},{"data":"Potential","floor":144,"key":"SMITH"},{"data":"Potential","floor":151,"key":"SMITH"},{"data":"SoulSculpture","floor":154,"key":"SMITH"}],"circlet_count":0,"master_deck":["Strike_S+1","Strike_S+1","Strike_S+1","Strike_S+1","Defend_S+1","Defend_S+1","Defend_S+1","Defend_S+1","KidneyShot+1","Exchange+1","Luminosity+1","Finesse","Potential+1","Sabotage","Contraction+1","StuffTheSpire:Ambrosia+1","Rewind","Potential+1","ShatteredReality+1","Deny+1","Starlight+1","Blind+1","BottledTime+1","StarChef+1","infinitespire:Execution+1","Sabotage","Rearm","Misdirection+1","Comet","Luminosity+1","infinitespire:NeuralNetwork+1","Dilation","InstantArmor+1","Revamp+1","Comet","BottledTime+1","Rewind+1","Revamp+1","BottledTime+1","Barrier+1","TimeWarp+1","Panache+1","ShatteredReality+1","FloweringNight+1","DoubleEdge+1","DualDimension","Doubt","ShatteredReality+1","TimeWarp+1","SoulSculpture+1","Potential+1","Barrier+1","Potential+1","TimeWarp+1","Rewind+1","ShatteredReality+1","infinitespire:Gouge+1","SilverBlades+1","Potential+1","infinitespire:Collect","Potential+1","theDuelist:DuelistAscender","Sabotage","Doubt","ShatteredReality+1","TimeWarp+1","theWildCard:Odin","TimeWarp+1","Luminosity+1","InstantArmor+1","Injury","Advance","Advance","SpecialFormula","SoulSculpture+1","Writhe","Potential+1","ShatteredReality+1"],"relics":["Uniform","StuffTheSpire:Barrel","Orichalcum","HollowMod:PaleOreRelic","SacredBark","Ornamental Fan","theForsaken:HumbleEgg","theForsaken:ScaryMask","theJungle:ParSnip","CaptainsWheel","Sozu","StuffTheSpire:Experiment12","Ice Cream","Nunchaku","Ginger","Busted Crown","Darkstone Periapt","infinitespire:Magic Flask","Black Star","Strange Spoon","Sundial","Oddly Smooth Stone","Bronze Scales","Bottled Tornado","Incense Burner","Question Card","Cursed Key","Ancient Tea Set","Toy Ornithopter","Strawberry","InkBottle","Mango","energizedSpire:NeverEndingSparkler","Meat on the Bone","Torii","HornCleat","infinitespire:Beetle Shell","Bag of Preparation","energizedSpire:MagnifyingGlass","infinitespire:Joker Card","Potion Belt","Letter Opener","infinitespire:EmpoweringShard","infinitespire:WardingShard","StoneMask","Shuriken","StuffTheSpire:CocoNut","StuffTheSpire:SapphireSignet","Lizard Tail","PreservedInsect","SlaversCollar","Blood Vial","StuffTheSpire:OldFever"],"acts_visited":["Exordium","Exordium","TheBeyond","Exordium","Exordium","TheBeyond","Exordium","TheCity","TheBeyond","TheEnding"],"potions_floor_usage":[],"damage_taken":[{"damage":13.0,"enemies":"Cultist","floor":1.0,"turns":7.0},{"damage":7.0,"enemies":"Jaw Worm","floor":4.0,"turns":4.0},{"damage":0.0,"enemies":"2 Louse","floor":5.0,"turns":2.0},{"damage":11.0,"enemies":"3 Sentries","floor":6.0,"turns":7.0},{"damage":0.0,"enemies":"Blue Slaver","floor":10.0,"turns":4.0},{"damage":23.0,"enemies":"Gremlin Nob","floor":11.0,"turns":5.0},{"damage":0.0,"enemies":"Looter","floor":14.0,"turns":3.0},{"damage":0.0,"enemies":"Hexaghost","floor":16.0,"turns":9.0},{"damage":14.0,"enemies":"theJungle:Flameango_and_Byrd","floor":18.0,"turns":5.0},{"damage":8.0,"enemies":"Shell Parasite","floor":20.0,"turns":5.0},{"damage":0.0,"enemies":"theJungle:JungleHuntersEncounter","floor":21.0,"turns":4.0},{"damage":0.0,"enemies":"Nightmare","floor":23.0,"turns":7.0},{"damage":14.0,"enemies":"theJungle:2_Phrogs","floor":25.0,"turns":7.0},{"damage":19.0,"enemies":"theJungle:2_Snecko_Cultists","floor":27.0,"turns":5.0},{"damage":2.0,"enemies":"Snake Plant","floor":29.0,"turns":5.0},{"damage":0.0,"enemies":"theJungle:QueenSpyder","floor":33.0,"turns":7.0},{"damage":3.0,"enemies":"Orb Walker","floor":35.0,"turns":3.0},{"damage":0.0,"enemies":"3 Darklings","floor":36.0,"turns":5.0},{"damage":0.0,"enemies":"Maw","floor":37.0,"turns":11.0},{"damage":0.0,"enemies":"Spire Growth","floor":39.0,"turns":4.0},{"damage":0.0,"enemies":"Jaw Worm Horde","floor":40.0,"turns":4.0},{"damage":0.0,"enemies":"HollowMod:StalkingDevout","floor":41.0,"turns":6.0},{"damage":0.0,"enemies":"2 Orb Walkers","floor":42.0,"turns":5.0},{"damage":15.0,"enemies":"Reptomancer","floor":45.0,"turns":5.0},{"damage":19.0,"enemies":"4 Shapes","floor":48.0,"turns":3.0},{"damage":0.0,"enemies":"Awakened One","floor":50.0,"turns":10.0},{"damage":0.0,"enemies":"2 Louse","floor":52.0,"turns":2.0},{"damage":4.0,"enemies":"Small Slimes","floor":53.0,"turns":2.0},{"damage":0.0,"enemies":"Cultist","floor":55.0,"turns":2.0},{"damage":0.0,"enemies":"Large Slime","floor":58.0,"turns":2.0},{"damage":0.0,"enemies":"Looter","floor":59.0,"turns":1.0},{"damage":0.0,"enemies":"Blue Slaver","floor":61.0,"turns":2.0},{"damage":35.0,"enemies":"Nightmare","floor":62.0,"turns":8.0},{"damage":0.0,"enemies":"Large Slime","floor":63.0,"turns":3.0},{"damage":0.0,"enemies":"Exordium Thugs","floor":64.0,"turns":2.0},{"damage":0.0,"enemies":"Exordium Wildlife","floor":65.0,"turns":3.0},{"damage":0.0,"enemies":"Hexaghost","floor":67.0,"turns":5.0},{"damage":0,"enemies":"theJungle:MUSHROOMGANG","floor":69,"turns":1},{"damage":0,"enemies":"theJungle:5_Spyders","floor":70,"turns":4},{"damage":0,"enemies":"theJungle:SlimyTreeVines","floor":71,"turns":4},{"damage":0,"enemies":"theJungle:2_Flameangoes","floor":73,"turns":4},{"damage":0,"enemies":"theJungle:2_Phrogs","floor":75,"turns":4},{"damage":0,"enemies":"theJungle:2_Snecko_Cultists","floor":76,"turns":2},{"damage":0,"enemies":"theJungle:Lyon","floor":79,"turns":3},{"damage":0,"enemies":"theJungle:Cassacara","floor":80,"turns":3},{"damage":0,"enemies":"theJungle:JungleHuntersEncounter","floor":81,"turns":2},{"damage":0,"enemies":"Snake Plant","floor":82,"turns":3},{"damage":0,"enemies":"theJungle:FunGuy","floor":84,"turns":5},{"damage":0,"enemies":"3 Darklings","floor":86,"turns":1},{"damage":27,"enemies":"3 Shapes","floor":87,"turns":3},{"damage":1,"enemies":"Jaw Worm Horde","floor":88,"turns":2},{"damage":0,"enemies":"Writhing Mass","floor":90,"turns":2},{"damage":7,"enemies":"Nemesis","floor":91,"turns":3},{"damage":0,"enemies":"Transient","floor":93,"turns":4},{"damage":0,"enemies":"Sphere and 2 Shapes","floor":96,"turns":2},{"damage":0,"enemies":"Reptomancer","floor":98,"turns":2},{"damage":0,"enemies":"Writhing Mass","floor":99,"turns":4},{"damage":67,"enemies":"infinitespire:MassOfShapes","floor":101,"turns":7},{"damage":0,"enemies":"Jaw Worm","floor":103,"turns":1},{"damage":0,"enemies":"infinitespire:Voidling","floor":104,"turns":2},{"damage":0,"enemies":"Cultist","floor":107,"turns":2},{"damage":0,"enemies":"3 Sentries","floor":108,"turns":3},{"damage":0,"enemies":"Blue Slaver","floor":109,"turns":1},{"damage":0,"enemies":"Exordium Wildlife","floor":110,"turns":2},{"damage":0,"enemies":"Lagavulin","floor":112,"turns":2},{"damage":0,"enemies":"2 Fungi Beasts","floor":113,"turns":1},{"damage":0,"enemies":"Blue Slaver","floor":114,"turns":2},{"damage":0,"enemies":"Lots of Slimes","floor":116,"turns":1},{"damage":0,"enemies":"Slime Boss","floor":118,"turns":2},{"damage":0,"enemies":"3 Byrds","floor":120,"turns":1},{"damage":0,"enemies":"Spheric Guardian","floor":121,"turns":1},{"damage":0,"enemies":"3 Cultists","floor":122,"turns":2},{"damage":0,"enemies":"Snake Plant","floor":123,"turns":2},{"damage":0,"enemies":"Snecko","floor":124,"turns":3},{"damage":0,"enemies":"theDuelist:KaibaA2","floor":126,"turns":2},{"damage":0,"enemies":"Nightmare","floor":130,"turns":5},{"damage":0,"enemies":"Sentry and Sphere","floor":133,"turns":3},{"damage":0,"enemies":"Automaton","floor":135,"turns":4},{"damage":0,"enemies":"Orb Walker","floor":137,"turns":2},{"damage":0,"enemies":"3 Shapes","floor":138,"turns":1},{"damage":0,"enemies":"Transient","floor":139,"turns":5},{"damage":0,"enemies":"Maw","floor":140,"turns":4},{"damage":0,"enemies":"Giant Head","floor":142,"turns":3},{"damage":0,"enemies":"4 Shapes","floor":146,"turns":2},{"damage":0,"enemies":"3 Darklings","floor":147,"turns":3},{"damage":0,"enemies":"Spire Growth","floor":148,"turns":2},{"damage":0,"enemies":"Jaw Worm Horde","floor":149,"turns":2},{"damage":0,"enemies":"Reptomancer","floor":150,"turns":3},{"damage":0,"enemies":"infinitespire:LordOfFortification","floor":152,"turns":10},{"damage":0,"enemies":"Shield and Spear","floor":156,"turns":3},{"damage":2,"enemies":"The Heart","floor":157,"turns":6}],"seed_played":"-1195357260842163649","potions_obtained":[{"floor":5.0,"key":"Swift Potion"},{"floor":10.0,"key":"Dexterity Potion"},{"floor":14.0,"key":"Swift Potion"},{"floor":21.0,"key":"Ancient Potion"},{"floor":23.0,"key":"Regen Potion"},{"floor":33.0,"key":"AttackPotion"}],"is_trial":false,"path_per_floor":["M","$","?","M","M","E","R","?","T","M","E","$","?","M","R","B",null,"M","$","M","M","?","NM","$","E","T","M","?","M","$","AVR","R","B",null,"M","M","M","$","M","M","E","?","T","R","E","R","?","M","R","B",null,"M","M","?","M","?","R","M","M","T","M","NM","M","M","M","R","B",null,"M","M","M","$","M","R","E","M","T","?","M","E","M","M","R","B",null,"M","M","M","?","M","E","R","M","T","R","M","?","E","M","R","B",null,"M","M","$","?","M","E","M","M","T","E","M","M","?","M","R","B",null,"M","M","M","M","M","R","E","R","T","?","NM","?","$","M","R","B",null,"M","M","M","M","$","E","?","R","T","M","M","M","M","E","R","B",null,"R","$","E","B",null],"character_chosen":"THE_SERVANT","items_purchased":["Finesse","HollowMod:PaleOreRelic","Blind","Rearm","BottledTime+1","Comet","Strange Spoon","Sundial"],"campfire_rested":3,"item_purchase_floors":[2,12,19,24,38,38,72,72],"current_hp_per_floor":[52,52,52,45,45,34,53,53,53,54,32,32,48,57,57,67,70,58,58,60,70,70,72,72,68,68,51,51,84,84,84,84,86,86,85,87,89,89,94,96,98,100,100,100,87,87,87,70,70,72,106,108,106,106,108,108,108,110,112,112,114,81,83,85,87,87,89,128,130,132,134,134,136,136,138,140,140,131,133,135,137,139,139,141,150,152,127,128,88,90,85,133,135,148,175,177,183,199,201,201,136,203,205,207,207,207,209,211,213,215,221,223,225,227,227,229,229,231,231,233,235,237,239,241,241,243,243,249,249,251,251,251,253,253,255,255,258,263,266,269,269,279,279,279,285,291,294,297,302,305,305,308,308,308,308,312,315],"gold":107,"neow_bonus":"ONE_RANDOM_RARE_CARD","is_daily":false,"chose_seed":false,"campfire_upgraded":19,"win_rate":0.0,"timestamp":1614425524,"path_taken":["M","?","?","M","M","E","R","?","T","M","E","$","?","M","R","BOSS","M","$","M","M","?","NM","?","E","T","M","?","M","?","AVR","R","BOSS","M","M","M","$","M","M","E","?","T","R","E","R","?","M","R","BOSS","M","M","?","M","?","R","M","?","T","M","NM","M","M","M","R","BOSS","M","M","M","$","M","R","E","M","T","?","M","E","M","M","R","BOSS","M","M","M","?","M","E","R","M","T","R","M","?","E","M","R","BOSS","M","M","$","?","M","E","M","M","T","E","M","M","?","M","R","BOSS","M","M","M","M","M","R","E","R","T","?","NM","?","?","?","R","BOSS","M","M","M","M","$","E","?","R","T","M","M","M","M","E","R","BOSS","R","$","E","BOSS"],"items_purchased_type":["Card","Relic","Card","Card","Card","Card","Relic","Relic"],"build_version":"2020-12-22","purchased_purges":1,"victory":true,"max_hp_per_floor":[65,65,65,65,65,65,65,65,65,66,67,67,67,68,68,70,70,72,72,74,76,76,78,78,80,80,82,82,84,84,84,84,86,86,88,90,92,92,94,96,98,100,100,100,102,102,102,104,104,106,106,108,110,110,112,112,112,114,116,116,118,120,122,124,126,126,128,128,130,132,134,134,136,136,138,140,140,140,142,144,146,148,148,150,150,152,154,156,156,158,160,160,162,175,175,177,183,199,201,201,203,203,205,207,207,207,209,211,213,215,221,223,225,227,227,229,229,231,231,233,235,237,239,241,241,243,243,249,249,251,251,251,253,253,255,255,258,263,266,269,269,279,279,279,285,291,294,297,302,305,305,308,308,308,308,312,315],"card_choices":[{"not_picked":["Defy","Hightail"],"picked":"Luminosity","floor":1.0},{"not_picked":["Moonlight","ShatteredReality"],"picked":"Potential","floor":4.0},{"not_picked":["TimeWarp","Initiator"],"picked":"Sabotage","floor":5.0},{"not_picked":["Unruled","Initiator"],"picked":"Contraction","floor":6.0},{"not_picked":["StuffTheSpire:Harmony","StuffTheSpire:Brawn"],"picked":"StuffTheSpire:Ambrosia","floor":8.0},{"not_picked":["Revamp","Alleviate"],"picked":"Rewind","floor":10.0},{"not_picked":["Reset","SurpressingFire"],"picked":"Potential","floor":11.0},{"not_picked":["DoubleEdge","Reset"],"picked":"ShatteredReality","floor":14.0},{"not_picked":["FlawlessForm","MurderousAura"],"picked":"Deny","floor":16.0},{"not_picked":["FastForward","Snipe+1"],"picked":"Starlight+1","floor":18.0},{"not_picked":["Ricochet","Unruled"],"picked":"BottledTime","floor":20.0},{"not_picked":["FastForward+1","Snipe"],"picked":"StarChef+1","floor":21.0},{"not_picked":["infinitespire:NeuralNetwork","infinitespire:Fortify"],"picked":"infinitespire:Execution","floor":23.0},{"not_picked":["Spin+1","Starlight"],"picked":"Sabotage","floor":23.0},{"not_picked":["Defy+1","Gouge"],"picked":"Misdirection+1","floor":25.0},{"not_picked":["Barrier","Defy+1"],"picked":"Comet","floor":27.0},{"not_picked":["Reset","Starlight+1"],"picked":"Luminosity","floor":29.0},{"not_picked":["Solidify","KillingDoll"],"picked":"Dilation","floor":33.0},{"not_picked":["Alleviate+1","Replace+1"],"picked":"InstantArmor","floor":35.0},{"not_picked":["Ricochet+1","FlawlessForm"],"picked":"Revamp+1","floor":36.0},{"not_picked":["Snipe","RealityMarble"],"picked":"Comet","floor":37.0},{"not_picked":["Defy+1","Desolation"],"picked":"Rewind+1","floor":39.0},{"not_picked":["Alleviate+1","WasteNot+1"],"picked":"Revamp+1","floor":40.0},{"not_picked":["Replace+1","Shuttle+1"],"picked":"BottledTime+1","floor":41.0},{"not_picked":["FastForward+1","Unruled+1"],"picked":"Barrier+1","floor":42.0},{"not_picked":["Hightail+1","TheWorld"],"picked":"TimeWarp+1","floor":45.0},{"not_picked":["Discovery","Jack Of All Trades"],"picked":"Panache","floor":47.0},{"not_picked":["Defy+1","Gouge+1"],"picked":"ShatteredReality+1","floor":48.0},{"not_picked":["Dilation","LightFlow"],"picked":"FloweringNight","floor":50.0},{"not_picked":[],"picked":"DoubleEdge+1","floor":52.0},{"not_picked":[],"picked":"DualDimension","floor":53.0},{"not_picked":[],"picked":"ShatteredReality+1","floor":55.0},{"not_picked":["RealityMarble"],"picked":"SKIP","floor":58.0},{"not_picked":[],"picked":"TimeWarp+1","floor":59.0},{"not_picked":["BottledTime+1"],"picked":"SKIP","floor":61.0},{"not_picked":[],"picked":"SoulSculpture","floor":62.0},{"not_picked":[],"picked":"Potential+1","floor":63.0},{"not_picked":["FastForward+1"],"picked":"SKIP","floor":64.0},{"not_picked":[],"picked":"Barrier","floor":65.0},{"not_picked":[],"picked":"Potential+1","floor":69},{"not_picked":[],"picked":"TimeWarp+1","floor":70},{"not_picked":["FastForward+1"],"picked":"SKIP","floor":71},{"not_picked":["Hightail"],"picked":"SKIP","floor":73},{"not_picked":[],"picked":"Rewind+1","floor":75},{"not_picked":[],"picked":"ShatteredReality+1","floor":76},{"not_picked":["DoubleEdge+1"],"picked":"SKIP","floor":79},{"not_picked":["Rewind+1"],"picked":"SKIP","floor":80},{"not_picked":["Spin+1","Starlight+1"],"picked":"SKIP","floor":81},{"not_picked":["FastForward+1","BottledTime+1"],"picked":"SKIP","floor":82},{"not_picked":["infinitespire:FutureSight","infinitespire:Oblivion"],"picked":"infinitespire:Gouge","floor":85},{"not_picked":["Defy+1"],"picked":"SilverBlades+1","floor":86},{"not_picked":["Starlight+1","Rewind+1"],"picked":"SKIP","floor":87},{"not_picked":["Reset"],"picked":"Potential+1","floor":88},{"not_picked":["infinitespire:SevenWalls","infinitespire:Starlight"],"picked":"infinitespire:Collect","floor":89},{"not_picked":["Revamp+1"],"picked":"Potential+1","floor":90},{"not_picked":["Duplication","FastForward+1"],"picked":"SKIP","floor":91},{"not_picked":["ReturningBlade+1","Unruled+1"],"picked":"SKIP","floor":93},{"not_picked":["Revamp+1","Defy+1"],"picked":"SKIP","floor":96},{"not_picked":["DoubleEdge+1"],"picked":"ShatteredReality+1","floor":98},{"not_picked":["Rearm+1","Hightail+1"],"picked":"SKIP","floor":99},{"not_picked":["GearUp"],"picked":"TimeWarp+1","floor":103},{"not_picked":["Desolation","Reset"],"picked":"SKIP","floor":104},{"not_picked":["Defy+1","DoubleEdge+1"],"picked":"SKIP","floor":107},{"not_picked":["WasteNot"],"picked":"TimeWarp+1","floor":108},{"not_picked":["Ricochet+1"],"picked":"Luminosity","floor":109},{"not_picked":["RealityMarble"],"picked":"InstantArmor","floor":110},{"not_picked":["FanOfKnives","Rewind+1"],"picked":"SKIP","floor":112},{"not_picked":["Shuttle","ShiftingGears"],"picked":"SKIP","floor":113},{"not_picked":["Snipe","Alleviate+1"],"picked":"SKIP","floor":114},{"not_picked":["ShiftingGears","Starlight+1"],"picked":"SKIP","floor":116},{"not_picked":["Barrier","Rearm+1"],"picked":"SKIP","floor":120},{"not_picked":["Hightail","Rearm+1"],"picked":"SKIP","floor":121},{"not_picked":["Revamp+1"],"picked":"Advance","floor":122},{"not_picked":["Barrier","DualDimension"],"picked":"SKIP","floor":123},{"not_picked":["Alleviate+1","Replace+1"],"picked":"SKIP","floor":124},{"not_picked":["Snipe"],"picked":"Advance","floor":126},{"not_picked":["Collapse","Replace+1"],"picked":"SKIP","floor":130},{"not_picked":["BestPractice","Barrier"],"picked":"SKIP","floor":133},{"not_picked":["PendulumOfEternity"],"picked":"SoulSculpture","floor":135},{"not_picked":["SpecialFormula","Defy+1"],"picked":"SKIP","floor":137},{"not_picked":["Rearm+1","Alleviate+1"],"picked":"SKIP","floor":138},{"not_picked":["DoubleEdge+1","Rewind+1"],"picked":"SKIP","floor":139},{"not_picked":["Rearm+1","Starlight+1"],"picked":"SKIP","floor":140},{"not_picked":["Alleviate+1","Unruled+1"],"picked":"SKIP","floor":142},{"not_picked":["Revamp+1","Starlight+1"],"picked":"SKIP","floor":146},{"not_picked":["DoubleEdge+1"],"picked":"Potential+1","floor":147},{"not_picked":["RealityMarble+1","Shuttle"],"picked":"SKIP","floor":148},{"not_picked":["BottledTime+1","FastForward+1"],"picked":"SKIP","floor":149},{"not_picked":["ForgedInTime","FastForward+1"],"picked":"SKIP","floor":150},{"not_picked":["Starlight+1"],"picked":"ShatteredReality+1","floor":156}],"player_experience":69879,"relics_obtained":[{"floor":6.0,"key":"Juzu Bracelet"},{"floor":9.0,"key":"StuffTheSpire:Barrel"},{"floor":11.0,"key":"Orichalcum"},{"floor":23.0,"key":"Ornamental Fan"},{"floor":25.0,"key":"theForsaken:HumbleEgg"},{"floor":26.0,"key":"theForsaken:ScaryMask"},{"floor":41.0,"key":"StuffTheSpire:Experiment12"},{"floor":42.0,"key":"Ice Cream"},{"floor":43.0,"key":"Nunchaku"},{"floor":45.0,"key":"Ginger"},{"floor":60.0,"key":"Darkstone Periapt"},{"floor":62.0,"key":"infinitespire:Magic Flask"},{"floor":75,"key":"Oddly Smooth Stone"},{"floor":75,"key":"Bronze Scales"},{"floor":77,"key":"Bottled Tornado"},{"floor":80,"key":"Incense Burner"},{"floor":80,"key":"Question Card"},{"floor":91,"key":"Ancient Tea Set"},{"floor":91,"key":"Toy Ornithopter"},{"floor":94,"key":"Strawberry"},{"floor":98,"key":"InkBottle"},{"floor":98,"key":"Mango"},{"floor":108,"key":"Meat on the Bone"},{"floor":108,"key":"Torii"},{"floor":111,"key":"HornCleat"},{"floor":112,"key":"infinitespire:Beetle Shell"},{"floor":112,"key":"Bag of Preparation"},{"floor":126,"key":"infinitespire:Joker Card"},{"floor":126,"key":"Potion Belt"},{"floor":128,"key":"Letter Opener"},{"floor":130,"key":"infinitespire:EmpoweringShard"},{"floor":130,"key":"infinitespire:WardingShard"},{"floor":142,"key":"Shuriken"},{"floor":142,"key":"StuffTheSpire:CocoNut"},{"floor":145,"key":"StuffTheSpire:SapphireSignet"},{"floor":150,"key":"Lizard Tail"},{"floor":150,"key":"PreservedInsect"},{"floor":156,"key":"Blood Vial"},{"floor":156,"key":"StuffTheSpire:OldFever"}],"event_choices":[{"damage_healed":0.0,"max_hp_gain":0.0,"max_hp_loss":0.0,"gold_gain":0.0,"event_name":"Upgrade Shrine","player_choice":"Upgraded","floor":3.0,"gold_loss":0.0,"damage_taken":0.0,"cards_upgraded":["FloweringNight"]},{"damage_healed":16.0,"max_hp_gain":0.0,"max_hp_loss":0.0,"gold_gain":0.0,"event_name":"The Cleric","player_choice":"Healed","floor":13.0,"gold_loss":35.0,"damage_taken":0.0},{"damage_healed":0.0,"max_hp_gain":0.0,"max_hp_loss":0.0,"gold_gain":0.0,"event_name":"Upgrade Shrine","player_choice":"Upgraded","floor":22.0,"gold_loss":0.0,"damage_taken":0.0,"cards_upgraded":["Blind"]},{"damage_healed":0.0,"max_hp_gain":0.0,"max_hp_loss":0.0,"gold_gain":0.0,"event_name":"Mysterious Sphere","player_choice":"Fight","floor":42.0,"gold_loss":0.0,"damage_taken":0.0},{"damage_healed":0.0,"max_hp_gain":0.0,"max_hp_loss":0.0,"gold_gain":0.0,"event_name":"SensoryStone","player_choice":"Memory 1","floor":47.0,"gold_loss":0.0,"damage_taken":0.0},{"damage_healed":0.0,"max_hp_gain":0.0,"max_hp_loss":0.0,"gold_gain":175.0,"event_name":"Liars Game","player_choice":"AGREE","floor":54.0,"gold_loss":0.0,"damage_taken":0.0,"cards_obtained":["Doubt"]},{"damage_healed":0.0,"max_hp_gain":0.0,"max_hp_loss":0.0,"gold_gain":0.0,"event_name":"Accursed Blacksmith","player_choice":"Forge","floor":56.0,"gold_loss":0.0,"damage_taken":0.0,"cards_upgraded":["FloweringNight"]},{"damage_healed":0,"gold_gain":0,"player_choice":"2 cards matched","damage_taken":0,"max_hp_gain":0,"max_hp_loss":0,"event_name":"Match and Keep!","floor":97,"gold_loss":0,"cards_obtained":["Sabotage","Doubt"]},{"cards_removed":["Comet"],"damage_healed":0,"gold_gain":0,"player_choice":"Card Removal","damage_taken":0,"max_hp_gain":0,"max_hp_loss":0,"event_name":"The Cleric","floor":115,"gold_loss":50},{"damage_healed":0,"gold_gain":0,"player_choice":"Read","damage_taken":0,"max_hp_gain":0,"max_hp_loss":0,"event_name":"The Library","floor":129,"gold_loss":0,"cards_obtained":["SpecialFormula"]},{"cards_removed":["FloweringNight"],"damage_healed":0,"gold_gain":0,"player_choice":"Removed Power","damage_taken":0,"max_hp_gain":0,"max_hp_loss":0,"event_name":"Falling","floor":143,"gold_loss":0}],"is_beta":false,"boss_relics":[{"not_picked":["Runic Dome","energizedSpire:EnergizedDie"],"picked":"SacredBark"},{"not_picked":["StuffTheSpire:RunicHypercube","Philosopher\u0027s Stone"],"picked":"Sozu"},{"not_picked":["infinitespire:Cupcake","energizedSpire:NeverEndingSparkler"],"picked":"Busted Crown"},{"not_picked":["SlaversCollar","energizedSpire:DeadBattery"],"picked":"Black Star"},{"not_picked":["energizedSpire:EnergizedDie","energizedSpire:HugeHouse"],"picked":"Cursed Key"},{"not_picked":["Snecko Eye","Philosopher\u0027s Stone"],"picked":"energizedSpire:NeverEndingSparkler"},{"not_picked":["energizedSpire:DeadBattery","StuffTheSpire:Kangaroo"],"picked":"energizedSpire:MagnifyingGlass"},{"not_picked":["StuffTheSpire:ModemDavis","energizedSpire:RedRose"],"picked":"StoneMask"},{"not_picked":["StuffTheSpire:RunicConfusion","energizedSpire:HugeHouse"],"picked":"SlaversCollar"}],"items_purged_floors":[132],"is_endless":true,"potions_floor_spawned":[5,10,14,21,23,33,37,41,42,45,48,53,58,61,62,63,65,70,73,75,76,81,84,87,91,96,99,101,104,107,108,109,112,113,123,124,126,130,133,138,139,142,148,150,157],"ascension_level":0}}