{"host":"7eytxr1oawi6r5nr","time":1614436531,"event":{"mods":["Act Like it!","BaseMod","Better Third Choice","Curses Come First","Dark Map","Hermit","Hubris","Ironclad Rager","Minty Spire (QoL Compilation)","Permanent Neow","Quick Restart","Rare Cards Sparkle","Relic Filter Mod","Reliquary","Replay The Spire","Ruina","StSLib","The Cursed","The Disciple","The Forsaken","The IronCluck","The Runesmith","The Servant 0.9.4","Wide Potions"],"gold_per_floor":[14,30,46,0,0,0,29,29,54,54,72,101,111,111,111,213,213,228,244,254,254,254],"floor_reached":21,"language":"ENG","playtime":3110,"items_purged":[],"score":210,"play_id":"396c8c59-d3b6-4ef1-8b54-4cf959001e55","local_time":"20210227143531","is_ascension_mode":true,"campfire_choices":[{"data":"theForsaken:Confusion","floor":6,"key":"SMITH"},{"data":"theForsaken:Preservation","floor":8,"key":"SMITH"},{"data":"Enlightenment","floor":10,"key":"SMITH"},{"floor":15,"key":"REST"}],"circlet_count":0,"master_deck":["theForsaken:TheForsaken_Strike","theForsaken:TheForsaken_Strike","theForsaken:TheForsaken_Defend","theForsaken:TheForsaken_Defend","theForsaken:TheForsaken_Defend","theForsaken:Smite","theForsaken:Penitence","theForsaken:AncientWords","theForsaken:ScorchingSunlight","Enlightenment+1","theForsaken:Confusion+1","theForsaken:Preservation+1","theForsaken:CleansingLight","theForsaken:CreepingInfection","theForsaken:HorrifyingStrike","theForsaken:TearsOfSunlight","theForsaken:StoreUp+1"],"relics":["theForsaken:JudgementScales","hubris:ToyBattleship","Happy Flower","reliquary:PrincelyHelmet","theForsaken:Gavel","Busted Crown"],"acts_visited":["Exordium","Exordium"],"potions_floor_usage":[12,19,21,21],"damage_taken":[{"damage":2,"enemies":"2 Louse","floor":1,"turns":3},{"damage":0,"enemies":"Jaw Worm","floor":2,"turns":4},{"damage":12,"enemies":"Cultist","floor":3,"turns":5},{"damage":20,"enemies":"Lagavulin","floor":7,"turns":5},{"damage":10,"enemies":"2 Fungi Beasts","floor":11,"turns":3},{"damage":10,"enemies":"3 Sentries","floor":12,"turns":4},{"damage":11,"enemies":"Red Slaver","floor":13,"turns":4},{"damage":38,"enemies":"Slime Boss","floor":16,"turns":8},{"damage":43,"enemies":"ruina:2_Scarecrows","floor":18,"turns":6},{"damage":1,"enemies":"ruina:Nosferatu","floor":19,"turns":4},{"damage":11,"enemies":"ruina:QueenOfHate","floor":20,"turns":3},{"damage":45,"enemies":"ruina:KnightOfDespair","floor":21,"turns":3}],"seed_played":"-4400699690711302107","potions_obtained":[{"floor":1,"key":"Energy Potion"},{"floor":3,"key":"Explosive Potion"},{"floor":13,"key":"Regen Potion"},{"floor":16,"key":"theForsaken:FearPotion"},{"floor":20,"key":"Explosive Potion"}],"is_trial":false,"path_per_floor":["M","M","M","?","?","R","E","R","T","R","M","E","M","?","R","B",null,"M","M","M","M"],"character_chosen":"THE_FORSAKEN","items_purchased":[],"campfire_rested":1,"item_purchase_floors":[],"current_hp_per_floor":[64,65,56,62,62,62,47,47,47,47,40,32,25,25,46,23,71,37,36,27,0,0],"gold":254,"neow_bonus":"REMOVE_TWO","is_daily":false,"chose_seed":false,"campfire_upgraded":3,"win_rate":0.0,"timestamp":1614436531,"path_taken":["M","M","M","?","?","R","E","R","T","R","?","E","M","?","R","BOSS","M","M","M","M"],"items_purchased_type":[],"build_version":"2020-12-22","purchased_purges":0,"victory":false,"max_hp_per_floor":[65,65,65,71,71,71,71,71,71,71,71,71,71,71,71,71,71,71,71,71,71,71],"card_choices":[{"not_picked":["theForsaken:WordOfPower","theForsaken:Thunderbolt"],"picked":"theForsaken:AncientWords","floor":1},{"not_picked":["theForsaken:BountifulSunlight","theForsaken:Backlash","theForsaken:Parry"],"picked":"SKIP","floor":2},{"not_picked":["theForsaken:NobleSacrifice","theForsaken:QuickAttack"],"picked":"theForsaken:ScorchingSunlight","floor":3},{"not_picked":["theForsaken:Enfeeble","theForsaken:CreepingInfection"],"picked":"theForsaken:Preservation","floor":7},{"not_picked":["theForsaken:WordsOfPestilence","theForsaken:Preservation"],"picked":"theForsaken:CleansingLight","floor":11},{"not_picked":["theForsaken:Parry","theForsaken:Horror"],"picked":"theForsaken:CreepingInfection","floor":12},{"not_picked":["theForsaken:BindingThorns","theForsaken:ShieldBash"],"picked":"theForsaken:HorrifyingStrike","floor":13},{"not_picked":["theForsaken:DivineGuidance","theForsaken:SpreadingPlague"],"picked":"theForsaken:TearsOfSunlight","floor":16},{"not_picked":["theForsaken:Preservation+1"],"picked":"SKIP","floor":18},{"not_picked":["theForsaken:HymnOfPatience"],"picked":"SKIP","floor":19},{"not_picked":[],"picked":"theForsaken:StoreUp+1","floor":20}],"player_experience":222657,"relics_obtained":[{"floor":7,"key":"hubris:ToyBattleship"},{"floor":9,"key":"Happy Flower"},{"floor":12,"key":"reliquary:PrincelyHelmet"}],"event_choices":[{"damage_healed":0,"gold_gain":0,"player_choice":"RENOUNCE","damage_taken":46,"max_hp_gain":0,"max_hp_loss":0,"event_name":"betterThird:BetterSerpent","floor":4,"gold_loss":46,"cards_obtained":["Enlightenment"]},{"damage_healed":0,"gold_gain":0,"cards_transformed":["theForsaken:TheForsaken_Defend"],"player_choice":"Transformed","damage_taken":0,"max_hp_gain":0,"max_hp_loss":0,"event_name":"Transmorgrifier","floor":5,"gold_loss":0,"cards_obtained":["theForsaken:Confusion"]},{"damage_healed":0,"gold_gain":0,"player_choice":"Gave Potion","damage_taken":0,"relics_obtained":["theForsaken:Gavel"],"max_hp_gain":0,"max_hp_loss":0,"event_name":"WeMeetAgain","floor":14,"gold_loss":0}],"is_beta":false,"boss_relics":[{"not_picked":["hubris:BlackHole","Snecko Eye"],"picked":"Busted Crown"}],"items_purged_floors":[],"is_endless":false,"potions_floor_spawned":[1,3,13,16,20],"killed_by":"ruina:KnightOfDespair","ascension_level":2}}