{"host":"snd6571rw3150vxe","time":1614436671,"event":{"mods":["AchievementEnabler","BaseMod","Bestiary","Block Reminder","Colored Powertips","Dark Map","Highlight Path","Minty Spire (QoL Compilation)","Quick Restart","Random Character Button","Relic Stats","StSLib","slay the spire mod where everything is the same but ironclad has a cowboy hat"],"gold_per_floor":[116,132,307,307,307,338,350,376,414,441,453,465,465],"floor_reached":12,"language":"ENG","playtime":429,"items_purged":[],"score":113,"play_id":"27472299-1ab5-4680-8945-96fdf75bec42","local_time":"20210227163751","is_ascension_mode":true,"campfire_choices":[{"floor":7,"key":"REST"}],"circlet_count":0,"master_deck":["Strike_B","Strike_B","Strike_B","Strike_B","Defend_B","Defend_B","Defend_B","Defend_B","Zap","Dualcast","Redo","Gash"],"relics":["Cracked Core","MawBank","Omamori","Golden Idol"],"acts_visited":["Exordium"],"potions_floor_usage":[10,12,12],"damage_taken":[{"damage":3,"enemies":"2 Louse","floor":1,"turns":2},{"damage":7,"enemies":"Jaw Worm","floor":2,"turns":3},{"damage":42,"enemies":"Lagavulin","floor":6,"turns":7},{"damage":5,"enemies":"Small Slimes","floor":8,"turns":4},{"damage":3,"enemies":"2 Fungi Beasts","floor":10,"turns":3},{"damage":30,"enemies":"3 Sentries","floor":12,"turns":7}],"seed_played":"4144269207972731775","potions_obtained":[{"floor":0,"key":"SneckoOil"},{"floor":0,"key":"SpeedPotion"},{"floor":0,"key":"SpeedPotion"},{"floor":2,"key":"SteroidPotion"}],"is_trial":false,"path_per_floor":["M","M","?","?","?","E","R","M","T","M","?","E"],"character_chosen":"DEFECT","items_purchased":[],"campfire_rested":1,"item_purchase_floors":[],"current_hp_per_floor":[65,58,58,51,56,14,38,33,33,30,30,0,0],"gold":465,"neow_bonus":"THREE_SMALL_POTIONS","is_daily":false,"chose_seed":false,"campfire_upgraded":0,"win_rate":0.0,"timestamp":1614436671,"path_taken":["M","M","?","?","?","E","R","?","T","M","?","E"],"items_purchased_type":[],"build_version":"2020-12-22","purchased_purges":0,"victory":false,"max_hp_per_floor":[75,75,75,75,80,80,80,80,80,80,80,80,80],"relic_stats":{"counters":[6,26],"Golden Idol":0,"MawBank":72,"obtain_stats":[{"Golden Idol":11,"Omamori":9,"Cracked Core":0,"MawBank":6},{"Golden Idol":5,"Omamori":4,"Cracked Core":0,"MawBank":3},{"Golden Idol":19,"Omamori":16,"Cracked Core":0,"MawBank":12}]},"card_choices":[{"not_picked":["Sweeping Beam","Turbo"],"picked":"Redo","floor":1},{"not_picked":["Compile Driver","Go for the Eyes"],"picked":"Gash","floor":2},{"not_picked":["Sweeping Beam","Biased Cognition","Sunder"],"picked":"SKIP","floor":6},{"not_picked":["Sunder","Barrage","Coolheaded"],"picked":"SKIP","floor":8},{"not_picked":["Reinforced Body","Doom and Gloom","Barrage"],"picked":"SKIP","floor":10}],"player_experience":425336,"relics_obtained":[{"floor":6,"key":"MawBank"},{"floor":9,"key":"Omamori"}],"event_choices":[{"damage_healed":0,"gold_gain":175,"player_choice":"AGREE","damage_taken":0,"max_hp_gain":0,"max_hp_loss":0,"event_name":"Liars Game","floor":3,"gold_loss":0,"cards_obtained":["Doubt"]},{"cards_removed":["Doubt"],"damage_healed":0,"gold_gain":0,"player_choice":"Card Removal","damage_taken":7,"max_hp_gain":0,"max_hp_loss":0,"event_name":"Golden Wing","floor":4,"gold_loss":0},{"damage_healed":0,"gold_gain":0,"player_choice":"Donut","damage_taken":0,"max_hp_gain":5,"max_hp_loss":0,"event_name":"Big Fish","floor":5,"gold_loss":0},{"damage_healed":0,"gold_gain":0,"player_choice":"Take Wound","damage_taken":0,"relics_obtained":["Golden Idol"],"max_hp_gain":0,"max_hp_loss":0,"event_name":"Golden Idol","floor":11,"gold_loss":0,"cards_obtained":["Injury"]}],"is_beta":false,"boss_relics":[],"items_purged_floors":[],"is_endless":false,"potions_floor_spawned":[2,6],"killed_by":"3 Sentries","ascension_level":9}}