{"host":"kzw87w9fb0mudblt","time":1614434285,"event":{"mods":["BaseMod","Colored Map","Minty Spire (QoL Compilation)","Replay The Spire","StSLib","SuperFastMode"],"gold_per_floor":[109,122,32,32,32,32,62,62,62,62,116,116,126,137,137,237,237,251,116,133,133,58,88,88,88,113,159,159,159,187,18,18,118,118,177,52,0,10,71,71,98,109,109,109,120,152,7,20,20,20],"floor_reached":51,"language":"ENG","playtime":4089,"items_purged":["Doubt","Amnesia","Injury"],"score":663,"play_id":"80fc0949-0202-4b98-9ea5-a349089f378f","local_time":"20210227145805","is_ascension_mode":true,"campfire_choices":[{"data":"ReplayTheSpireMod:Trickstab","floor":6,"key":"SMITH"},{"data":"Life Link","floor":8,"key":"SMITH"},{"data":"Flex","floor":10,"key":"SMITH"},{"floor":24,"key":"REST"},{"floor":29,"key":"REST"},{"data":"Heavy Blade","floor":40,"key":"SMITH"},{"floor":44,"key":"REST"}],"circlet_count":0,"master_deck":["Strike_R","Strike_R","Strike_R","Strike_R","Defend_R","Defend_R","Defend_R","Bash","Flex+1","Dual Wield+1","ReplayTheSpireMod:Trickstab+1","Life Link+1","Replay:Undeath\u0027s Touch","Immolate","ReplayTheSpireMod:Muscle Training","ReplayTheSpireMod:Muscle Training","Heavy Blade+1","Power Through+1","Pain","ReplayTheSpireMod:Corrosion Curse","Rupture+1","Reaper+1","Rage+1"],"relics":["Burning Blood","Darkstone Periapt","Ice Cream","Blood Vial","Replay:Ancient Bell","PreservedInsect","Replay:Accelerometer","Torii","ReplayTheSpireMod:TigerMarble","Ring of Fury","ReplayTheSpireMod:Ring of Challenge","Orichalcum","Chameleon Ring","WarpedTongs","Happy Flower","Runic Cube","Anchor","Mummified Hand","Toxic Egg 2","Another Sword","Lantern"],"acts_visited":["Exordium","TheCity","TheBeyond"],"potions_floor_usage":[7,16,16,23,30,33,41,45,50,50],"damage_taken":[{"damage":5,"enemies":"Small Slimes","floor":1,"turns":4},{"damage":0,"enemies":"Cultist","floor":2,"turns":2},{"damage":26,"enemies":"Gremlin Nob","floor":7,"turns":4},{"damage":3,"enemies":"Jaw Worm","floor":13,"turns":3},{"damage":5,"enemies":"Looter","floor":14,"turns":2},{"damage":47,"enemies":"Fading Forest","floor":16,"turns":11},{"damage":20,"enemies":"3 Byrds","floor":18,"turns":4},{"damage":32,"enemies":"Chosen","floor":20,"turns":4},{"damage":40,"enemies":"Slavers","floor":23,"turns":3},{"damage":36,"enemies":"Book of Stabbing","floor":27,"turns":4},{"damage":12,"enemies":"Replay:Snechameleon","floor":30,"turns":3},{"damage":28,"enemies":"Automaton","floor":33,"turns":6},{"damage":25,"enemies":"3 Shapes","floor":35,"turns":3},{"damage":4,"enemies":"Orb Walker","floor":38,"turns":2},{"damage":61,"enemies":"Spire Growth","floor":39,"turns":4},{"damage":31,"enemies":"Nemesis","floor":41,"turns":3},{"damage":29,"enemies":"Maw","floor":42,"turns":3},{"damage":14,"enemies":"Sphere and 2 Shapes","floor":45,"turns":2},{"damage":22,"enemies":"Giant Head","floor":46,"turns":5},{"damage":10,"enemies":"Spire Growth","floor":48,"turns":2},{"damage":63,"enemies":"Replay:Hell Engine","floor":50,"turns":5}],"seed_played":"-2613165506812223620","potions_obtained":[{"floor":1,"key":"LiquidBronze"},{"floor":7,"key":"Adrenaline Potion"},{"floor":13,"key":"AttackPotion"},{"floor":20,"key":"AttackPotion"},{"floor":27,"key":"Explosive Potion"},{"floor":33,"key":"Fruit Juice"},{"floor":35,"key":"Fire Potion"},{"floor":38,"key":"BloodPotion"},{"floor":42,"key":"LiquidMemories"},{"floor":48,"key":"DuplicationPotion"}],"is_trial":false,"path_per_floor":["M","M","$","?","$","R","E","R","T","R","T","?","M","M","R_BF","B",null,"M","$","M","?","?","E","R","?","T","E","?","R","E","$","R_BF","B",null,"M","$","?","M","M","R","E","M","T","R","M","E","$","M","R_BF","B",null],"character_chosen":"IRONCLAD","items_purchased":["ReplayTheSpireMod:Trickstab","ReplayTheSpireMod:Muscle Training","Rupture","Lantern"],"campfire_rested":3,"item_purchase_floors":[3,19,31,47],"current_hp_per_floor":[85,85,85,85,85,85,65,65,65,65,65,58,63,66,85,60,103,89,89,65,65,65,33,63,69,69,41,47,81,77,77,111,98,122,103,103,103,107,74,74,87,66,66,102,96,93,93,91,122,66],"gold":20,"neow_bonus":"RANDOM_EVENT","is_daily":false,"chose_seed":false,"campfire_upgraded":4,"win_rate":0.0,"timestamp":1614434285,"path_taken":["M","M","$","?","?","R","E","R","T","R","?","?","M","M","R_BF","BOSS","M","$","M","?","?","E","R","?","T","E","?","R","E","$","R_BF","BOSS","M","$","?","M","M","R","E","M","T","R","?","E","?","M","R_BF","BOSS"],"items_purchased_type":["Card","Card","Card","Relic"],"build_version":"2020-12-22","purchased_purges":3,"victory":true,"max_hp_per_floor":[85,85,85,85,85,85,85,85,85,85,85,85,85,85,85,85,103,103,103,103,103,103,103,103,109,109,109,115,115,115,115,115,122,122,122,122,122,122,122,122,122,122,122,122,122,122,122,122,122,122],"card_choices":[{"not_picked":["Feel No Pain","Twin Strike"],"picked":"Flex","floor":1},{"not_picked":["Thunderclap","True Grit"],"picked":"Dual Wield","floor":2},{"not_picked":["Power Through","Burning Pact"],"picked":"Life Link","floor":7},{"not_picked":["Body Slam","Thunderclap","Clothesline"],"picked":"SKIP","floor":13},{"not_picked":["Uppercut","Shockwave"],"picked":"Replay:Undeath\u0027s Touch","floor":14},{"not_picked":["Offering","Corruption"],"picked":"Immolate","floor":16},{"not_picked":["ReplayTheSpireMod:IOU","ReplayTheSpireMod:Splinters"],"picked":"Decay","floor":17},{"not_picked":["ReplayTheSpireMod:Doomed","Delirium"],"picked":"Doubt","floor":17},{"not_picked":["Looming Evil","ReplayTheSpireMod:Faulty Equipment"],"picked":"Injury","floor":17},{"not_picked":["Twin Strike","Shrug It Off","Power Through"],"picked":"SKIP","floor":18},{"not_picked":["True Grit","Dual Wield"],"picked":"Heavy Blade","floor":20},{"not_picked":["Body Slam","Heavy Blade","True Grit"],"picked":"SKIP","floor":23},{"not_picked":["Headbutt","Heavy Blade"],"picked":"Power Through+1","floor":27},{"not_picked":["ReplayTheSpireMod:LeadingStrike","Clash"],"picked":"ReplayTheSpireMod:Corrosion Curse","floor":30},{"not_picked":["Eclipse","Corruption"],"picked":"Reaper","floor":33},{"not_picked":["ReplayTheSpireMod:Stacked","Sword Boomerang","Anger+1"],"picked":"SKIP","floor":35},{"not_picked":["Iron Wave","Cleave+1","True Grit"],"picked":"SKIP","floor":38},{"not_picked":["Sever Soul+1","True Grit","Iron Wave"],"picked":"SKIP","floor":39},{"not_picked":["Clash+1","Replay:Undeath\u0027s Touch+1"],"picked":"Rage+1","floor":41},{"not_picked":["Headbutt","ReplayTheSpireMod:Strike From Hell","Clash"],"picked":"SKIP","floor":42},{"not_picked":["Pummel","Thunderclap+1","Shockwave+1"],"picked":"SKIP","floor":45},{"not_picked":["Pummel","Thunderclap+1","Shockwave+1"],"picked":"SKIP","floor":45},{"not_picked":["Body Slam+1","Entrench+1","Replay:Undeath\u0027s Touch"],"picked":"SKIP","floor":46},{"not_picked":["Dark Embrace+1","Pommel Strike+1","Infernal Blade+1"],"picked":"SKIP","floor":48}],"player_experience":45157,"relics_obtained":[{"floor":7,"key":"Darkstone Periapt"},{"floor":9,"key":"Ice Cream"},{"floor":11,"key":"Blood Vial"},{"floor":23,"key":"ReplayTheSpireMod:TigerMarble"},{"floor":25,"key":"Ring of Fury"},{"floor":25,"key":"ReplayTheSpireMod:Ring of Challenge"},{"floor":26,"key":"Orichalcum"},{"floor":27,"key":"Chameleon Ring"},{"floor":30,"key":"Happy Flower"},{"floor":41,"key":"Mummified Hand"},{"floor":43,"key":"Toxic Egg 2"},{"floor":46,"key":"Another Sword"}],"event_choices":[{"damage_healed":0,"gold_gain":0,"player_choice":"Donut","damage_taken":0,"max_hp_gain":5,"max_hp_loss":0,"event_name":"Big Fish","floor":0,"gold_loss":0},{"cards_removed":["Defend_R"],"damage_healed":0,"gold_gain":0,"player_choice":"Card Removal","damage_taken":0,"max_hp_gain":0,"max_hp_loss":0,"event_name":"Wheel of Change","floor":4,"gold_loss":0},{"cards_removed":["Strike_R"],"damage_healed":0,"gold_gain":0,"player_choice":"Card Removal","damage_taken":7,"max_hp_gain":0,"max_hp_loss":0,"event_name":"Golden Wing","floor":12,"gold_loss":0},{"damage_healed":0,"gold_gain":0,"player_choice":"Ignored","damage_taken":0,"max_hp_gain":0,"max_hp_loss":0,"event_name":"Ghosts","floor":21,"gold_loss":0},{"cards_removed":["Decay"],"damage_healed":0,"gold_gain":0,"player_choice":"Gave Gold","damage_taken":0,"max_hp_gain":0,"max_hp_loss":0,"event_name":"Beggar","floor":22,"gold_loss":75},{"damage_healed":0,"gold_gain":0,"player_choice":"Rummage","damage_taken":0,"relics_obtained":["WarpedTongs"],"max_hp_gain":0,"max_hp_loss":0,"event_name":"Accursed Blacksmith","floor":28,"gold_loss":0,"cards_obtained":["Pain"]},{"damage_healed":0,"gold_gain":0,"player_choice":"Paid Gold","damage_taken":0,"relics_obtained":["Anchor"],"max_hp_gain":0,"max_hp_loss":0,"event_name":"WeMeetAgain","floor":37,"gold_loss":52}],"is_beta":false,"boss_relics":[{"not_picked":["Replay:Drink Me","Sozu"],"picked":"Replay:Ancient Bell"},{"not_picked":["Simple Rune","War Paint"],"picked":"PreservedInsect"},{"not_picked":["InkBottle","Replay:Ringing Soul"],"picked":"Replay:Accelerometer"},{"not_picked":["StoneCalendar","Mango"],"picked":"Torii"},{"not_picked":["Philosopher\u0027s Stone","Fusion Hammer"],"picked":"Runic Cube"}],"items_purged_floors":[19,31,36],"is_endless":false,"potions_floor_spawned":[1,7,13,20,27,33,35,38,42,48],"ascension_level":1}}