{"host":"c5j8t0wyh2hvx9ju","time":1614448344,"event":{"mods":["Act Like it!","Astrologer","BaseMod","BetterRewards","Gensokyo","Lobotomy","LobotomyExtend","Minty Spire (QoL Compilation)","Prisma Mod","StSLib"],"gold_per_floor":[118,131,131,131,25,59,77,121,148,148,167,167,190,208,208,332,332,356,29,44,44,44,44,44],"floor_reached":23,"language":"JPN","playtime":1021,"items_purged":[],"score":424,"play_id":"9bdacfd4-55b7-45ea-8d8c-e3a5cf7e37a3","local_time":"20210228025224","is_ascension_mode":true,"campfire_choices":[{"data":"Eruption","floor":15.0,"key":"SMITH"}],"circlet_count":0,"master_deck":["Strike_P","Strike_P","Strike_P","Strike_P","Defend_P","Defend_P","Defend_P","Defend_P","Eruption+1","Vigilance","Evaluate","Tantrum+1","Worship","EmptyBody","Halt","Halt","TalkToTheHand+1","Devotion","MentalFortress","Eruption+1","TalkToTheHand+1","BowlingBash+1","Blasphemy","CarveReality+1","EmptyBody"],"relics":["PureWater","Molten Egg 2","Bronze Scales","LetterFromLob","Golden Idol","Art of War","Lantern","Smiling Mask","Pantograph","RedMistMask","Black Star","Frozen Egg 2"],"acts_visited":["Exordium","TheCity"],"potions_floor_usage":[23],"damage_taken":[{"damage":0.0,"enemies":"Small Slimes","floor":1.0,"turns":2.0},{"damage":0.0,"enemies":"2 Louse","floor":2.0,"turns":2.0},{"damage":10.0,"enemies":"Gremlin Nob","floor":6.0,"turns":4.0},{"damage":0.0,"enemies":"Cultist","floor":7.0,"turns":2.0},{"damage":2.0,"enemies":"Lagavulin","floor":8.0,"turns":6.0},{"damage":4.0,"enemies":"Large Slime","floor":11.0,"turns":4.0},{"damage":0.0,"enemies":"Gremlin Gang","floor":13.0,"turns":4.0},{"damage":0.0,"enemies":"3 Louse","floor":14.0,"turns":3.0},{"damage":11.0,"enemies":"Hexaghost","floor":16.0,"turns":5.0},{"damage":7.0,"enemies":"2 Thieves","floor":18.0,"turns":4.0},{"damage":1.0,"enemies":"Chosen","floor":20.0,"turns":2.0},{"damage":11,"enemies":"Book of Stabbing","floor":23,"turns":3}],"seed_played":"-3959846645152186990","potions_obtained":[{"floor":1.0,"key":"SteroidPotion"},{"floor":2.0,"key":"FearPotion"},{"floor":11.0,"key":"Strength Potion"},{"floor":20.0,"key":"LiquidMemories"}],"is_trial":false,"path_per_floor":["M","M","?","?","$","E","M","E","T","?","M","?","M","M","R","B",null,"M","$","M","?","?","E"],"character_chosen":"WATCHER","items_purchased":["Molten Egg 2","Bronze Scales","Evaluate","Tantrum+1","Halt","Block Potion","Frozen Egg 2","CarveReality+1"],"campfire_rested":0,"item_purchase_floors":[0,0,0,0,5,5,19,19],"current_hp_per_floor":[43,43,43,43,43,33,33,31,31,31,27,27,27,27,27,41,64,57,57,56,6,6,0,0],"gold":44,"neow_bonus":"","is_daily":false,"chose_seed":false,"campfire_upgraded":1,"win_rate":0.0,"timestamp":1614448344,"path_taken":["M","M","?","?","$","E","?","E","T","?","?","?","?","M","R","BOSS","M","$","M","?","?","E"],"items_purchased_type":["Relic","Relic","Card","Card","Card","Potion","Relic","Card"],"build_version":"2020-12-22","purchased_purges":0,"victory":false,"max_hp_per_floor":[72,72,72,72,72,72,72,72,72,72,72,72,72,72,72,72,72,72,72,72,72,72,72,72],"card_choices":[{"not_picked":["Swivel","ClearTheMind"],"picked":"Worship","floor":1.0},{"not_picked":["Fasting2","Consecrate+1"],"picked":"EmptyBody","floor":2.0},{"not_picked":["SashWhip+1","Prostrate"],"picked":"Halt","floor":6.0},{"not_picked":["FlyingSleeves+1","Prostrate"],"picked":"TalkToTheHand+1","floor":7.0},{"not_picked":["Crescendo","Consecrate+1"],"picked":"Devotion","floor":8.0},{"not_picked":["EmptyMind","JustLucky+1"],"picked":"MentalFortress","floor":11.0},{"not_picked":["CrushJoints+1","Meditate"],"picked":"TalkToTheHand+1","floor":13.0},{"not_picked":["Sanctity","ThirdEye"],"picked":"BowlingBash+1","floor":14.0},{"not_picked":["Wish","MasterReality"],"picked":"Blasphemy","floor":16.0},{"not_picked":["EmptyMind","ClearTheMind","Wireheading"],"picked":"SKIP","floor":18.0},{"not_picked":["Sanctity","SignatureMove+1"],"picked":"EmptyBody","floor":20.0}],"player_experience":939707,"relics_obtained":[{"floor":1.0,"key":"LetterFromLob"},{"floor":6.0,"key":"Art of War"},{"floor":8.0,"key":"Lantern"},{"floor":9.0,"key":"Smiling Mask"},{"floor":13.0,"key":"RedMistMask"}],"event_choices":[{"damage_healed":0.0,"max_hp_gain":0.0,"max_hp_loss":0.0,"gold_gain":0.0,"event_name":"Golden Idol","player_choice":"Take Wound","floor":3.0,"gold_loss":0.0,"damage_taken":0.0,"relics_obtained":["Golden Idol"],"cards_obtained":["Injury"]},{"cards_removed":["Injury"],"damage_healed":0.0,"max_hp_gain":0.0,"max_hp_loss":0.0,"gold_gain":0.0,"event_name":"Purifier","player_choice":"Purged","floor":4.0,"gold_loss":0.0,"damage_taken":0.0},{"damage_healed":0.0,"max_hp_gain":0.0,"max_hp_loss":0.0,"gold_gain":0.0,"event_name":"WeMeetAgain","player_choice":"Gave Potion","floor":10.0,"gold_loss":0.0,"damage_taken":0.0,"relics_obtained":["Pantograph"]},{"damage_healed":0.0,"max_hp_gain":0.0,"max_hp_loss":0.0,"gold_gain":0.0,"event_name":"Match and Keep!","player_choice":"1 cards matched","floor":12.0,"gold_loss":0.0,"damage_taken":0.0,"cards_obtained":["Eruption"]},{"damage_healed":0.0,"max_hp_gain":0.0,"max_hp_loss":0.0,"gold_gain":0.0,"event_name":"Masked Bandits","player_choice":"Fought Bandits","floor":21.0,"gold_loss":0.0,"damage_taken":0.0},{"damage_healed":0.0,"max_hp_gain":0.0,"max_hp_loss":0.0,"gold_gain":0.0,"event_name":"Vampires","player_choice":"Ignored","floor":22.0,"gold_loss":0.0,"damage_taken":0.0}],"is_beta":false,"boss_relics":[{"not_picked":["Busted Crown","Velvet Choker"],"picked":"Black Star"}],"items_purged_floors":[],"is_endless":false,"potions_floor_spawned":[1,2,8,11,20],"killed_by":"Book of Stabbing","ascension_level":6}}