{"host":"9kesdg97wkrx2bva","time":1614416928,"event":{"mods":["AchievementEnabler","BaseMod","Colored Map","GifTheSpireLib","Infinite Spire","Minty Spire (QoL Compilation)","Replay The Spire","StSLib"],"gold_per_floor":[109,109,109,128,147,147,147,158,184,109,124,149,167,185,185,259,259,273,273,63,79,79,79,98,98,170,170,170],"floor_reached":27,"language":"ENG","playtime":1118,"items_purged":["Defend_G"],"score":400,"play_id":"1d05a8ff-c016-4f76-9797-7417911c7fa3","local_time":"20210227030848","is_ascension_mode":true,"campfire_choices":[{"data":"Deadly Poison","floor":6.0,"key":"SMITH"},{"floor":15,"key":"REST"},{"data":"Sadistic Nature","floor":23,"key":"SMITH"},{"data":"Neutralize","floor":25,"key":"SMITH"}],"circlet_count":0,"master_deck":["AscendersBane","Strike_G","Strike_G","Defend_G","Defend_G","Defend_G","Defend_G","Survivor","Neutralize+1","Deadly Poison+1","Underhanded Strike","Bane","Bouncing Flask","Deadly Poison","Tools of the Trade","AbeCurse","Prepared","Sadistic Nature+1","Prepared"],"relics":["Ring of the Snake","NeowsBlessing","Bag of Marbles","Orichalcum","Replay:Grab Bag","Abe\u0027s Treasure","Coffee Dripper","Snecko Heart","Pantograph"],"acts_visited":["Exordium","TheCity"],"potions_floor_usage":[16,16],"damage_taken":[{"damage":0.0,"enemies":"Jaw Worm","floor":1.0,"turns":1.0},{"damage":0.0,"enemies":"Small Slimes","floor":4.0,"turns":1.0},{"damage":0.0,"enemies":"2 Louse","floor":5.0,"turns":1.0},{"damage":7,"enemies":"Looter","floor":8,"turns":4},{"damage":14,"enemies":"Gremlin Gang","floor":11,"turns":6},{"damage":4,"enemies":"Large Slime","floor":13,"turns":5},{"damage":8,"enemies":"2 Fungi Beasts","floor":14,"turns":3},{"damage":38,"enemies":"Slime Boss","floor":16,"turns":12},{"damage":16,"enemies":"Shell Parasite","floor":18,"turns":4},{"damage":23,"enemies":"2 Thieves","floor":21,"turns":4},{"damage":8,"enemies":"Snecko","floor":24,"turns":4},{"damage":17,"enemies":"Snake Plant","floor":27,"turns":2}],"seed_played":"-1487726666477493615","potions_obtained":[{"floor":5.0,"key":"GhostInAJar"},{"floor":13,"key":"Adrenaline Potion"}],"is_trial":false,"path_per_floor":["M","?","?","M","M","R","?","M","T","$","M","T","M","M","R","B",null,"M","?","$","M","?","R","M","R","T","M"],"character_chosen":"THE_SILENT","items_purchased":["Sadistic Nature"],"campfire_rested":1,"item_purchase_floors":[20],"current_hp_per_floor":[59,59,59,59,59,59,64,57,57,57,43,43,39,31,52,14,57,41,41,41,18,18,18,10,10,10,0,0],"gold":170,"neow_bonus":"THREE_ENEMY_KILL","is_daily":false,"chose_seed":false,"campfire_upgraded":3,"win_rate":0.0,"timestamp":1614416928,"path_taken":["M","?","?","M","M","R","?","M","T","$","M","?","?","M","R","BOSS","M","?","$","M","?","R","M","R","T","M"],"items_purchased_type":["Card"],"build_version":"2020-12-22","purchased_purges":1,"victory":false,"max_hp_per_floor":[66,66,66,66,66,66,71,71,71,71,71,71,71,71,71,71,71,71,71,71,71,71,71,71,71,71,71,71],"card_choices":[{"not_picked":["Bane","Noxious Fumes"],"picked":"Deadly Poison","floor":1.0},{"not_picked":["Deflect","Storm of Steel"],"picked":"Underhanded Strike","floor":4.0},{"not_picked":["Outmaneuver","PiercingWail","Finisher"],"picked":"SKIP","floor":5.0},{"not_picked":["Toxin Wave","Fluid Movement","Sucker Punch"],"picked":"SKIP","floor":8},{"not_picked":["Cloak And Dagger","Draining Mist"],"picked":"Bane","floor":11},{"not_picked":["Dodge and Roll","Tactician"],"picked":"Bouncing Flask","floor":13},{"not_picked":["Hidden Blade","Backflip"],"picked":"Deadly Poison","floor":14},{"not_picked":["Envenom","Bullet Time"],"picked":"Tools of the Trade","floor":16},{"not_picked":["PiercingWail","Hidden Blade"],"picked":"Prepared","floor":18},{"not_picked":["Deflect","PiercingWail","Terror"],"picked":"SKIP","floor":21},{"not_picked":["Acrobatics","Bane+1"],"picked":"Prepared","floor":24}],"player_experience":1060908,"relics_obtained":[{"floor":9,"key":"Bag of Marbles"},{"floor":12,"key":"Orichalcum"},{"floor":26,"key":"Pantograph"}],"event_choices":[{"damage_healed":0.0,"max_hp_gain":5.0,"max_hp_loss":0.0,"gold_gain":0.0,"event_name":"Big Fish","player_choice":"Donut","floor":7.0,"gold_loss":0.0,"damage_taken":0.0},{"cards_removed":["Strike_G"],"damage_healed":0,"gold_gain":0,"player_choice":"Elegance","damage_taken":0,"max_hp_gain":0,"max_hp_loss":0,"event_name":"Back to Basics","floor":22,"gold_loss":0}],"is_beta":false,"boss_relics":[{"not_picked":["Runic Dome","Snecko Eye"],"picked":"Replay:Grab Bag"},{"not_picked":["ReplayTheSpireMod:DimensionalGlitch","Ectoplasm"],"picked":"Abe\u0027s Treasure"},{"not_picked":["Fusion Hammer","Cursed Key"],"picked":"Coffee Dripper"},{"not_picked":["Replay:Drink Me","Pandora\u0027s Box"],"picked":"Snecko Heart"}],"items_purged_floors":[10],"is_endless":false,"potions_floor_spawned":[5,13,14],"killed_by":"Snake Plant","ascension_level":19}}