{"host":"zdopsyh1xdz2b0vp","time":1614457564,"event":{"mods":["BaseMod","Colored Map","Colored Powertips","Minty Spire (QoL Compilation)","StSLib"],"gold_per_floor":[113,133,83,102,102,130,159,159,159,189,189,200,233,252,252,351,401,417,427,203,217,142,170,170,170,170,185,217,228,228,241,241,241,241],"floor_reached":33,"language":"ENG","playtime":1667,"items_purged":["Strike_G"],"score":312,"play_id":"e467f28d-c126-413c-b6d8-c3c7a4cfb61e","local_time":"20210227152604","is_ascension_mode":true,"campfire_choices":[{"data":"Blade Dance","floor":8.0,"key":"SMITH"},{"data":"Blade Dance","floor":11.0,"key":"SMITH"},{"floor":15.0,"key":"REST"},{"floor":24.0,"key":"REST"},{"floor":32.0,"key":"REST"}],"circlet_count":0,"master_deck":["Strike_G","Strike_G","Strike_G","Defend_G","Defend_G","Defend_G","Defend_G+1","Defend_G","Survivor","Neutralize+1","Blade Dance+1","Blade Dance+1","Dagger Throw","Heel Hook","Envenom","Choke","Blur","Burst","Infinite Blades","Escape Plan","Prepared","Dagger Spray+1"],"relics":["Ring of the Snake","Gremlin Horn","Odd Mushroom","Regal Pillow","Orichalcum","Tiny House","Boot","Mummified Hand","Pocketwatch","Tiny Chest","MutagenicStrength"],"acts_visited":["Exordium","TheCity"],"potions_floor_usage":[33],"damage_taken":[{"damage":0.0,"enemies":"2 Louse","floor":1.0,"turns":3.0},{"damage":0.0,"enemies":"Jaw Worm","floor":2.0,"turns":4.0},{"damage":0.0,"enemies":"Small Slimes","floor":4.0,"turns":2.0},{"damage":30.0,"enemies":"3 Sentries","floor":6.0,"turns":8.0},{"damage":0.0,"enemies":"The Mushroom Lair","floor":7.0,"turns":3.0},{"damage":12.0,"enemies":"Blue Slaver","floor":12.0,"turns":2.0},{"damage":5.0,"enemies":"Gremlin Nob","floor":13.0,"turns":3.0},{"damage":0.0,"enemies":"Gremlin Gang","floor":14.0,"turns":3.0},{"damage":16.0,"enemies":"Slime Boss","floor":16.0,"turns":9.0},{"damage":14.0,"enemies":"Spheric Guardian","floor":18.0,"turns":4.0},{"damage":12.0,"enemies":"Shell Parasite","floor":19.0,"turns":7.0},{"damage":18.0,"enemies":"Shelled Parasite and Fungi","floor":21.0,"turns":6.0},{"damage":25.0,"enemies":"Gremlin Leader","floor":23.0,"turns":7.0},{"damage":5.0,"enemies":"Centurion and Healer","floor":27.0,"turns":5.0},{"damage":18.0,"enemies":"Book of Stabbing","floor":28.0,"turns":5.0},{"damage":6.0,"enemies":"Snecko","floor":29.0,"turns":4.0},{"damage":11.0,"enemies":"Chosen and Byrds","floor":31.0,"turns":6.0},{"damage":72,"enemies":"Automaton","floor":33,"turns":6}],"seed_played":"-3481460448470852192","potions_obtained":[{"floor":1.0,"key":"DistilledChaos"},{"floor":2.0,"key":"Swift Potion"},{"floor":6.0,"key":"Weak Potion"},{"floor":17.0,"key":"SpeedPotion"},{"floor":19.0,"key":"Weak Potion"},{"floor":23.0,"key":"Swift Potion"},{"floor":31.0,"key":"PowerPotion"}],"is_trial":false,"path_per_floor":["M","M","?","M","?","E","?","R","T","?","R","M","E","M","R","B",null,"M","M","$","M","$","E","R","?","T","M","E","M","?","M","R","B"],"character_chosen":"THE_SILENT","items_purchased":["Boot","Infinite Blades"],"campfire_rested":3,"item_purchase_floors":[20,20],"current_hp_per_floor":[70,70,70,70,70,40,40,40,40,40,40,28,23,23,59,43,75,61,49,49,31,31,6,43,43,43,38,20,14,14,3,40,0,0],"gold":241,"neow_bonus":"UPGRADE_CARD","is_daily":false,"chose_seed":false,"campfire_upgraded":2,"win_rate":0.0,"timestamp":1614457564,"path_taken":["M","M","?","M","?","E","?","R","T","?","R","?","E","M","R","BOSS","M","M","$","?","$","E","R","?","T","M","E","?","?","M","R","BOSS"],"items_purchased_type":["Relic","Card"],"build_version":"2020-12-22","purchased_purges":1,"victory":false,"max_hp_per_floor":[70,70,70,70,70,70,70,70,70,70,70,70,70,70,70,70,75,75,75,75,75,75,75,75,75,75,75,75,75,75,75,75,75,75],"card_choices":[{"not_picked":["Masterful Stab","Finisher"],"picked":"Blade Dance","floor":1.0},{"not_picked":["Outmaneuver","Finisher"],"picked":"Blade Dance","floor":2.0},{"not_picked":["Blade Dance","PiercingWail"],"picked":"Dagger Throw","floor":4.0},{"not_picked":["Dash","PiercingWail"],"picked":"Heel Hook","floor":6.0},{"not_picked":["Predator","Acrobatics"],"picked":"Envenom","floor":12.0},{"not_picked":["Slice","Caltrops"],"picked":"Choke","floor":13.0},{"not_picked":["Flying Knee","Bane"],"picked":"Blur","floor":14.0},{"not_picked":["Unload","Corpse Explosion"],"picked":"Burst","floor":16.0},{"not_picked":["Slice","Bane+1","Quick Slash"],"picked":"SKIP","floor":18.0},{"not_picked":["Flechettes","Dagger Throw+1","Deadly Poison"],"picked":"SKIP","floor":19.0},{"not_picked":["Terror","Sucker Punch","Distraction"],"picked":"SKIP","floor":21.0},{"not_picked":["Escape Plan","Burst","Slice"],"picked":"SKIP","floor":23.0},{"not_picked":["Terror","Calculated Gamble","Deflect"],"picked":"SKIP","floor":27.0},{"not_picked":["Leg Sweep","Outmaneuver","All Out Attack"],"picked":"SKIP","floor":28.0},{"not_picked":["Dagger Throw","Slice"],"picked":"Prepared","floor":29.0},{"not_picked":["Acrobatics","Reflex"],"picked":"Dagger Spray+1","floor":31.0}],"player_experience":48587,"relics_obtained":[{"floor":6.0,"key":"Gremlin Horn"},{"floor":7.0,"key":"Odd Mushroom"},{"floor":9.0,"key":"Regal Pillow"},{"floor":13.0,"key":"Orichalcum"},{"floor":23.0,"key":"Mummified Hand"},{"floor":26.0,"key":"Pocketwatch"},{"floor":28.0,"key":"Tiny Chest"}],"event_choices":[{"cards_removed":["Strike_G"],"damage_healed":0.0,"max_hp_gain":0.0,"max_hp_loss":0.0,"gold_gain":0.0,"event_name":"The Cleric","player_choice":"Card Removal","floor":3.0,"gold_loss":50.0,"damage_taken":0.0},{"damage_healed":0.0,"max_hp_gain":0.0,"max_hp_loss":0.0,"gold_gain":0.0,"event_name":"Liars Game","player_choice":"Ignored","floor":5.0,"gold_loss":0.0,"damage_taken":0.0},{"damage_healed":0.0,"max_hp_gain":0.0,"max_hp_loss":0.0,"gold_gain":0.0,"event_name":"Mushrooms","player_choice":"Fought Mushrooms","floor":7.0,"gold_loss":0.0,"damage_taken":0.0},{"damage_healed":0.0,"max_hp_gain":0.0,"max_hp_loss":0.0,"gold_gain":30.0,"event_name":"Dead Adventurer","player_choice":"Searched \u00271\u0027 times","floor":10.0,"gold_loss":0.0,"damage_taken":0.0},{"damage_healed":0.0,"max_hp_gain":0.0,"max_hp_loss":0.0,"gold_gain":30.0,"event_name":"Dead Adventurer","player_choice":"Searched \u00271\u0027 times","floor":10.0,"gold_loss":0.0,"damage_taken":0.0},{"damage_healed":0.0,"max_hp_gain":0.0,"max_hp_loss":0.0,"gold_gain":0.0,"event_name":"Match and Keep!","player_choice":"1 cards matched","floor":25.0,"gold_loss":0.0,"damage_taken":0.0,"cards_obtained":["Escape Plan"]},{"damage_healed":0.0,"max_hp_gain":0.0,"max_hp_loss":0.0,"gold_gain":0.0,"event_name":"Drug Dealer","player_choice":"Inject Mutagens","floor":30.0,"gold_loss":0.0,"damage_taken":0.0,"relics_obtained":["MutagenicStrength"]}],"is_beta":false,"boss_relics":[{"not_picked":["Runic Dome","Coffee Dripper"],"picked":"Tiny House"}],"items_purged_floors":[22],"is_endless":false,"potions_floor_spawned":[1,2,6,19,23,31],"killed_by":"Automaton","ascension_level":1}}