{"host":"yecadp3kwkksam5a","time":1614418587,"event":{"mods":["BaseMod","Minty Spire (QoL Compilation)","Replay The Spire","StSLib","SuperFastMode","The Jungle"],"gold_per_floor":[111,121,138,154,171,199,27,52,75,75,0,25,25,36,36,113,163,175,75,75,137,149,149,149],"floor_reached":23,"language":"KOR","playtime":1145,"items_purged":["Strike_G","Strike_G"],"score":626,"play_id":"5aa67cdb-6928-4c0a-a30c-280c998884d3","local_time":"20210227183627","is_ascension_mode":true,"campfire_choices":[{"data":"Apotheosis","floor":13,"key":"SMITH"},{"floor":15,"key":"RECALL"}],"circlet_count":0,"master_deck":["AscendersBane","Strike_G","Strike_G","Strike_G","Defend_G","Defend_G","Defend_G","Defend_G","Defend_G","Survivor","Neutralize","Apotheosis+1","Tactician","Prepared","Tactician","Calculated Gamble","Reflex","Acrobatics+1","Well Laid Plans","Backstab","Acrobatics","Backflip","Footwork","Grand Finale","Adrenaline","ReplayTheSpireMod:The Works+1"],"relics":["Ring of the Snake","Byrd Skull","Prayer Wheel","Prayer Wheel","Prayer Wheel","Prayer Wheel","Bottled Lightning","Garlic","Oddly Smooth Stone","Tiny House","SsserpentHead"],"acts_visited":["Exordium","TheCity"],"potions_floor_usage":[6],"damage_taken":[{"damage":0,"enemies":"2 Louse","floor":1,"turns":4},{"damage":0,"enemies":"Cultist","floor":2,"turns":4},{"damage":4,"enemies":"Jaw Worm","floor":3,"turns":4},{"damage":0,"enemies":"Looter","floor":4,"turns":2},{"damage":8,"enemies":"Large Slime","floor":5,"turns":3},{"damage":0,"enemies":"3 Sentries","floor":6,"turns":7},{"damage":0,"enemies":"Gremlin Nob","floor":8,"turns":3},{"damage":0,"enemies":"Lagavulin","floor":12,"turns":3},{"damage":0,"enemies":"Blue Slaver","floor":14,"turns":3},{"damage":3,"enemies":"Hexaghost","floor":16,"turns":5},{"damage":0,"enemies":"Spheric Guardian","floor":18,"turns":2},{"damage":0,"enemies":"Chosen","floor":21,"turns":4},{"damage":0,"enemies":"Centurion and Healer","floor":22,"turns":2},{"damage":0,"enemies":"Slavers","floor":23,"turns":2}],"seed_played":"6635296900756698478","potions_obtained":[{"floor":1,"key":"LifebloodPotion"},{"floor":2,"key":"Block Potion"},{"floor":6,"key":"SpeedPotion"}],"is_trial":false,"path_per_floor":["M","M","M","M","M","E","$","E","T","?","$","E","R","M","R","B",null,"M","$","?","M","M","E"],"character_chosen":"THE_SILENT","items_purchased":["Grand Finale"],"campfire_rested":0,"item_purchase_floors":[7],"current_hp_per_floor":[44,44,40,40,32,32,32,32,32,66,66,66,66,66,66,63,70,70,70,70,70,70,70,70],"gold":149,"neow_bonus":"ONE_RARE_RELIC","is_daily":false,"chose_seed":false,"campfire_upgraded":1,"win_rate":0.0,"timestamp":1614418587,"path_taken":["M","M","M","M","M","E","$","E","T","?","$","E","R","M","R","BOSS","M","$","?","?","M","E"],"items_purchased_type":["Card"],"build_version":"2020-12-22","purchased_purges":2,"victory":false,"max_hp_per_floor":[66,66,66,66,66,66,66,66,66,66,66,66,66,66,66,66,71,71,71,71,71,71,71,71],"card_choices":[{"not_picked":["Distraction","Backflip"],"picked":"Tactician","floor":1},{"not_picked":["Flying Knee","Draining Mist"],"picked":"Prepared","floor":1},{"not_picked":["Catalyst","All Out Attack","Masterful Stab"],"picked":"SKIP","floor":1},{"not_picked":["Flying Knee","Masterful Stab","Slice"],"picked":"SKIP","floor":1},{"not_picked":["Poisoned Stab","Dagger Throw","Quick Slash"],"picked":"SKIP","floor":1},{"not_picked":["Dodge and Roll","Sucker Punch"],"picked":"Tactician","floor":2},{"not_picked":["Dodge and Roll","PiercingWail"],"picked":"Calculated Gamble","floor":2},{"not_picked":["Outmaneuver","Endless Agony","Dagger Throw"],"picked":"SKIP","floor":2},{"not_picked":["Prepared","Deflect","Infinite Blades"],"picked":"SKIP","floor":2},{"not_picked":["Cloak And Dagger","ReplayTheSpireMod:Tripwire","Dagger Throw"],"picked":"SKIP","floor":2},{"not_picked":["PiercingWail","Predator"],"picked":"Reflex","floor":3},{"not_picked":["ReplayTheSpireMod:Shiv Toss","Accuracy"],"picked":"Acrobatics","floor":3},{"not_picked":["Sucker Punch","Wraith Form v2","Cloak And Dagger"],"picked":"SKIP","floor":3},{"not_picked":["PiercingWail","Sucker Punch","Bane"],"picked":"SKIP","floor":3},{"not_picked":["All Out Attack","Quick Slash","Deflect"],"picked":"SKIP","floor":3},{"not_picked":["Caltrops","Underhanded Strike"],"picked":"Well Laid Plans","floor":4},{"not_picked":["ReplayTheSpireMod:Speed Training","Leg Sweep"],"picked":"Backstab","floor":4},{"not_picked":["Bouncing Flask","Footwork"],"picked":"Acrobatics","floor":4},{"not_picked":["Dodge and Roll","Tactician","Cloak And Dagger"],"picked":"SKIP","floor":4},{"not_picked":["Deflect","Endless Agony","Caltrops"],"picked":"SKIP","floor":4},{"not_picked":["Deflect","Hidden Blade"],"picked":"Backflip","floor":5},{"not_picked":["Dagger Throw","Blade Dance"],"picked":"Footwork","floor":5},{"not_picked":["Burst","Hidden Blade","Quick Slash"],"picked":"SKIP","floor":5},{"not_picked":["Draining Mist","ReplayTheSpireMod:The Works","Predator"],"picked":"SKIP","floor":5},{"not_picked":["Noxious Fumes","Well Laid Plans","Poisoned Stab"],"picked":"SKIP","floor":5},{"not_picked":["Accuracy","Acrobatics","Flying Knee"],"picked":"SKIP","floor":6},{"not_picked":["Draining Mist","PiercingWail","Eviscerate"],"picked":"SKIP","floor":8},{"not_picked":["Bouncing Flask","Accuracy","Hidden Blade"],"picked":"SKIP","floor":12},{"not_picked":["Outmaneuver","Deflect","Predator"],"picked":"SKIP","floor":14},{"not_picked":["Outmaneuver","ReplayTheSpireMod:Exploit Weakness","Terror"],"picked":"SKIP","floor":14},{"not_picked":["Sucker Punch","Finisher","Underhanded Strike"],"picked":"SKIP","floor":14},{"not_picked":["Prepared","Acrobatics","Noxious Fumes"],"picked":"SKIP","floor":14},{"not_picked":["Cloak And Dagger","ReplayTheSpireMod:Speed Training","Quick Slash"],"picked":"SKIP","floor":14},{"not_picked":["Glass Knife","Phantasmal Killer"],"picked":"Adrenaline","floor":16},{"not_picked":["PiercingWail","Endless Agony"],"picked":"ReplayTheSpireMod:The Works+1","floor":18},{"not_picked":["Deadly Poison","Acrobatics+1","Crippling Poison"],"picked":"SKIP","floor":18},{"not_picked":["Outmaneuver","Deadly Poison","ReplayTheSpireMod:Tripwire"],"picked":"SKIP","floor":18},{"not_picked":["Dodge and Roll","Finisher","Sneak Up"],"picked":"SKIP","floor":18},{"not_picked":["Expertise","Eviscerate","Noxious Fumes"],"picked":"SKIP","floor":18},{"not_picked":["Dagger Throw","Outmaneuver","ReplayTheSpireMod:Speed Training"],"picked":"SKIP","floor":21},{"not_picked":["Finisher","Sneak Up","Slice"],"picked":"SKIP","floor":21},{"not_picked":["Flying Knee+1","Sucker Punch+1","Phantasmal Killer"],"picked":"SKIP","floor":21},{"not_picked":["Flechettes","Sucker Punch","Draining Mist"],"picked":"SKIP","floor":21},{"not_picked":["Accuracy","Slice","Sucker Punch"],"picked":"SKIP","floor":21},{"not_picked":["Distraction","Concentrate","Poisoned Stab"],"picked":"SKIP","floor":22},{"not_picked":["Expertise+1","Poisoned Stab","Deadly Poison"],"picked":"SKIP","floor":22},{"not_picked":["Deadly Poison","Underhanded Strike","Bane"],"picked":"SKIP","floor":22},{"not_picked":["Setup","Night Terror","Flying Knee"],"picked":"SKIP","floor":22},{"not_picked":["ReplayTheSpireMod:Speed Training","Skewer","Cloak And Dagger"],"picked":"SKIP","floor":22}],"player_experience":616496,"relics_obtained":[{"floor":6,"key":"Garlic"},{"floor":9,"key":"Oddly Smooth Stone"}],"event_choices":[{"damage_healed":34,"gold_gain":0,"player_choice":"Full Heal","damage_taken":0,"max_hp_gain":0,"max_hp_loss":0,"event_name":"Wheel of Change","floor":10,"gold_loss":0},{"damage_healed":0,"gold_gain":0,"player_choice":"Trade","damage_taken":0,"relics_obtained":["SsserpentHead"],"max_hp_gain":0,"max_hp_loss":0,"event_name":"FaceTrader","floor":20,"gold_loss":0}],"is_beta":false,"boss_relics":[{"not_picked":["Sozu","Runic Pyramid"],"picked":"Tiny House"}],"items_purged_floors":[11,19],"is_endless":false,"potions_floor_spawned":[1,2,4,6,16,18,21],"killed_by":"Slavers","ascension_level":20}}