{"host":"rgy6n2eoa9ji6d0c","time":1614450230,"event":{"mods":["BaseMod","Colored Map","Colored Powertips","Downfall","Minty Spire (QoL Compilation)","Quick Restart","Relic Sorter","Spire Arcade","StSLib"],"gold_per_floor":[99,119,23,23,8,107,107,107,142,156,168,168,168,168,183,281,281,281,301,321,321,335,56,56,71,71,145,145,145,155,181,192,289,289,289,300,319,372,19,119,143,143,168,168,187,218,218,252,270,270],"floor_reached":51,"language":"ENG","playtime":4907,"items_purged":["Guardian:Defend_Guardian","Guardian:Defend_Guardian","Pride","Guardian:Strike_Guardian","Guardian:Strike_Guardian"],"score":994,"play_id":"263fad22-5848-47d7-9155-5b5539e4a845","local_time":"20210227192350","is_ascension_mode":true,"campfire_choices":[{"floor":1.0,"key":"RECALL"},{"data":"Guardian:Orbwalk","floor":8.0,"key":"SMITH"},{"data":"Guardian:Orbwalk","floor":12,"key":"SMITH"},{"data":"Guardian:ConstructionForm","floor":18,"key":"SMITH"},{"data":"Guardian:WalkerClaw","floor":26,"key":"SMITH"},{"data":"Guardian:MultiBeam","floor":35,"key":"SMITH"},{"data":"Guardian:RefractedBeam","floor":44,"key":"SMITH"}],"circlet_count":0,"master_deck":["Guardian:Defend_Guardian","Guardian:CurlUp","Guardian:TwinSlam+1","Guardian:FuturePlans","Guardian:RefractedBeam+2","Guardian:Orbwalk+1","Guardian:Orbwalk+1","Guardian:WalkerClaw+1","Guardian:ConstructionForm+1","Guardian:PiercingHide+1","Guardian:StasisStrike+1","Guardian:ChargeCore+1","Guardian:FuturePlans","Guardian:ConstructionForm+1","Guardian:MultiBeam+1","Guardian:SphericShield","Guardian:Repulse","Guardian:TemporalShield+1"],"relics":["Snecko Eye","Membership Card","Question Card","Pantograph","Medical Kit","Eternal Feather","CaptainsWheel","downfall:ShatteredFragment","Astrolabe","Pen Nib","Pear","Juzu Bracelet","Ice Cream","DollysMirror","Bottled Flame","Meat on the Bone","Boot","Busted Crown","Thread and Needle","Ginger","HandDrill","White Beast Statue","Bag of Preparation","Oddly Smooth Stone","Peace Pipe","Mango"],"acts_visited":["Exordium","TheCity","TheBeyond"],"potions_floor_usage":[14,16],"damage_taken":[{"damage":0.0,"enemies":"Small Slimes","floor":2.0,"turns":4.0},{"damage":0.0,"enemies":"downfall:FleeingMerchant","floor":3.0,"turns":4.0},{"damage":5.0,"enemies":"downfall:FleeingMerchant","floor":5.0,"turns":4.0},{"damage":15.0,"enemies":"downfall:FleeingMerchant","floor":6.0,"turns":4.0},{"damage":26,"enemies":"Lagavulin","floor":9,"turns":6},{"damage":1,"enemies":"Cultist","floor":10,"turns":3},{"damage":0,"enemies":"2 Louse","floor":11,"turns":1},{"damage":10,"enemies":"downfall:LooterAlt","floor":15,"turns":2},{"damage":4,"enemies":"SI_SHIV_ARCHETYPE","floor":16,"turns":5},{"damage":1,"enemies":"downfall:LooterAlt2","floor":19,"turns":3},{"damage":0,"enemies":"Spheric Guardian","floor":20,"turns":3},{"damage":26,"enemies":"Snake Plant","floor":22,"turns":3},{"damage":15,"enemies":"downfall:FleeingMerchant","floor":23,"turns":4},{"damage":0,"enemies":"Cultist and Chosen","floor":25,"turns":4},{"damage":0,"enemies":"downfall:FleeingMerchant","floor":27,"turns":2},{"damage":12,"enemies":"Centurion and Healer","floor":30,"turns":5},{"damage":0,"enemies":"Gremlin Leader","floor":31,"turns":5},{"damage":3,"enemies":"Shelled Parasite and Fungi","floor":32,"turns":3},{"damage":13,"enemies":"WA_ARCHETYPE_CALM","floor":33,"turns":5},{"damage":0,"enemies":"Orb Walker","floor":36,"turns":2},{"damage":0,"enemies":"3 Darklings","floor":37,"turns":2},{"damage":0,"enemies":"2 Orb Walkers","floor":38,"turns":4},{"damage":0,"enemies":"downfall:LadyInBlue","floor":40,"turns":5},{"damage":8,"enemies":"Nemesis","floor":43,"turns":5},{"damage":0,"enemies":"Sphere and 2 Shapes","floor":45,"turns":2},{"damage":7,"enemies":"Giant Head","floor":46,"turns":5},{"damage":0,"enemies":"Reptomancer","floor":48,"turns":4},{"damage":0,"enemies":"4 Shapes","floor":49,"turns":1},{"damage":0,"enemies":"IC_BLOCK_ARCHETYPE","floor":50,"turns":7}],"seed_played":"-3026245981301304212","potions_obtained":[{"floor":9,"key":"SpeedPotion"},{"floor":10,"key":"ColorlessPotion"},{"floor":15,"key":"LiquidMemories"},{"floor":16,"key":"Fruit Juice"},{"floor":25,"key":"Swift Potion"},{"floor":30,"key":"Energy Potion"},{"floor":31,"key":"DistilledChaos"}],"is_trial":false,"path_per_floor":["R","M","$","?","$","$","T","R","E","M","M","R","?","?","M","B",null,"R","M","M","?","M","$","T","M","R","$","?","?","M","E","M","B",null,"R","M","M","?","$","?","T","?","E","R","M","E","?","E","M","B",null],"character_chosen":"GUARDIAN","items_purchased":["Membership Card","Question Card","Pantograph","Fruit Juice","Guardian:Orbwalk","Medical Kit","Eternal Feather","Pear","Juzu Bracelet","DollysMirror","Bottled Flame","Ginger","HandDrill","Guardian:Repulse"],"campfire_rested":0,"item_purchase_floors":[3,3,3,3,6,6,6,23,23,27,27,39,39,39],"current_hp_per_floor":[80,80,80,80,75,60,60,66,40,39,39,45,21,14,4,30,90,90,89,89,89,63,58,58,58,67,67,67,67,55,55,52,64,100,100,100,100,100,100,100,100,100,92,100,100,93,93,107,107,114],"gold":270,"neow_bonus":"BOSS_RELIC","is_daily":false,"chose_seed":false,"campfire_upgraded":6,"win_rate":0.0,"timestamp":1614450230,"path_taken":["R","M","$","?","?","$","T","R","E","M","M","R","?","?","M","BOSS","R","M","M","?","M","$","T","M","R","$","?","?","M","E","M","BOSS","R","M","M","?","$","?","T","?","E","R","M","E","?","E","M","BOSS"],"items_purchased_type":["Relic","Relic","Relic","Potion","Card","Relic","Relic","Relic","Relic","Relic","Relic","Relic","Relic","Card"],"build_version":"2020-12-22","purchased_purges":5,"victory":true,"max_hp_per_floor":[80,80,80,80,80,80,80,80,80,80,80,80,80,85,85,90,90,90,90,90,90,90,100,100,100,100,100,100,100,100,100,100,100,100,100,100,100,100,100,100,100,100,100,100,100,100,100,114,114,114],"card_choices":[{"not_picked":["Guardian:PiercingHide","Guardian:Gem_Cyan","Guardian:Planning"],"picked":"SKIP","floor":2.0},{"not_picked":["Guardian:BodySlam","Guardian:PiercingHide"],"picked":"Guardian:FuturePlans","floor":3.0},{"not_picked":["Guardian:Gem_Crimson","Guardian:Incinerate","Guardian:PrimingBeam"],"picked":"Guardian:RefractedBeam","floor":5.0},{"not_picked":["Guardian:Gem_Cyan","Guardian:BaubleBeam","Guardian:PrimingBeam","Guardian:CrystalBeam"],"picked":"SKIP","floor":6.0},{"not_picked":["Guardian:SentryBeam","Guardian:RevengeProtocol","Guardian:PolyBeam"],"picked":"Guardian:Orbwalk","floor":9},{"not_picked":["Guardian:PrismaticBarrier","Guardian:Reroute","Guardian:TemporalStrike","Guardian:Planning"],"picked":"SKIP","floor":10},{"not_picked":["Guardian:PrimingBeam","Guardian:RefractedBeam","Guardian:TemporalStrike","Guardian:Incinerate"],"picked":"SKIP","floor":11},{"not_picked":["Guardian:VentSteam","Guardian:Gem_Cyan","Guardian:TemporalStrike"],"picked":"Guardian:WalkerClaw","floor":15},{"not_picked":["Guardian:GemFinder","Guardian:FastForward","Guardian:StasisStrike"],"picked":"Guardian:ConstructionForm","floor":16},{"not_picked":["Guardian:SpikerProtocol","Guardian:ChargeCore+1","Guardian:Clone","Guardian:TemporalStrike+1"],"picked":"SKIP","floor":19},{"not_picked":["Guardian:Planning","Guardian:Gem_Purple","Guardian:Suspension+1"],"picked":"Guardian:FuturePlans","floor":20},{"not_picked":["Guardian:Gem_Lightblue","Guardian:WalkerClaw","Guardian:TemporalShield","Guardian:CrystalBeam"],"picked":"SKIP","floor":22},{"not_picked":["Guardian:Gem_Cyan","Guardian:StasisField","Guardian:Recover+1","Guardian:TimeBomb"],"picked":"SKIP","floor":23},{"not_picked":["Guardian:VentSteam","Guardian:RollAttack","Guardian:Gem_Blue","Guardian:TimeBomb+1"],"picked":"SKIP","floor":25},{"not_picked":["Guardian:Incinerate+1","Guardian:RollAttack","Guardian:Gem_Yellow","Guardian:StasisStrike"],"picked":"SKIP","floor":27},{"not_picked":["Guardian:Recover+1","Guardian:VentSteam","Guardian:TemporalStrike+1"],"picked":"Guardian:MultiBeam","floor":30},{"not_picked":["Guardian:GemFire","Guardian:PrismaticBarrier+1","Guardian:Incinerate"],"picked":"Guardian:Gem_Fragmented","floor":31},{"not_picked":["Guardian:Planning","Guardian:Gem_Blue","Guardian:SpikerProtocol+1"],"picked":"Guardian:Gem_Crimson","floor":32},{"not_picked":["Guardian:HyperBeam_Guardian","Guardian:GemFire","Guardian:Gem_Synthetic"],"picked":"Guardian:SphericShield","floor":33},{"not_picked":["Guardian:Gem_Fragmented","Guardian:Incinerate"],"picked":"SKIP","floor":36},{"not_picked":["Guardian:ChargeCore","Guardian:MultiBeam"],"picked":"SKIP","floor":37},{"not_picked":["Guardian:TimeBomb","Guardian:Gem_Yellow"],"picked":"SKIP","floor":43},{"not_picked":["Guardian:Gem_Yellow","Guardian:Incinerate+1"],"picked":"SKIP","floor":45},{"not_picked":["Guardian:ShieldCharger","Guardian:BodySlam"],"picked":"SKIP","floor":46},{"not_picked":["Guardian:Gem_Lightblue","Guardian:VentSteam+1"],"picked":"SKIP","floor":48},{"not_picked":["Guardian:Suspension+1"],"picked":"Guardian:TemporalShield+1","floor":49}],"player_experience":1531672,"relics_obtained":[{"floor":9,"key":"CaptainsWheel"},{"floor":24,"key":"Ice Cream"},{"floor":31,"key":"Boot"},{"floor":38,"key":"Thread and Needle"},{"floor":40,"key":"White Beast Statue"},{"floor":41,"key":"Bag of Preparation"},{"floor":43,"key":"Oddly Smooth Stone"},{"floor":46,"key":"Peace Pipe"},{"floor":48,"key":"Mango"}],"event_choices":[{"damage_healed":0,"gold_gain":0,"player_choice":"Stole Relic","damage_taken":0,"relics_obtained":["Pen Nib"],"max_hp_gain":0,"max_hp_loss":0,"event_name":"Addict","floor":21,"gold_loss":0,"cards_obtained":["Pride"]},{"damage_healed":0,"gold_gain":0,"player_choice":"Fight","damage_taken":0,"max_hp_gain":0,"max_hp_loss":0,"event_name":"Mysterious Sphere","floor":38,"gold_loss":0}],"is_beta":false,"boss_relics":[{"not_picked":["Coffee Dripper","Guardian:StasisSlotReductionRelic"],"picked":"Astrolabe"},{"not_picked":["Sozu","Pandora\u0027s Box"],"picked":"Busted Crown"}],"items_purged_floors":[3,6,23,27,39],"is_endless":false,"potions_floor_spawned":[9,10,15,16,25,30,31,32,33,43,45,46,48,49],"ascension_level":1}}