{"host":"x6tlfgqpy55vgxdn","time":1614449628,"event":{"mods":["AchievementEnabler","BaseMod","DeckTracker","Minty Spire (QoL Compilation)","Permanent Neow","Quick Restart","StSLib","SuperFastMode"],"gold_per_floor":[115,134,153,153,164,199,199,124,193,205,205,234,251,251,251,355,355,373,390,390,660,671,689,689,689,689],"floor_reached":25,"language":"KOR","playtime":936,"items_purged":["Decay"],"score":384,"play_id":"b7870bc3-9985-4eae-8b44-bc7f6b2b3c3f","local_time":"20210228031348","is_ascension_mode":true,"campfire_choices":[{"data":"Prepared","floor":7.0,"key":"SMITH"},{"data":"Neutralize","floor":11.0,"key":"SMITH"},{"data":"Blade Dance","floor":15.0,"key":"SMITH"},{"floor":24.0,"key":"REST"}],"circlet_count":0,"master_deck":["Strike_G","Strike_G","Strike_G","Defend_G","Defend_G","Defend_G","Defend_G","Defend_G","Survivor","Neutralize+1","Finisher","Prepared+1","Dagger Throw","Leg Sweep","Blade Dance+1","Cloak And Dagger+1","Infinite Blades+1"],"relics":["Ring of the Snake","Pocketwatch","White Beast Statue","Bronze Scales","SlaversCollar"],"acts_visited":["Exordium","TheCity"],"potions_floor_usage":[25,25,25],"damage_taken":[{"damage":0.0,"enemies":"Small Slimes","floor":1.0,"turns":3.0},{"damage":0.0,"enemies":"Cultist","floor":2.0,"turns":3.0},{"damage":0.0,"enemies":"2 Louse","floor":3.0,"turns":3.0},{"damage":22.0,"enemies":"Lots of Slimes","floor":5.0,"turns":5.0},{"damage":34.0,"enemies":"3 Sentries","floor":6.0,"turns":12.0},{"damage":0.0,"enemies":"Large Slime","floor":10.0,"turns":8.0},{"damage":7.0,"enemies":"Gremlin Nob","floor":12.0,"turns":3.0},{"damage":0.0,"enemies":"2 Fungi Beasts","floor":13.0,"turns":3.0},{"damage":0.0,"enemies":"Slime Boss","floor":16.0,"turns":7.0},{"damage":0.0,"enemies":"Shell Parasite","floor":18.0,"turns":1.0},{"damage":0.0,"enemies":"Spheric Guardian","floor":19.0,"turns":3.0},{"damage":3.0,"enemies":"Centurion and Healer","floor":22.0,"turns":6.0},{"damage":19.0,"enemies":"Sentry and Sphere","floor":23.0,"turns":6.0},{"damage":19,"enemies":"Masked Bandits","floor":25,"turns":3}],"seed_played":"8214996210450103299","potions_obtained":[{"floor":2.0,"key":"Swift Potion"},{"floor":3.0,"key":"SneckoOil"},{"floor":5.0,"key":"Regen Potion"},{"floor":10.0,"key":"SteroidPotion"},{"floor":12.0,"key":"SteroidPotion"},{"floor":13.0,"key":"Poison Potion"},{"floor":14.0,"key":"SteroidPotion"},{"floor":18.0,"key":"Block Potion"},{"floor":22.0,"key":"Poison Potion"},{"floor":23.0,"key":"Swift Potion"}],"is_trial":false,"path_per_floor":["M","M","M","?","M","E","R","$","T","M","R","E","M","?","R","B",null,"M","M","?","?","M","M","R","?"],"character_chosen":"THE_SILENT","items_purchased":[],"campfire_rested":1,"item_purchase_floors":[],"current_hp_per_floor":[63,63,63,63,41,7,7,7,7,22,22,15,15,15,15,15,51,51,51,51,24,21,2,20,1,1],"gold":689,"neow_bonus":"TRANSFORM_TWO_CARDS","is_daily":false,"chose_seed":true,"campfire_upgraded":3,"win_rate":0.0,"timestamp":1614449628,"path_taken":["M","M","M","?","M","E","R","?","T","M","R","E","?","?","R","BOSS","M","?","?","?","?","M","R","?"],"items_purchased_type":[],"build_version":"2020-12-22","purchased_purges":1,"victory":false,"max_hp_per_floor":[63,63,63,63,63,63,63,63,63,63,63,63,63,63,63,63,63,63,63,63,63,63,63,63,63,63],"card_choices":[{"not_picked":["Bane","Poisoned Stab"],"picked":"Dagger Throw","floor":1.0},{"not_picked":["Outmaneuver","Noxious Fumes","Infinite Blades"],"picked":"SKIP","floor":2.0},{"not_picked":["Outmaneuver","Noxious Fumes","Infinite Blades"],"picked":"SKIP","floor":2.0},{"not_picked":["Bane","Quick Slash","Predator"],"picked":"SKIP","floor":3.0},{"not_picked":["PiercingWail","Masterful Stab","Acrobatics"],"picked":"SKIP","floor":5.0},{"not_picked":["Riddle With Holes","Distraction"],"picked":"Leg Sweep","floor":6.0},{"not_picked":["PiercingWail","Bane","All Out Attack"],"picked":"SKIP","floor":10.0},{"not_picked":["Leg Sweep","PiercingWail"],"picked":"Blade Dance","floor":12.0},{"not_picked":["Cloak And Dagger","Sucker Punch","Outmaneuver"],"picked":"SKIP","floor":13.0},{"not_picked":["Sucker Punch+1","All Out Attack"],"picked":"Cloak And Dagger+1","floor":18.0},{"not_picked":["Outmaneuver","Dodge and Roll","Skewer"],"picked":"SKIP","floor":19.0},{"not_picked":["Slice","Underhanded Strike"],"picked":"Infinite Blades+1","floor":22.0},{"not_picked":["Prepared","Poisoned Stab","Dodge and Roll"],"picked":"SKIP","floor":23.0}],"player_experience":265805,"relics_obtained":[{"floor":6.0,"key":"Pocketwatch"},{"floor":9.0,"key":"White Beast Statue"},{"floor":12.0,"key":"Bronze Scales"}],"event_choices":[{"damage_healed":0.0,"max_hp_gain":0.0,"max_hp_loss":0.0,"gold_gain":0.0,"event_name":"Wheel of Change","player_choice":"Cursed","floor":4.0,"gold_loss":0.0,"damage_taken":0.0,"cards_obtained":["Decay"]},{"damage_healed":0.0,"max_hp_gain":0.0,"max_hp_loss":0.0,"gold_gain":0.0,"event_name":"Lab","player_choice":"Got Potions","floor":14.0,"gold_loss":0.0,"damage_taken":0.0},{"damage_healed":0.0,"max_hp_gain":0.0,"max_hp_loss":0.0,"gold_gain":0.0,"event_name":"The Mausoleum","player_choice":"Ignored","floor":20.0,"gold_loss":0.0,"damage_taken":0.0},{"damage_healed":0.0,"max_hp_gain":0.0,"max_hp_loss":0.0,"gold_gain":270.0,"event_name":"Knowing Skull","player_choice":"GOLD GOLD GOLD ","floor":21.0,"potions_obtained":[],"gold_loss":0.0,"damage_taken":27.0,"cards_obtained":[]},{"damage_healed":0,"gold_gain":0,"player_choice":"Fought Bandits","damage_taken":0,"max_hp_gain":0,"max_hp_loss":0,"event_name":"Masked Bandits","floor":25,"gold_loss":0}],"is_beta":false,"boss_relics":[{"not_picked":["Snecko Eye","Sozu"],"picked":"SlaversCollar"}],"items_purged_floors":[8],"is_endless":false,"potions_floor_spawned":[2,3,5,10,12,13,16,18,19,22,23],"killed_by":"Masked Bandits","ascension_level":9}}