{"host":"bvp2uifzy1c463d9","time":1614457222,"event":{"mods":["AchievementEnabler","BaseMod","Better Note","Block Reminder","Bossed Relics","Colored Map","Colored Powertips","Hermit","Highlight Path","Hubris","Infinite Spire","Minty Spire (QoL Compilation)","Relic Sorter","Relic Stats","Reliquary","Replay The Spire","StSLib","The Blue Laboratory","Wandering Minibosses"],"gold_per_floor":[109,120,120,132,107,107,112,112],"floor_reached":7,"language":"ENG","playtime":263,"items_purged":[],"score":51,"play_id":"c3533023-c807-4dfe-92e9-f064cc69d3d3","local_time":"20210227142022","is_ascension_mode":true,"campfire_choices":[{"data":"hermit:OverwhelmingPower","floor":6,"key":"SMITH"}],"circlet_count":0,"master_deck":["hermit:Strike_Hermit","hermit:Strike_Hermit","hermit:Strike_Hermit+1","hermit:Strike_Hermit","hermit:Defend_Hermit","hermit:Defend_Hermit","hermit:Defend_Hermit","hermit:Defend_Hermit+1","hermit:Snapshot","hermit:Covet","hermit:OverwhelmingPower+1","hermit:FlashPowder","hermit:Feint","hermit:Scavenge","hermit:EyeOfTheStorm"],"relics":["hermit:Momento"],"acts_visited":["Exordium"],"potions_floor_usage":[],"damage_taken":[{"damage":4,"enemies":"Small Slimes","floor":1,"turns":4},{"damage":0,"enemies":"Jaw Worm","floor":2,"turns":3},{"damage":2,"enemies":"Cultist","floor":4,"turns":3},{"damage":2,"enemies":"Looter","floor":5,"turns":4},{"damage":73,"enemies":"Gremlin Nob","floor":7,"turns":4}],"seed_played":"2648511613247285015","potions_obtained":[],"is_trial":false,"path_per_floor":["M","M","?","M","M","R","E"],"character_chosen":"HERMIT","items_purchased":[],"campfire_rested":0,"item_purchase_floors":[],"current_hp_per_floor":[71,71,56,54,52,52,0,0],"gold":112,"neow_bonus":"ONE_RANDOM_RARE_CARD","is_daily":false,"chose_seed":false,"campfire_upgraded":1,"win_rate":0.0,"timestamp":1614457222,"path_taken":["M","M","?","M","M","R","E"],"items_purchased_type":[],"build_version":"2020-12-22","purchased_purges":0,"victory":false,"max_hp_per_floor":[75,75,75,75,75,75,75,75],"relic_stats":{"counters":[5,18],"obtain_stats":[{"hermit:Momento":0},{"hermit:Momento":0},{"hermit:Momento":0}]},"card_choices":[{"not_picked":["hermit:BodyArmor","hermit:PistolWhip"],"picked":"hermit:FlashPowder","floor":1},{"not_picked":["hermit:Spite","hermit:SprayPray"],"picked":"hermit:Feint","floor":2},{"not_picked":["hermit:HoleUp","hermit:ItchyTrigger"],"picked":"hermit:Scavenge","floor":4},{"not_picked":["hermit:WideOpen","hermit:LoneWolf"],"picked":"hermit:EyeOfTheStorm","floor":5}],"player_experience":396761,"relics_obtained":[],"event_choices":[{"damage_healed":0,"gold_gain":0,"player_choice":"Entered Light","damage_taken":15,"max_hp_gain":0,"max_hp_loss":0,"event_name":"Shining Light","floor":3,"gold_loss":0,"cards_upgraded":["hermit:Strike_Hermit","hermit:Defend_Hermit"]}],"is_beta":false,"boss_relics":[],"items_purged_floors":[],"is_endless":false,"potions_floor_spawned":[],"killed_by":"Gremlin Nob","ascension_level":5}}