{"host":"stk82ot58bnorhun","time":1614436886,"event":{"mods":["BaseMod","Colored Powertips","Downfall","Energized Spire","Highlight Path","Minty Spire (QoL Compilation)","Replay The Spire","StSLib","SuperFastMode","UnlockEverythingMod"],"gold_per_floor":[49,62,62,82,100,120,120,137,168,181,193,206,222,254,270,374,374,274,292,308,98,112,128,151,186,86,101,101,133,33,33,51,152,152,152,172,185,185,202,29,29,49,75,75,86,59,59,69,88,88,88,116,20,20,20,20,20],"floor_reached":55,"language":"ZHS","playtime":3828,"items_purged":["champ:Strike","Voices"],"score":836,"play_id":"2f64d020-6074-4bb1-8928-4ff3e280abea","local_time":"20210227224126","is_ascension_mode":false,"campfire_choices":[{"data":"champ:TripleStrike","floor":1.0,"key":"SMITH"},{"data":"champ:ShieldSigil","floor":18.0,"key":"SMITH"},{"floor":26.0,"key":"REST"},{"floor":28.0,"key":"RECALL"},{"data":"champ:IronFortress","floor":30.0,"key":"SMITH"},{"floor":47,"key":"REST"},{"data":"expansioncontent:AwakenDeath","floor":54,"key":"SMITH"}],"circlet_count":0,"master_deck":["champ:Execute+1","champ:Taunt+1","champ:Strike+1","champ:TripleStrike+1","champ:ShieldSigil+1","champ:FlashCut+1","champ:GutPunch+1","champ:ViciousMockery+1","champ:StanceDance+1","champ:IronFortress+1","champ:Backstep+1","champ:TornadoPunch+1","champ:FaceSlap+1","champ:SkillfulDodge+1","champ:VampiricStrike+1","champ:FanOfKnives+1","champ:CalledShot+1","champ:StanceDance+1","champ:GladiatorStyle+1","champ:Circumvent+1","champ:HeartStrike+1","champ:ArenaPreparation+1","champ:EndlessRage+1","champ:IronFortress+1","champ:EnGarde+1","champ:Devastate+1","CommonCold","champ:RapidStrikes+1","champ:BringItOn+1","champ:DefensiveStyle+1","champ:MurderStrike","champ:RageSigil+1","champ:ShieldSigil+1","champ:FocusedDefense+1","champ:ShieldWall+1","champ:Duel+1","champ:EnragedBash+1","champ:FalseCounter+1","expansioncontent:AwakenDeath+1"],"relics":["energizedSpire:HugeHouse","Gremlin Horn","Pear","Mercury Hourglass","SlaversCollar","Boot","CaptainsWheel","Kintsugi","Pantograph","Dream Catcher","Garlic","White Beast Statue"],"acts_visited":["Exordium","TheCity","TheBeyond","TheEnding"],"potions_floor_usage":[48,55],"damage_taken":[{"damage":0.0,"enemies":"Cultist","floor":2.0,"turns":2.0},{"damage":10.0,"enemies":"Small Slimes","floor":4.0,"turns":3.0},{"damage":15.0,"enemies":"Jaw Worm","floor":5.0,"turns":2.0},{"damage":25.0,"enemies":"Exordium Thugs","floor":6.0,"turns":4.0},{"damage":25.0,"enemies":"Large Slime","floor":8.0,"turns":4.0},{"damage":58.0,"enemies":"3 Sentries","floor":9.0,"turns":5.0},{"damage":5.0,"enemies":"Exordium Wildlife","floor":10.0,"turns":2.0},{"damage":44.0,"enemies":"Gremlin Gang","floor":11.0,"turns":3.0},{"damage":5.0,"enemies":"Blue Slaver","floor":12.0,"turns":3.0},{"damage":9.0,"enemies":"2 Fungi Beasts","floor":13.0,"turns":2.0},{"damage":39.0,"enemies":"Lagavulin","floor":14.0,"turns":5.0},{"damage":17.0,"enemies":"Exordium Thugs","floor":15.0,"turns":3.0},{"damage":14.0,"enemies":"IC_STATUS_ARCHETYPE","floor":16.0,"turns":5.0},{"damage":0.0,"enemies":"Spheric Guardian","floor":19.0,"turns":2.0},{"damage":12.0,"enemies":"Chosen","floor":20.0,"turns":3.0},{"damage":60.0,"enemies":"downfall:FleeingMerchant","floor":21.0,"turns":4.0},{"damage":27.0,"enemies":"Snecko","floor":22.0,"turns":4.0},{"damage":45.0,"enemies":"Snake Plant","floor":23.0,"turns":2.0},{"damage":28.0,"enemies":"Replay:Snechameleon","floor":25.0,"turns":5.0},{"damage":23.0,"enemies":"Sentry and Sphere","floor":27.0,"turns":3.0},{"damage":41.0,"enemies":"Slavers","floor":29.0,"turns":4.0},{"damage":10.0,"enemies":"Centurion and Healer","floor":32.0,"turns":5.0},{"damage":62.0,"enemies":"DF_ARCHETYPE_CLAW","floor":33.0,"turns":5.0},{"damage":40.0,"enemies":"Orb Walker","floor":36.0,"turns":4.0},{"damage":0.0,"enemies":"3 Shapes","floor":37.0,"turns":3.0},{"damage":81.0,"enemies":"Maw","floor":39.0,"turns":7.0},{"damage":47.0,"enemies":"downfall:FleeingMerchant","floor":40.0,"turns":4.0},{"damage":21.0,"enemies":"Sphere and 2 Shapes","floor":42.0,"turns":4.0},{"damage":15.0,"enemies":"Nemesis","floor":43.0,"turns":4.0},{"damage":30,"enemies":"Spire Growth","floor":45,"turns":5},{"damage":0,"enemies":"downfall:FleeingMerchant","floor":46,"turns":1},{"damage":62,"enemies":"Transient","floor":48,"turns":5},{"damage":16,"enemies":"Sphere and 2 Shapes","floor":49,"turns":4},{"damage":77,"enemies":"SI_POISON_ARCHETYPE","floor":50,"turns":10},{"damage":23,"enemies":"downfall:CharBossMerchant","floor":52,"turns":7},{"damage":231,"enemies":"downfall:NeowBoss","floor":55,"turns":12}],"seed_played":"-3953060493438010093","potions_obtained":[{"floor":5.0,"key":"Fire Potion"},{"floor":9.0,"key":"Fire Potion"},{"floor":10.0,"key":"Adrenaline Potion"},{"floor":14.0,"key":"SteroidPotion"},{"floor":15.0,"key":"champ:UltimateStancePotion"},{"floor":16.0,"key":"ColorlessPotion"},{"floor":20.0,"key":"LiquidMemories"},{"floor":23.0,"key":"bronze:BurnAndBuffPotion"},{"floor":29.0,"key":"PowerPotion"},{"floor":33.0,"key":"Fruit Juice"},{"floor":37.0,"key":"FearPotion"},{"floor":39.0,"key":"Venom Potion"},{"floor":42.0,"key":"BlessingOfTheForge"},{"floor":45,"key":"Adrenaline Potion"},{"floor":52,"key":"champ:OpenerPotion"}],"is_trial":false,"path_per_floor":["R","M","?","M","M","M","T","M","E","M","M","M","M","E","M","B",null,"R","M","M","$","M","M","T","E","R","M","R","E","R","?","M","B",null,"R","M","M","?","M","$","T","M","E","?","M","$","R","M","M","B",null,"E","$","R","B"],"character_chosen":"THE_CHAMP","items_purchased":["champ:GladiatorStyle","champ:Circumvent","champ:DefensiveStyle+1","Fruit Juice","Garlic","expansioncontent:AwakenDeath"],"campfire_rested":2,"item_purchase_floors":[21,21,40,40,46,53],"current_hp_per_floor":[85,85,90,90,90,90,90,90,92,92,88,83,74,55,48,34,100,100,100,98,88,71,56,56,38,81,78,78,72,72,110,110,103,115,115,100,100,100,69,67,67,61,61,61,31,31,64,62,61,69,110,92,92,92,0,0,0],"gold":20,"neow_bonus":"BOSS_RELIC","is_daily":false,"chose_seed":false,"campfire_upgraded":4,"win_rate":0.0,"timestamp":1614436886,"path_taken":["R","M","?","M","M","M","T","M","E","M","M","M","M","E","M","BOSS","R","M","M","$","M","M","T","E","R","M","R","E","R","?","M","BOSS","R","M","?","?","M","?","T","?","E","?","M","$","R","M","M","BOSS","E","$","R","BOSS"],"items_purchased_type":["Card","Card","Card","Potion","Relic","Card"],"build_version":"2020-12-22","purchased_purges":2,"victory":false,"max_hp_per_floor":[85,85,90,90,90,90,90,90,100,100,100,100,100,100,100,100,100,100,100,100,100,100,100,100,100,110,110,110,110,110,110,110,115,115,115,115,115,105,105,110,110,110,110,110,110,110,110,110,110,110,110,110,110,110,110,110,110],"card_choices":[{"not_picked":["champ:FocusedDefense","champ:Backstep"],"picked":"champ:Shatter","floor":2.0},{"not_picked":["champ:DeathBlow","champ:Parry"],"picked":"champ:ShieldSigil","floor":4.0},{"not_picked":["champ:PerfectedStrike","champ:Circumvent"],"picked":"champ:FlashCut","floor":5.0},{"not_picked":["champ:Lariat","champ:EndlessRage"],"picked":"champ:GutPunch","floor":6.0},{"not_picked":["champ:PreemptiveStrike","champ:Haymaker"],"picked":"champ:ViciousMockery","floor":8.0},{"not_picked":["champ:PreemptiveStrike","champ:TornadoPunch"],"picked":"champ:StanceDance","floor":9.0},{"not_picked":["champ:BerserkersShout","champ:BerserkerStyle"],"picked":"champ:IronFortress","floor":10.0},{"not_picked":["champ:Shatter","champ:FlashCut"],"picked":"champ:Backstep","floor":11.0},{"not_picked":["champ:BerserkersShout","champ:Endure"],"picked":"champ:TornadoPunch","floor":12.0},{"not_picked":["champ:AdrenalArmor","champ:ViciousMockery"],"picked":"champ:FaceSlap","floor":13.0},{"not_picked":["champ:TornadoPunch","champ:PreciseThrust"],"picked":"champ:SkillfulDodge","floor":14.0},{"not_picked":["champ:TornadoPunch","champ:FanOfKnives","champ:ArenaPreparation"],"picked":"SKIP","floor":15.0},{"not_picked":["champ:IgnorePain","champ:StrikeOfGenius"],"picked":"champ:VampiricStrike","floor":16.0},{"not_picked":["champ:GutPunch","champ:PerfectedStrike"],"picked":"champ:FanOfKnives+1","floor":19.0},{"not_picked":["champ:FlashCut","champ:CrownThrow"],"picked":"champ:CalledShot","floor":20.0},{"not_picked":["champ:TornadoPunch","champ:PerfectedStrike+1"],"picked":"champ:StanceDance","floor":21.0},{"not_picked":["champ:PreemptiveStrike","champ:Shatter","champ:Backstep"],"picked":"SKIP","floor":22.0},{"not_picked":["champ:SetATrap","champ:Circumvent"],"picked":"champ:HeartStrike","floor":23.0},{"not_picked":["champ:Lariat","champ:PerfectedStrike"],"picked":"champ:ArenaPreparation","floor":25.0},{"not_picked":["champ:BladeFlurry","champ:Backstep"],"picked":"champ:EndlessRage","floor":27.0},{"not_picked":["champ:BladeFlurry+1","champ:EnchantCrown"],"picked":"champ:IronFortress+1","floor":29.0},{"not_picked":["champ:BerserkersShout","champ:DefensiveShout"],"picked":"champ:EnGarde+1","floor":32.0},{"not_picked":["champ:EnchantCrown","champ:HeavySlash"],"picked":"champ:Devastate","floor":33.0},{"not_picked":["champ:Circumvent","champ:HeartStrike","champ:Backstep+1"],"picked":"SKIP","floor":36.0},{"not_picked":["champ:Shatter","champ:ViciousMockery","champ:DefensiveShout+1"],"picked":"SKIP","floor":37.0},{"not_picked":["champ:Parry+1","champ:CrownThrow"],"picked":"champ:BringItOn+1","floor":39.0},{"not_picked":["champ:FlashCut","champ:Encircle","champ:CrownThrow"],"picked":"SKIP","floor":40.0},{"not_picked":["champ:BerserkersShout","champ:RecklessLeap"],"picked":"champ:MurderStrike","floor":42.0},{"not_picked":["champ:SkillfulDodge+1","champ:Lariat+1"],"picked":"champ:RageSigil+1","floor":43.0},{"not_picked":["champ:FlashCut+1","champ:RageSigil+1"],"picked":"champ:ShieldSigil+1","floor":45},{"not_picked":["champ:Haymaker","champ:FanOfKnives+1"],"picked":"champ:FocusedDefense+1","floor":46},{"not_picked":["champ:Backstep","champ:CrownThrow"],"picked":"champ:ShieldWall+1","floor":47},{"not_picked":["champ:BringItOn+1","champ:GutPunch"],"picked":"champ:Duel+1","floor":48},{"not_picked":["champ:TornadoPunch","champ:EnGarde"],"picked":"champ:EnragedBash+1","floor":49},{"not_picked":["champ:BerserkersShout","champ:PerfectedStrike+1"],"picked":"champ:FalseCounter+1","floor":52}],"player_experience":106325,"relics_obtained":[{"floor":7.0,"key":"Gremlin Horn"},{"floor":9.0,"key":"Pear"},{"floor":14.0,"key":"Mercury Hourglass"},{"floor":25.0,"key":"Boot"},{"floor":29.0,"key":"CaptainsWheel"},{"floor":41.0,"key":"Pantograph"},{"floor":43.0,"key":"Dream Catcher"},{"floor":52,"key":"White Beast Statue"}],"event_choices":[{"damage_healed":0.0,"max_hp_gain":5.0,"max_hp_loss":0.0,"gold_gain":0.0,"event_name":"Big Fish","player_choice":"Donut","floor":3.0,"gold_loss":0.0,"damage_taken":0.0},{"damage_healed":38.0,"max_hp_gain":0.0,"max_hp_loss":0.0,"gold_gain":0.0,"event_name":"Wheel of Change","player_choice":"Full Heal","floor":31.0,"gold_loss":0.0,"damage_taken":0.0},{"cards_removed":["champ:Shatter"],"damage_healed":0.0,"max_hp_gain":0.0,"max_hp_loss":0.0,"gold_gain":0.0,"event_name":"Falling","player_choice":"Removed Attack","floor":44.0,"gold_loss":0.0,"damage_taken":0.0}],"is_beta":false,"boss_relics":[{"not_picked":["Astrolabe","Abe\u0027s Treasure"],"picked":"SlaversCollar"},{"not_picked":["Snecko Eye","SacredBark"],"picked":"Kintsugi"}],"items_purged_floors":[21,46],"is_endless":false,"potions_floor_spawned":[5,9,10,14,15,16,20,23,25,29,33,37,39,42,45,52],"killed_by":"downfall:NeowBoss","ascension_level":0}}