{"host":"fbdlh90rovbiajun","time":1614407621,"event":{"mods":["AchievementEnabler","BaseMod","Colored Map","Keyboard Shortcuts","Minty Spire (QoL Compilation)","SuperFastMode"],"gold_per_floor":[115,115,115,65,81,81,116,135,135,155,155,169,169,184,184,309,309,334,334,347,366,366,366],"floor_reached":22,"language":"KOR","playtime":425,"items_purged":[],"score":234,"play_id":"c620f598-7448-40a1-a4dd-d5955a75b422","local_time":"20210227153341","is_ascension_mode":true,"campfire_choices":[{"data":"Bash","floor":6,"key":"SMITH"},{"data":"Heavy Blade","floor":11,"key":"SMITH"},{"data":"Warcry","floor":13,"key":"SMITH"},{"data":"Clash","floor":15,"key":"SMITH"}],"circlet_count":0,"master_deck":["Strike_R","Strike_R","Strike_R","Strike_R+1","Defend_R","Defend_R","Defend_R","Defend_R","Bash+1","Clash+1","Warcry+1","Heavy Blade+1","Seeing Red+1"],"relics":["Burning Blood","NeowsBlessing","Golden Idol","Pear","Shuriken","Busted Crown"],"acts_visited":["Exordium","TheCity"],"potions_floor_usage":[16],"damage_taken":[{"damage":0,"enemies":"Jaw Worm","floor":1,"turns":1},{"damage":0,"enemies":"2 Louse","floor":5,"turns":1},{"damage":0,"enemies":"Gremlin Nob","floor":7,"turns":1},{"damage":7,"enemies":"Small Slimes","floor":8,"turns":2},{"damage":0,"enemies":"Exordium Wildlife","floor":10,"turns":3},{"damage":11,"enemies":"Exordium Thugs","floor":12,"turns":4},{"damage":19,"enemies":"Lots of Slimes","floor":14,"turns":4},{"damage":66,"enemies":"Hexaghost","floor":16,"turns":11},{"damage":11,"enemies":"Shell Parasite","floor":18,"turns":4},{"damage":7,"enemies":"Chosen","floor":20,"turns":3},{"damage":71,"enemies":"Sentry and Sphere","floor":21,"turns":7},{"damage":19,"enemies":"Snake Plant","floor":22,"turns":1}],"seed_played":"-471369152613571073","potions_obtained":[{"floor":5,"key":"Regen Potion"},{"floor":10,"key":"FearPotion"},{"floor":14,"key":"BloodPotion"},{"floor":18,"key":"SteroidPotion"}],"is_trial":false,"path_per_floor":["M","?","?","?","M","R","E","M","T","M","R","M","R","M","R","B",null,"M","?","M","M","M"],"character_chosen":"IRONCLAD","items_purchased":[],"campfire_rested":0,"item_purchase_floors":[],"current_hp_per_floor":[80,60,60,60,66,66,82,81,81,87,87,82,82,69,69,24,90,85,85,84,19,0,0],"gold":366,"neow_bonus":"THREE_ENEMY_KILL","is_daily":false,"chose_seed":false,"campfire_upgraded":4,"win_rate":0.0,"timestamp":1614407621,"path_taken":["M","?","?","?","?","R","E","M","T","M","R","M","R","M","R","BOSS","M","?","?","M","M"],"items_purchased_type":[],"build_version":"2020-12-22","purchased_purges":0,"victory":false,"max_hp_per_floor":[80,80,80,80,80,80,90,90,90,90,90,90,90,90,90,90,90,90,90,90,90,90,90],"card_choices":[{"not_picked":["Havoc","Wild Strike"],"picked":"Clash","floor":1},{"not_picked":["Bloodletting","Clash","Juggernaut"],"picked":"SKIP","floor":5},{"not_picked":["Entrench","Body Slam","Burning Pact"],"picked":"SKIP","floor":7},{"not_picked":["Twin Strike","Metallicize"],"picked":"Warcry","floor":8},{"not_picked":["Headbutt","Clash"],"picked":"Heavy Blade","floor":10},{"not_picked":["Shockwave","Pommel Strike","Perfected Strike"],"picked":"SKIP","floor":12},{"not_picked":["Perfected Strike","Carnage","Combust"],"picked":"SKIP","floor":14},{"not_picked":["Cleave"],"picked":"SKIP","floor":18},{"not_picked":["Second Wind"],"picked":"SKIP","floor":20},{"not_picked":[],"picked":"Seeing Red+1","floor":21}],"player_experience":142546,"relics_obtained":[{"floor":7,"key":"Pear"},{"floor":9,"key":"Shuriken"}],"event_choices":[{"damage_healed":0,"gold_gain":0,"player_choice":"Take Damage","damage_taken":20,"relics_obtained":["Golden Idol"],"max_hp_gain":0,"max_hp_loss":0,"event_name":"Golden Idol","floor":2,"gold_loss":0},{"damage_healed":0,"gold_gain":0,"player_choice":"Ignored","damage_taken":0,"max_hp_gain":0,"max_hp_loss":0,"event_name":"Liars Game","floor":3,"gold_loss":0},{"cards_removed":["Strike_R"],"damage_healed":0,"gold_gain":0,"player_choice":"Card Removal","damage_taken":0,"max_hp_gain":0,"max_hp_loss":0,"event_name":"The Cleric","floor":4,"gold_loss":50},{"damage_healed":0,"gold_gain":0,"player_choice":"Upgraded","damage_taken":0,"max_hp_gain":0,"max_hp_loss":0,"event_name":"Upgrade Shrine","floor":19,"gold_loss":0,"cards_upgraded":["Strike_R"]}],"is_beta":false,"boss_relics":[{"not_picked":["Runic Dome","Velvet Choker"],"picked":"Busted Crown"}],"items_purged_floors":[],"is_endless":false,"potions_floor_spawned":[5,10,14,18,21],"killed_by":"Snake Plant","ascension_level":2}}