{"host":"xw709scqdmsx7obr","time":1614447036,"event":{"mods":["BaseMod","Colored Map","Downfall","Minty Spire (QoL Compilation)","Replay The Spire","StSLib"],"gold_per_floor":[116,49,49,61,61,61,95,95,172,203,203,220,237,260,260,359,359,375,375,290,301,301,301],"floor_reached":22,"language":"ENG","playtime":1200,"items_purged":["Sickly"],"score":267,"play_id":"9190ed73-13d3-484e-a76f-1d9182c9b4c9","local_time":"20210227123036","is_ascension_mode":false,"campfire_choices":[{"data":"Conclude","floor":6,"key":"SMITH"},{"data":"WreathOfFlame","floor":8,"key":"SMITH"},{"data":"Crescendo","floor":11,"key":"SMITH"},{"data":"EmptyFist","floor":15,"key":"SMITH"}],"circlet_count":0,"master_deck":["Strike_P+1","Strike_P","Strike_P","Defend_P","Defend_P","Defend_P","Defend_P","Eruption","Vigilance","Crescendo","Crescendo+1","Conclude+1","FlyingSleeves+1","WreathOfFlame+1","Pray","BowlingBash","Meditate","EmptyFist+1","Devotion+1","Prostrate","RitualDagger","Replay:BluntJabs"],"relics":["PureWater","Replay:Bottled Steam","Bottled Lightning","Frozen Egg 2","ReplayTheSpireMod:CursedCoin","Coffee Dripper","Happy Flower"],"acts_visited":["Exordium","TheCity"],"potions_floor_usage":[10],"damage_taken":[{"damage":0,"enemies":"Cultist","floor":1,"turns":2},{"damage":1,"enemies":"Jaw Worm","floor":4,"turns":2},{"damage":4,"enemies":"3 Sentries","floor":7,"turns":3},{"damage":0,"enemies":"Lagavulin","floor":10,"turns":3},{"damage":0,"enemies":"2 Louse","floor":12,"turns":2},{"damage":0,"enemies":"Blue Slaver","floor":13,"turns":1},{"damage":0,"enemies":"Slime Boss","floor":16,"turns":3},{"damage":15,"enemies":"3 Byrds","floor":18,"turns":3},{"damage":0,"enemies":"Spheric Guardian","floor":21,"turns":3},{"damage":52,"enemies":"Snake Plant","floor":22,"turns":2}],"seed_played":"-308872747605706485","potions_obtained":[{"floor":4,"key":"Flashbang"},{"floor":7,"key":"DistilledChaos"},{"floor":12,"key":"Cursed Concoction"},{"floor":18,"key":"Milkshake"}],"is_trial":false,"path_per_floor":["M","$","?","M","?","R","E","R","T","E","R","M","M","$","R","B",null,"M","?","?","M","M"],"character_chosen":"WATCHER","items_purchased":["Conclude","ReplayTheSpireMod:CursedCoin","EmptyFist"],"campfire_rested":0,"item_purchase_floors":[2,14,14],"current_hp_per_floor":[72,72,72,71,57,57,53,53,53,53,53,53,53,53,53,53,72,57,51,51,51,0,0],"gold":301,"neow_bonus":"THREE_CARDS","is_daily":false,"chose_seed":false,"campfire_upgraded":4,"win_rate":0.0,"timestamp":1614447036,"path_taken":["M","$","?","?","?","R","E","R","T","E","R","M","M","$","R","BOSS","M","?","?","M","M"],"items_purchased_type":["Card","Relic","Card"],"build_version":"2020-12-22","purchased_purges":1,"victory":false,"max_hp_per_floor":[72,72,72,72,72,72,72,72,72,72,72,72,72,72,72,72,72,72,72,72,72,72,72],"card_choices":[{"not_picked":["ThirdEye","Halt"],"picked":"Crescendo","floor":0},{"not_picked":["SashWhip","CrushJoints"],"picked":"Crescendo","floor":1},{"not_picked":["Evaluate","JustLucky"],"picked":"FlyingSleeves","floor":4},{"not_picked":["MentalFortress","FlyingSleeves"],"picked":"WreathOfFlame","floor":7},{"not_picked":["Replay:AtTheReady","ThirdEye"],"picked":"Pray","floor":10},{"not_picked":["PathToVictory","MentalFortress+1"],"picked":"BowlingBash","floor":12},{"not_picked":["Conclude","EmptyFist"],"picked":"Meditate","floor":13},{"not_picked":["Brilliance","LessonLearned"],"picked":"Devotion+1","floor":16},{"not_picked":["CrushJoints","Protect"],"picked":"Prostrate","floor":18},{"not_picked":["BowlingBash","ThirdEye+1"],"picked":"Replay:BluntJabs","floor":21}],"player_experience":128985,"relics_obtained":[{"floor":7,"key":"Replay:Bottled Steam"},{"floor":9,"key":"Bottled Lightning"},{"floor":10,"key":"Frozen Egg 2"}],"event_choices":[{"cards_removed":["Strike_P"],"damage_healed":0,"gold_gain":0,"player_choice":"Offered Basic","damage_taken":0,"max_hp_gain":0,"max_hp_loss":0,"event_name":"Bonfire Elementals","floor":3,"gold_loss":0},{"damage_healed":0,"gold_gain":0,"player_choice":"Entered Light","damage_taken":14,"max_hp_gain":0,"max_hp_loss":0,"event_name":"Shining Light","floor":5,"gold_loss":0,"cards_upgraded":["Strike_P","FlyingSleeves"]},{"damage_healed":0,"gold_gain":0,"player_choice":"Joined the Cult","damage_taken":6,"max_hp_gain":0,"max_hp_loss":0,"event_name":"Nest","floor":19,"gold_loss":0,"cards_obtained":["RitualDagger"]},{"damage_healed":0,"gold_gain":0,"player_choice":"Obtained Relic","damage_taken":0,"relics_obtained":["Happy Flower"],"max_hp_gain":0,"max_hp_loss":0,"event_name":"Addict","floor":20,"gold_loss":85}],"is_beta":false,"boss_relics":[{"not_picked":["Fusion Hammer","Ectoplasm"],"picked":"Coffee Dripper"}],"items_purged_floors":[14],"is_endless":false,"potions_floor_spawned":[4,7,12,18],"killed_by":"Snake Plant","ascension_level":0}}