{"host":"98tf0o44tbkozlsr","time":1614436585,"event":{"mods":["BaseMod","Bestiary","Minty Spire (QoL Compilation)","Relic Stats","ojb\u0027s Info Mod"],"gold_per_floor":[114,114,114,132,150,176,176,192,192,192,226,246,271,81,81,157,157,175,90,90,90,101,135,135,170,220,220,220],"floor_reached":27,"language":"ENG","playtime":1747,"items_purged":["Strike_B"],"score":538,"play_id":"fb0494ac-2bb9-4db2-afe2-ec7da561aa3b","local_time":"20210227063625","is_ascension_mode":true,"campfire_choices":[{"data":"Streamline","floor":7.0,"key":"SMITH"},{"data":"Electrodynamics","floor":15.0,"key":"SMITH"},{"floor":24.0,"key":"REST"}],"circlet_count":0,"master_deck":["AscendersBane","Strike_B","Strike_B","Defend_B","Defend_B","Defend_B","Defend_B","Zap","Dualcast","Rebound","Streamline+1","Ball Lightning","Ball Lightning","FTL","Electrodynamics+1","Leap","Genetic Algorithm","Core Surge","Loop","Coolheaded","Barrage","Hologram+1","BootSequence+1"],"relics":["Cracked Core","Shuriken","The Courier","Omamori","Symbiotic Virus","Incense Burner","Orrery","Inserter","DataDisk","Toxic Egg 2","Lantern","Oddly Smooth Stone"],"acts_visited":["Exordium","TheCity"],"potions_floor_usage":[],"damage_taken":[{"damage":7.0,"enemies":"Small Slimes","floor":1.0,"turns":3.0},{"damage":2.0,"enemies":"Jaw Worm","floor":4.0,"turns":3.0},{"damage":8.0,"enemies":"2 Louse","floor":5.0,"turns":2.0},{"damage":20.0,"enemies":"Lagavulin","floor":6.0,"turns":4.0},{"damage":5.0,"enemies":"2 Fungi Beasts","floor":8.0,"turns":3.0},{"damage":10.0,"enemies":"3 Sentries","floor":11.0,"turns":3.0},{"damage":0.0,"enemies":"Large Slime","floor":12.0,"turns":3.0},{"damage":8.0,"enemies":"Lagavulin","floor":13.0,"turns":5.0},{"damage":5.0,"enemies":"Slime Boss","floor":16.0,"turns":6.0},{"damage":0.0,"enemies":"Spheric Guardian","floor":18.0,"turns":3.0},{"damage":2.0,"enemies":"Chosen","floor":22.0,"turns":4.0},{"damage":38.0,"enemies":"Slavers","floor":23.0,"turns":6.0},{"damage":26.0,"enemies":"Book of Stabbing","floor":25.0,"turns":4.0},{"damage":19,"enemies":"Sentry and Sphere","floor":27,"turns":3}],"seed_played":"-5123551243372041667","potions_obtained":[{"floor":4.0,"key":"Explosive Potion"},{"floor":6.0,"key":"GamblersBrew"},{"floor":11.0,"key":"Fire Potion"},{"floor":12.0,"key":"Block Potion"},{"floor":13.0,"key":"Regen Potion"},{"floor":16.0,"key":"SteroidPotion"},{"floor":23.0,"key":"Weak Potion"}],"is_trial":false,"path_per_floor":["M","?","?","M","M","E","R","M","T","?","E","M","E","$","R","B",null,"M","?","?","?","M","E","R","E","T","M"],"character_chosen":"DEFECT","items_purchased":["Orrery"],"campfire_rested":1,"item_purchase_floors":[14],"current_hp_per_floor":[64,64,64,62,54,34,34,29,29,29,19,19,11,11,11,21,64,64,64,64,52,50,12,35,9,9,0,0],"gold":220,"neow_bonus":"TEN_PERCENT_HP_BONUS","is_daily":false,"chose_seed":false,"campfire_upgraded":2,"win_rate":0.0,"timestamp":1614436585,"path_taken":["M","?","?","M","M","E","R","?","T","?","E","M","E","$","R","BOSS","M","?","?","?","?","E","R","E","T","M"],"items_purchased_type":["Relic"],"build_version":"2020-12-22","purchased_purges":1,"victory":false,"max_hp_per_floor":[78,78,78,78,78,78,78,78,78,78,78,78,78,78,78,78,78,78,78,78,78,78,78,78,78,78,78,78],"relic_stats":{"Inserter":[10],"counters":[14,52],"Shuriken":[6],"obtain_stats":[{"DataDisk":19,"Lantern":23,"Inserter":17,"Shuriken":6,"Orrery":14,"Oddly Smooth Stone":25,"The Courier":9,"Omamori":10,"Incense Burner":13,"Toxic Egg 2":20,"Cracked Core":0,"Symbiotic Virus":11},{"DataDisk":10,"Lantern":12,"Inserter":9,"Shuriken":4,"Orrery":8,"Oddly Smooth Stone":13,"The Courier":5,"Omamori":5,"Incense Burner":8,"Toxic Egg 2":10,"Cracked Core":0,"Symbiotic Virus":6},{"DataDisk":35,"Lantern":45,"Inserter":32,"Shuriken":12,"Orrery":26,"Oddly Smooth Stone":49,"The Courier":15,"Omamori":15,"Incense Burner":26,"Toxic Egg 2":35,"Cracked Core":0,"Symbiotic Virus":18}]},"card_choices":[{"not_picked":["Conserve Battery","Turbo"],"picked":"Rebound","floor":1.0},{"not_picked":["Lockon","Steam Power"],"picked":"Ball Lightning","floor":4.0},{"not_picked":["Undo","Steam"],"picked":"Ball Lightning","floor":5.0},{"not_picked":["Barrage","Leap"],"picked":"FTL","floor":6.0},{"not_picked":["Cold Snap","Steam"],"picked":"Electrodynamics","floor":8.0},{"not_picked":["Compile Driver","Go for the Eyes"],"picked":"Leap","floor":11.0},{"not_picked":["Cold Snap","Rebound"],"picked":"Genetic Algorithm","floor":12.0},{"not_picked":["Fission","Go for the Eyes","Leap"],"picked":"SKIP","floor":13.0},{"not_picked":["Redo","Go for the Eyes"],"picked":"Core Surge","floor":14.0},{"not_picked":["Redo","Go for the Eyes"],"picked":"Loop","floor":14.0},{"not_picked":["Sweeping Beam","Hologram"],"picked":"Coolheaded","floor":14.0},{"not_picked":["Auto Shields","Compile Driver"],"picked":"Barrage","floor":18.0},{"not_picked":["Barrage","Fusion+1"],"picked":"Hologram+1","floor":22.0},{"not_picked":["Hologram+1","Rip and Tear","Stack+1"],"picked":"SKIP","floor":23.0},{"not_picked":["Genetic Algorithm+1","Coolheaded+1"],"picked":"BootSequence+1","floor":25.0}],"player_experience":996735,"relics_obtained":[{"floor":6.0,"key":"Shuriken"},{"floor":9.0,"key":"The Courier"},{"floor":11.0,"key":"Symbiotic Virus"},{"floor":13.0,"key":"Incense Burner"},{"floor":23.0,"key":"Lantern"},{"floor":25.0,"key":"Oddly Smooth Stone"}],"event_choices":[{"damage_healed":0.0,"max_hp_gain":0.0,"max_hp_loss":0.0,"gold_gain":0.0,"cards_transformed":["Strike_B"],"event_name":"Living Wall","player_choice":"Change","floor":2.0,"gold_loss":0.0,"damage_taken":0.0,"cards_obtained":["Streamline"]},{"damage_healed":0.0,"max_hp_gain":0.0,"max_hp_loss":0.0,"gold_gain":0.0,"event_name":"The Cleric","player_choice":"Leave","floor":3.0,"gold_loss":0.0,"damage_taken":0.0},{"damage_healed":0.0,"max_hp_gain":0.0,"max_hp_loss":0.0,"gold_gain":0.0,"event_name":"Dead Adventurer","player_choice":"Searched \u00271\u0027 times","floor":10.0,"gold_loss":0.0,"damage_taken":0.0,"relics_obtained":["Omamori"]},{"damage_healed":0.0,"max_hp_gain":0.0,"max_hp_loss":0.0,"gold_gain":0.0,"event_name":"Addict","player_choice":"Obtained Relic","floor":19.0,"gold_loss":85.0,"damage_taken":0.0,"relics_obtained":["DataDisk"]},{"damage_healed":0.0,"max_hp_gain":0.0,"max_hp_loss":0.0,"gold_gain":0.0,"event_name":"The Mausoleum","player_choice":"Opened","floor":20.0,"gold_loss":0.0,"damage_taken":0.0,"relics_obtained":["Toxic Egg 2"],"cards_obtained":["Writhe"]},{"damage_healed":0.0,"max_hp_gain":0.0,"max_hp_loss":0.0,"gold_gain":0.0,"event_name":"Knowing Skull","player_choice":"POTION ","floor":21.0,"potions_obtained":["SkillPotion"],"gold_loss":0.0,"damage_taken":12.0,"cards_obtained":[]}],"is_beta":false,"boss_relics":[{"not_picked":["Nuclear Battery","Coffee Dripper"],"picked":"Inserter"}],"items_purged_floors":[14],"is_endless":false,"potions_floor_spawned":[4,6,11,12,13,16,22,23],"killed_by":"Sentry and Sphere","ascension_level":20}}