{"host":"mt3nndg5ku536gxi","time":1614436241,"event":{"mods":["BaseMod","Colored Powertips","Minty Spire (QoL Compilation)","Permanent Neow","Quick Restart","Relic Stats","StSLib","UnlockEverythingMod"],"gold_per_floor":[119,130,150,166,166,166,166],"floor_reached":6,"language":"ZHS","playtime":289,"items_purged":[],"score":70,"play_id":"2d3a36b0-b00a-4662-92af-71c9281ef24e","local_time":"20210227223041","is_ascension_mode":true,"campfire_choices":[],"circlet_count":0,"master_deck":["AscendersBane","Strike_B","Strike_B","Strike_B","Defend_B","Defend_B","Defend_B","Defend_B","Zap","Dualcast","Chill","Ball Lightning","Coolheaded"],"relics":["Black Star"],"acts_visited":["Exordium"],"potions_floor_usage":[6],"damage_taken":[{"damage":14.0,"enemies":"Jaw Worm","floor":1.0,"turns":4.0},{"damage":10.0,"enemies":"Small Slimes","floor":2.0,"turns":4.0},{"damage":0.0,"enemies":"Cultist","floor":3.0,"turns":3.0},{"damage":18,"enemies":"Exordium Wildlife","floor":4,"turns":7},{"damage":0,"enemies":"Gremlin Nob","floor":6,"turns":1}],"seed_played":"7522949867438509894","potions_obtained":[{"floor":3.0,"key":"FearPotion"}],"is_trial":false,"path_per_floor":["M","M","M","M","?","E"],"character_chosen":"DEFECT","items_purchased":[],"campfire_rested":0,"item_purchase_floors":[],"current_hp_per_floor":[50,40,40,22,15,15,15],"gold":166,"neow_bonus":"BOSS_RELIC","is_daily":false,"chose_seed":false,"campfire_upgraded":0,"win_rate":0.0,"timestamp":1614436241,"path_taken":["M","M","M","M","?","E"],"items_purchased_type":[],"build_version":"2020-12-22","purchased_purges":0,"victory":false,"max_hp_per_floor":[71,71,71,71,71,71,71],"relic_stats":{"counters":[5,19],"Black Star":0,"obtain_stats":[{"Black Star":0,"Cracked Core":0},{"Black Star":0,"Cracked Core":0},{"Black Star":0,"Cracked Core":0}]},"card_choices":[{"not_picked":["Steam","Fusion"],"picked":"Chill","floor":1.0},{"not_picked":["Darkness","Reinforced Body"],"picked":"Ball Lightning","floor":2.0},{"not_picked":["Sweeping Beam","Reprogram","Heatsinks"],"picked":"SKIP","floor":3.0},{"not_picked":["Cold Snap","Streamline"],"picked":"Coolheaded","floor":4}],"player_experience":32760,"relics_obtained":[],"event_choices":[{"cards_removed":["Strike_B"],"damage_healed":0,"gold_gain":0,"player_choice":"Card Removal","damage_taken":7,"max_hp_gain":0,"max_hp_loss":0,"event_name":"Golden Wing","floor":5,"gold_loss":0}],"is_beta":false,"boss_relics":[],"items_purged_floors":[],"is_endless":false,"potions_floor_spawned":[3],"killed_by":"Gremlin Nob","ascension_level":17}}