{"host":"6xghz2lkudss8si6","time":1614422975,"event":{"mods":["AchievementEnabler","BaseMod","Colored Map","DeckTracker","Minty Spire (QoL Compilation)","Quick Restart","StSLib","SuperFastMode"],"gold_per_floor":[116,116,130,8,25,25,54,68,68,88,88,88,117,17,17,120,120,131,145,20,30,30,30,59,59,105,105,20,38,38,67,67,170,170,188,288,305,319,16,16,16,16,91,91,91,107,118,69,69,69,69],"floor_reached":50,"language":"KOR","playtime":1419,"items_purged":["Strike_B","Strike_B","Strike_B"],"score":732,"play_id":"fb744ac3-8a48-44ec-8051-4df379c7243f","local_time":"20210227194935","is_ascension_mode":true,"campfire_choices":[{"data":"Ball Lightning","floor":6.0,"key":"SMITH"},{"data":"Ball Lightning","floor":11.0,"key":"SMITH"},{"floor":15.0,"key":"REST"},{"data":"Go for the Eyes","floor":23.0,"key":"SMITH"},{"floor":25.0,"key":"REST"},{"data":"Creative AI","floor":30.0,"key":"SMITH"},{"floor":32.0,"key":"REST"},{"data":"Conserve Battery","floor":40.0,"key":"SMITH"},{"data":"Conserve Battery","floor":42.0,"key":"SMITH"},{"data":"Defend_B","floor":45.0,"key":"SMITH"},{"data":"Defend_B","floor":49.0,"key":"SMITH"}],"circlet_count":0,"master_deck":["AscendersBane","Strike_B+1","Defend_B","Defend_B+1","Defend_B+1","Defend_B+1","Zap","Dualcast+1","Coolheaded+1","Beam Cell+1","Cold Snap","Ball Lightning+1","Conserve Battery+1","Ball Lightning+1","White Noise","Go for the Eyes+1","Electrodynamics","Barrage+1","Creative AI+1","Conserve Battery+1","Steam+1","Core Surge","Auto Shields+1","Cold Snap+1"],"relics":["Cracked Core","CaptainsWheel","Incense Burner","Shuriken","Philosopher\u0027s Stone","Vajra","Ancient Tea Set","Oddly Smooth Stone","Blood Vial","Busted Crown","Lee\u0027s Waffle","War Paint","Bottled Tornado"],"acts_visited":["Exordium","TheCity","TheBeyond"],"potions_floor_usage":[50,50],"damage_taken":[{"damage":4.0,"enemies":"Jaw Worm","floor":1.0,"turns":3.0},{"damage":0.0,"enemies":"Cultist","floor":3.0,"turns":3.0},{"damage":3.0,"enemies":"Small Slimes","floor":5.0,"turns":4.0},{"damage":29.0,"enemies":"Lagavulin","floor":7.0,"turns":7.0},{"damage":5.0,"enemies":"Exordium Wildlife","floor":8.0,"turns":3.0},{"damage":1.0,"enemies":"2 Fungi Beasts","floor":10.0,"turns":3.0},{"damage":15.0,"enemies":"3 Sentries","floor":13.0,"turns":6.0},{"damage":21.0,"enemies":"Hexaghost","floor":16.0,"turns":8.0},{"damage":0.0,"enemies":"Chosen","floor":18.0,"turns":3.0},{"damage":22.0,"enemies":"2 Thieves","floor":19.0,"turns":4.0},{"damage":2.0,"enemies":"Centurion and Healer","floor":21.0,"turns":6.0},{"damage":31.0,"enemies":"Slavers","floor":24.0,"turns":5.0},{"damage":9.0,"enemies":"Sentry and Sphere","floor":29.0,"turns":5.0},{"damage":2.0,"enemies":"Book of Stabbing","floor":31.0,"turns":4.0},{"damage":80.0,"enemies":"Automaton","floor":33.0,"turns":8.0},{"damage":5.0,"enemies":"Orb Walker","floor":35.0,"turns":3.0},{"damage":18.0,"enemies":"3 Darklings","floor":37.0,"turns":5.0},{"damage":14.0,"enemies":"Jaw Worm Horde","floor":38.0,"turns":4.0},{"damage":13.0,"enemies":"4 Shapes","floor":46.0,"turns":4.0},{"damage":0.0,"enemies":"Sphere and 2 Shapes","floor":47.0,"turns":3.0},{"damage":76,"enemies":"Time Eater","floor":50,"turns":9}],"seed_played":"6329705856752601377","potions_obtained":[{"floor":5.0,"key":"PotionOfCapacity"},{"floor":8.0,"key":"SteroidPotion"},{"floor":16.0,"key":"FairyPotion"},{"floor":18.0,"key":"Explosive Potion"},{"floor":21.0,"key":"SpeedPotion"},{"floor":29.0,"key":"Block Potion"},{"floor":31.0,"key":"GamblersBrew"},{"floor":38.0,"key":"SteroidPotion"}],"is_trial":false,"path_per_floor":["M","?","M","$","M","R","E","M","T","M","R","?","E","$","R","B",null,"M","M","$","M","$","R","E","R","T","?","?","M","R","E","R","B",null,"M","?","M","M","$","R","?","R","T","?","R","M","M","$","R","B"],"character_chosen":"DEFECT","items_purchased":["Cold Snap","Lee\u0027s Waffle","War Paint","SpeedPotion"],"campfire_rested":3,"item_purchase_floors":[4,39,39,48],"current_hp_per_floor":[71,71,71,71,68,68,39,34,34,33,33,17,2,2,26,5,63,63,41,41,39,39,39,8,32,32,59,59,50,50,48,72,24,68,65,65,49,37,89,89,89,89,89,85,85,72,74,74,74,0,0],"gold":69,"neow_bonus":"TEN_PERCENT_HP_BONUS","is_daily":false,"chose_seed":false,"campfire_upgraded":8,"win_rate":0.0,"timestamp":1614422975,"path_taken":["M","?","?","?","M","R","E","M","T","?","R","?","E","$","R","BOSS","M","M","$","M","$","R","E","R","T","?","?","M","R","E","R","BOSS","M","?","?","?","$","R","?","R","T","?","R","M","M","$","R","BOSS"],"items_purchased_type":["Card","Relic","Relic","Potion"],"build_version":"2020-12-22","purchased_purges":3,"victory":false,"max_hp_per_floor":[82,82,82,82,82,82,82,82,82,82,82,82,82,82,82,82,82,82,82,82,82,82,82,82,82,82,82,82,82,82,82,82,82,82,82,82,82,82,89,89,89,89,89,85,85,85,85,85,85,85,85],"card_choices":[{"not_picked":["Go for the Eyes","Rebound"],"picked":"Coolheaded","floor":1.0},{"not_picked":["Stack","Gash"],"picked":"Beam Cell","floor":3.0},{"not_picked":["Conserve Battery","Rip and Tear"],"picked":"Ball Lightning","floor":5.0},{"not_picked":["Rip and Tear","Steam Power"],"picked":"Conserve Battery","floor":7.0},{"not_picked":["Leap","Rip and Tear"],"picked":"Ball Lightning","floor":8.0},{"not_picked":["Skim","Reboot"],"picked":"White Noise","floor":10.0},{"not_picked":["Hello World","Beam Cell"],"picked":"Go for the Eyes","floor":13.0},{"not_picked":["Meteor Strike","Buffer"],"picked":"Electrodynamics","floor":16.0},{"not_picked":["Turbo","Rebound+1"],"picked":"Barrage+1","floor":18.0},{"not_picked":["Turbo","Sunder","Reinforced Body"],"picked":"SKIP","floor":19.0},{"not_picked":["Streamline","Barrage+1","Ball Lightning+1"],"picked":"SKIP","floor":21.0},{"not_picked":["Streamline","Barrage+1","Ball Lightning+1"],"picked":"SKIP","floor":21.0},{"not_picked":["Steam Power+1","Ball Lightning"],"picked":"Creative AI","floor":24.0},{"not_picked":["Darkness","Stack"],"picked":"Conserve Battery","floor":29.0},{"not_picked":["Gash","Beam Cell+1"],"picked":"Steam+1","floor":31.0},{"not_picked":["Hyperbeam","Buffer"],"picked":"Core Surge","floor":33.0},{"not_picked":[],"picked":"Auto Shields+1","floor":35.0},{"not_picked":["Reprogram"],"picked":"SKIP","floor":37.0},{"not_picked":["Blizzard"],"picked":"SKIP","floor":38.0},{"not_picked":["Barrage"],"picked":"SKIP","floor":46.0},{"not_picked":[],"picked":"Cold Snap+1","floor":47.0}],"player_experience":268705,"relics_obtained":[{"floor":7.0,"key":"CaptainsWheel"},{"floor":9.0,"key":"Incense Burner"},{"floor":13.0,"key":"Shuriken"},{"floor":24.0,"key":"Vajra"},{"floor":26.0,"key":"Ancient Tea Set"},{"floor":31.0,"key":"Blood Vial"},{"floor":43.0,"key":"Bottled Tornado"}],"event_choices":[{"damage_healed":0.0,"max_hp_gain":0.0,"max_hp_loss":0.0,"gold_gain":0.0,"event_name":"Upgrade Shrine","player_choice":"Upgraded","floor":2.0,"gold_loss":0.0,"damage_taken":0.0,"cards_upgraded":["Dualcast"]},{"damage_healed":0.0,"max_hp_gain":0.0,"max_hp_loss":0.0,"gold_gain":0.0,"event_name":"Shining Light","player_choice":"Entered Light","floor":12.0,"gold_loss":0.0,"damage_taken":16.0,"cards_upgraded":["Strike_B","Beam Cell"]},{"damage_healed":27.0,"max_hp_gain":0.0,"max_hp_loss":0.0,"gold_gain":0.0,"event_name":"The Library","player_choice":"Heal","floor":27.0,"gold_loss":0.0,"damage_taken":0.0},{"damage_healed":0.0,"max_hp_gain":0.0,"max_hp_loss":0.0,"gold_gain":0.0,"event_name":"Addict","player_choice":"Obtained Relic","floor":28.0,"gold_loss":85.0,"damage_taken":0.0,"relics_obtained":["Oddly Smooth Stone"]},{"damage_healed":0.0,"max_hp_gain":0.0,"max_hp_loss":0.0,"gold_gain":100.0,"event_name":"Golden Shrine","player_choice":"Pray","floor":36.0,"gold_loss":0.0,"damage_taken":0.0},{"damage_healed":0.0,"max_hp_gain":0.0,"max_hp_loss":0.0,"gold_gain":0.0,"event_name":"Mysterious Sphere","player_choice":"Ignored","floor":41.0,"gold_loss":0.0,"damage_taken":0.0},{"damage_healed":0.0,"max_hp_gain":0.0,"max_hp_loss":4.0,"gold_gain":0.0,"event_name":"Winding Halls","player_choice":"Max HP","floor":44.0,"gold_loss":0.0,"damage_taken":0.0}],"is_beta":false,"boss_relics":[{"not_picked":["Tiny House","Pandora\u0027s Box"],"picked":"Philosopher\u0027s Stone"},{"not_picked":["Coffee Dripper","Calling Bell"],"picked":"Busted Crown"}],"items_purged_floors":[4,14,20],"is_endless":false,"potions_floor_spawned":[5,8,16,18,19,21,29,31,38],"killed_by":"Time Eater","ascension_level":10}}