{"host":"bt4gm5zmu3buvt8g","time":1614385961,"event":{"mods":["Aspiration","Astrologer","BaseMod","Colored Map","Colored Powertips","Conspire","Downfall","GifTheSpireLib","Halation","Hermit","Hubris","Infinite Spire","Mimic Mod","Minty Spire (QoL Compilation)","Quick Restart","Replay The Spire","StSLib","Stuff the Spire","The Blackbeard","The Construct","The Cursed","The Disciple","The Gatherer","The Hierophant","The Jungle","The Marked","The Necromancer","The Runesmith","The Trickster","Unceasing Turn Reminder"],"gold_per_floor":[119,119,135,135,145,173,173,138,138,151,169,198,215,64,64,64,64],"floor_reached":16,"language":"ENG","playtime":1386,"items_purged":[],"score":112,"play_id":"7bd91644-1854-4063-9903-e8ef6766d490","local_time":"20210227103241","is_ascension_mode":false,"metric_token":1937,"campfire_choices":[{"floor":7,"key":"REST"},{"floor":15,"key":"REST"}],"circlet_count":0,"master_deck":["Gatherer:Strike_Gatherer","Gatherer:Strike_Gatherer","Gatherer:Strike_Gatherer","Gatherer:Strike_Gatherer","Gatherer:Strike_Gatherer","Gatherer:Defend_Gatherer","Gatherer:Defend_Gatherer","Gatherer:Defend_Gatherer","Gatherer:Defend_Gatherer","Gatherer:Defend_Gatherer","Gatherer:Centralize","Gatherer:FlowerWhip+1","Gatherer:VenomBarrier","Gatherer:AcidicSpray","infinitespire:Menacing","Gatherer:AlchemyTrial","Gatherer:Examine","Gatherer:Snatch","Gatherer:RecipeChange","Gatherer:Uplift","Gatherer:FragileHammer"],"relics":["Gatherer:AlchemyBag","NeowsBlessing","NlothsMask","hubris:KleinBottle","StuffTheSpire:Gunfinga","hubris:BundleOfHerbs","Gatherer:FloralEgg","Tiny Chest"],"acts_visited":["Exordium"],"potions_floor_usage":[12,16],"damage_taken":[{"damage":0,"enemies":"Jaw Worm","floor":1,"turns":1},{"damage":0,"enemies":"Cultist","floor":3,"turns":1},{"damage":2,"enemies":"conspire:RoseBush","floor":5,"turns":1},{"damage":6,"enemies":"Gremlin Nob","floor":6,"turns":4},{"damage":10,"enemies":"conspire:2 RoseBushes","floor":10,"turns":5},{"damage":0,"enemies":"Looter","floor":11,"turns":3},{"damage":31,"enemies":"3 Sentries","floor":12,"turns":11},{"damage":4,"enemies":"3 Louse","floor":13,"turns":4},{"damage":59,"enemies":"Fading Forest","floor":16,"turns":9}],"seed_played":"229452822702031533","potions_obtained":[{"floor":6,"key":"GhostInAJar"},{"floor":12,"key":"SteroidPotion"}],"is_trial":false,"path_per_floor":["M","?","M","$","M","E","R","?","T","M","M","E","M","$","R","B"],"character_chosen":"THE_GATHERER","items_purchased":["hubris:KleinBottle","StuffTheSpire:Gunfinga","Tiny Chest"],"campfire_rested":2,"item_purchase_floors":[4,4,14],"current_hp_per_floor":[72,72,72,43,41,35,56,72,72,62,62,31,27,27,48,0,0],"gold":64,"neow_bonus":"THREE_ENEMY_KILL","is_daily":false,"chose_seed":false,"campfire_upgraded":0,"win_rate":0.0,"timestamp":1614385961,"path_taken":["M","?","M","?","M","E","R","?","T","M","?","E","M","$","R","BOSS"],"items_purchased_type":["Relic","Relic","Relic"],"build_version":"2020-12-22","purchased_purges":0,"victory":false,"max_hp_per_floor":[72,72,72,72,72,72,72,72,72,72,72,72,72,72,72,72,72],"card_choices":[{"not_picked":["Gatherer:Convert","Gatherer:AromaProtection"],"picked":"Gatherer:VenomBarrier","floor":1},{"not_picked":["Gatherer:TreeGrowth","Gatherer:CarefulStrike"],"picked":"Gatherer:AcidicSpray","floor":3},{"not_picked":["ReplayTheSpireMod:Echoes of Time","infinitespire:NeuralNetwork"],"picked":"infinitespire:Menacing","floor":4},{"not_picked":["Gatherer:MiningStrike","Gatherer:FlowerPower"],"picked":"Gatherer:AlchemyTrial","floor":5},{"not_picked":["Gatherer:TacticalStrike","Gatherer:Convert"],"picked":"Gatherer:Examine","floor":6},{"not_picked":["Gatherer:DrugPower","Gatherer:FlowerFalling"],"picked":"Gatherer:Snatch","floor":10},{"not_picked":["Gatherer:BigPouch","Gatherer:WoolGloves"],"picked":"Gatherer:RecipeChange","floor":11},{"not_picked":["Gatherer:PotentialSlash","Gatherer:TacticalStrike"],"picked":"Gatherer:Uplift","floor":12},{"not_picked":["Gatherer:SaveValuables","Gatherer:EchoOfNature"],"picked":"Gatherer:FragileHammer","floor":13}],"player_experience":381440,"relics_obtained":[{"floor":6,"key":"hubris:BundleOfHerbs"},{"floor":12,"key":"Gatherer:FloralEgg"}],"event_choices":[{"damage_healed":0,"gold_gain":0,"player_choice":"Trade","damage_taken":0,"relics_obtained":["NlothsMask"],"max_hp_gain":0,"max_hp_loss":0,"event_name":"FaceTrader","floor":2,"gold_loss":0},{"damage_healed":18,"gold_gain":0,"player_choice":"Healed","damage_taken":0,"max_hp_gain":0,"max_hp_loss":0,"event_name":"The Cleric","floor":8,"gold_loss":35}],"is_beta":false,"boss_relics":[],"items_purged_floors":[],"is_endless":false,"potions_floor_spawned":[6,12],"killed_by":"Fading Forest","ascension_level":0}}