{"host":"kh6fvhxn285ncg0o","time":1614391141,"event":{"mods":["Act Like it!","BaseMod","Colored Map","Friendly Minions","Keyboard Shortcuts","Minty Spire (QoL Compilation)","Quick Restart","Relic Stats","StSLib","SuperFastMode","UnlockEverythingMod"],"gold_per_floor":[14,14,31,47,47,47,58,58,58,58,88,100,125,160,160,231,231,245,261,88,138,63,63,77,77,77],"floor_reached":25,"language":"KOR","playtime":635,"items_purged":["Pain"],"score":422,"play_id":"f2444c13-fc18-4158-8c03-4b8484f114bb","local_time":"20210227105901","is_ascension_mode":true,"campfire_choices":[{"data":"Fire Breathing","floor":6.0,"key":"SMITH"},{"data":"Battle Trance","floor":8.0,"key":"SMITH"},{"floor":10.0,"key":"REST"},{"data":"Evolve","floor":15.0,"key":"SMITH"}],"circlet_count":0,"master_deck":["AscendersBane","Strike_R","Strike_R+1","Defend_R","Defend_R","Defend_R","Defend_R","Bash+1","Reaper","Entrench","Fire Breathing+1","Battle Trance+1","Metallicize","Reckless Charge","Evolve+1","Immolate","Warcry+1","Dark Embrace"],"relics":["Burning Blood","WarpedTongs","FossilizedHelix","Odd Mushroom","Bottled Tornado","Philosopher\u0027s Stone","Nilry\u0027s Codex"],"acts_visited":["Exordium","TheCity"],"potions_floor_usage":[19,23,24],"damage_taken":[{"damage":6.0,"enemies":"Small Slimes","floor":1.0,"turns":5.0},{"damage":13.0,"enemies":"Cultist","floor":3.0,"turns":5.0},{"damage":10.0,"enemies":"Jaw Worm","floor":4.0,"turns":5.0},{"damage":5.0,"enemies":"Blue Slaver","floor":7.0,"turns":5.0},{"damage":28.0,"enemies":"3 Sentries","floor":11.0,"turns":4.0},{"damage":8.0,"enemies":"2 Fungi Beasts","floor":12.0,"turns":4.0},{"damage":21.0,"enemies":"The Mushroom Lair","floor":13.0,"turns":5.0},{"damage":22.0,"enemies":"Gremlin Nob","floor":14.0,"turns":4.0},{"damage":33.0,"enemies":"The Guardian","floor":16.0,"turns":12.0},{"damage":18.0,"enemies":"Shell Parasite","floor":18.0,"turns":4.0},{"damage":56,"enemies":"3 Byrds","floor":19,"turns":6},{"damage":0,"enemies":"Snecko","floor":24,"turns":4},{"damage":30,"enemies":"Book of Stabbing","floor":25,"turns":5}],"seed_played":"4660650807975011942","potions_obtained":[{"floor":3.0,"key":"ElixirPotion"},{"floor":4.0,"key":"GamblersBrew"},{"floor":13.0,"key":"Strength Potion"},{"floor":19,"key":"DistilledChaos"}],"is_trial":false,"path_per_floor":["M","?","M","M","?","R","M","R","T","R","E","M","?","E","R","B",null,"M","M","$","?","?","?","M","E"],"character_chosen":"IRONCLAD","items_purchased":["Dark Embrace","BloodPotion"],"campfire_rested":1,"item_purchase_floors":[20,20],"current_hp_per_floor":[75,75,73,74,51,51,52,52,52,74,66,72,66,56,56,36,65,57,14,14,14,14,8,18,0,0],"gold":77,"neow_bonus":"TRANSFORM_TWO_CARDS","is_daily":false,"chose_seed":false,"campfire_upgraded":3,"win_rate":0.0,"timestamp":1614391141,"path_taken":["M","?","M","?","?","R","M","R","T","R","E","M","?","E","R","BOSS","M","M","$","?","?","?","M","E"],"items_purchased_type":["Card","Potion"],"build_version":"2020-12-22","purchased_purges":1,"victory":false,"max_hp_per_floor":[75,75,75,75,75,75,75,75,75,75,75,75,75,75,75,75,75,75,75,75,75,75,75,75,75,75],"relic_stats":{"counters":[13,68],"obtain_stats":[{"Nilry\u0027s Codex":23,"Philosopher\u0027s Stone":17,"Odd Mushroom":13,"Bottled Tornado":14,"Burning Blood":0,"FossilizedHelix":11,"WarpedTongs":2},{"Nilry\u0027s Codex":11,"Philosopher\u0027s Stone":9,"Odd Mushroom":7,"Bottled Tornado":8,"Burning Blood":0,"FossilizedHelix":5,"WarpedTongs":1},{"Nilry\u0027s Codex":59,"Philosopher\u0027s Stone":49,"Odd Mushroom":33,"Bottled Tornado":37,"Burning Blood":0,"FossilizedHelix":24,"WarpedTongs":5}],"Burning Blood":72,"WarpedTongs":[60]},"card_choices":[{"not_picked":["True Grit","Warcry"],"picked":"Fire Breathing","floor":1.0},{"not_picked":["Disarm","Infernal Blade"],"picked":"Battle Trance","floor":4.0},{"not_picked":["Armaments","Twin Strike","Heavy Blade"],"picked":"SKIP","floor":11.0},{"not_picked":["True Grit","Sword Boomerang"],"picked":"Metallicize","floor":12.0},{"not_picked":["Dark Embrace","Whirlwind"],"picked":"Reckless Charge","floor":13.0},{"not_picked":["Cleave","Double Tap"],"picked":"Evolve","floor":14.0},{"not_picked":["Impervious","Juggernaut"],"picked":"Immolate","floor":16.0},{"not_picked":["Anger","Headbutt"],"picked":"Warcry+1","floor":18.0},{"not_picked":["Pommel Strike","Ghostly Armor","Wild Strike"],"picked":"SKIP","floor":19},{"not_picked":["Armaments","Thunderclap","Sever Soul"],"picked":"SKIP","floor":24}],"player_experience":1562840,"relics_obtained":[{"floor":11.0,"key":"FossilizedHelix"},{"floor":13.0,"key":"Odd Mushroom"},{"floor":14.0,"key":"Bottled Tornado"},{"floor":23,"key":"Nilry\u0027s Codex"}],"event_choices":[{"damage_healed":0.0,"max_hp_gain":0.0,"max_hp_loss":0.0,"gold_gain":0.0,"event_name":"Accursed Blacksmith","player_choice":"Rummage","floor":2.0,"gold_loss":0.0,"damage_taken":0.0,"relics_obtained":["WarpedTongs"],"cards_obtained":["Pain"]},{"damage_healed":0.0,"max_hp_gain":0.0,"max_hp_loss":0.0,"gold_gain":0.0,"event_name":"Shining Light","player_choice":"Entered Light","floor":5.0,"gold_loss":0.0,"damage_taken":23.0,"cards_upgraded":["Strike_R","Bash"]},{"damage_healed":0.0,"max_hp_gain":0.0,"max_hp_loss":0.0,"gold_gain":0.0,"event_name":"Mushrooms","player_choice":"Fought Mushrooms","floor":13.0,"gold_loss":0.0,"damage_taken":0.0},{"damage_healed":0,"gold_gain":50,"player_choice":"Stole From Cult","damage_taken":0,"max_hp_gain":0,"max_hp_loss":0,"event_name":"Nest","floor":21,"gold_loss":0},{"cards_removed":["Strike_R"],"damage_healed":0,"gold_gain":0,"player_choice":"Gave Gold","damage_taken":0,"max_hp_gain":0,"max_hp_loss":0,"event_name":"Beggar","floor":22,"gold_loss":75},{"damage_healed":0,"gold_gain":0,"player_choice":"Obtained Book","damage_taken":21,"max_hp_gain":0,"max_hp_loss":0,"event_name":"Cursed Tome","floor":23,"gold_loss":0}],"is_beta":false,"boss_relics":[{"not_picked":["Fusion Hammer","SlaversCollar"],"picked":"Philosopher\u0027s Stone"}],"items_purged_floors":[20],"is_endless":false,"potions_floor_spawned":[3,4,11,13,14,19],"killed_by":"Book of Stabbing","ascension_level":20}}