{"host":"d9m9v0h6vo0edadb","time":1614403957,"event":{"mods":["BaseMod","Hermit","Keyboard Shortcuts","Minty Spire (QoL Compilation)","StSLib","SuperFastMode","The Cursed"],"gold_per_floor":[116,132,148,148,161,161,187,187,237,254,304,320,352,368,368,443,443,460,473,484,502,515,515,307,307,332,332,282,282,307,307,307,307,307],"floor_reached":33,"language":"KOR","playtime":473,"items_purged":["Strike_G","Strike_G"],"score":658,"play_id":"7d6760e2-6384-4c19-b46e-14edea3632b8","local_time":"20210227143237","is_ascension_mode":true,"campfire_choices":[{"data":"Phantasmal Killer","floor":6.0,"key":"SMITH"},{"data":"Blade Dance","floor":8.0,"key":"SMITH"},{"data":"Storm of Steel","floor":15.0,"key":"SMITH"},{"data":"Tactician","floor":23.0,"key":"SMITH"},{"data":"Cloak And Dagger","floor":27.0,"key":"SMITH"},{"floor":29.0,"key":"REST"},{"data":"Accuracy","floor":32,"key":"SMITH"}],"circlet_count":0,"master_deck":["AscendersBane","Strike_G","Strike_G","Defend_G","Defend_G","Defend_G","Defend_G","Defend_G","Survivor","Neutralize","Phantasmal Killer+1","Well Laid Plans","Quick Slash","Blade Dance+1","Storm of Steel+1","All Out Attack","Acrobatics","Accuracy+1","Cloak And Dagger+1","Blade Dance","Burst","Backstab+1","Tactician+1","Reflex"],"relics":["Ring of the Snake","Question Card","Smiling Mask","Blood Vial","WristBlade","Bag of Preparation","Orichalcum","Juzu Bracelet"],"acts_visited":["Exordium","TheCity"],"potions_floor_usage":[30,33],"damage_taken":[{"damage":0.0,"enemies":"2 Louse","floor":1.0,"turns":3.0},{"damage":2.0,"enemies":"Jaw Worm","floor":2.0,"turns":4.0},{"damage":1.0,"enemies":"Cultist","floor":3.0,"turns":3.0},{"damage":0.0,"enemies":"Large Slime","floor":5.0,"turns":3.0},{"damage":15.0,"enemies":"Lagavulin","floor":7.0,"turns":4.0},{"damage":0.0,"enemies":"Blue Slaver","floor":10.0,"turns":2.0},{"damage":7.0,"enemies":"Exordium Wildlife","floor":12.0,"turns":3.0},{"damage":11.0,"enemies":"Gremlin Nob","floor":13.0,"turns":3.0},{"damage":0.0,"enemies":"2 Fungi Beasts","floor":14.0,"turns":4.0},{"damage":0.0,"enemies":"Slime Boss","floor":16.0,"turns":6.0},{"damage":4.0,"enemies":"2 Thieves","floor":18.0,"turns":2.0},{"damage":5.0,"enemies":"Shell Parasite","floor":19.0,"turns":2.0},{"damage":0.0,"enemies":"Chosen and Byrds","floor":20.0,"turns":3.0},{"damage":23.0,"enemies":"Snecko","floor":21.0,"turns":5.0},{"damage":9.0,"enemies":"Cultist and Chosen","floor":22.0,"turns":4.0},{"damage":6,"enemies":"Book of Stabbing","floor":30,"turns":3},{"damage":64,"enemies":"Automaton","floor":33,"turns":6}],"seed_played":"6032813501800858736","potions_obtained":[{"floor":2.0,"key":"ColorlessPotion"},{"floor":3.0,"key":"BlessingOfTheForge"},{"floor":7.0,"key":"CultistPotion"},{"floor":10.0,"key":"Dexterity Potion"},{"floor":19.0,"key":"DuplicationPotion"},{"floor":22.0,"key":"FearPotion"},{"floor":30,"key":"SpeedPotion"}],"is_trial":false,"path_per_floor":["M","M","M","?","M","R","E","R","T","M","?","M","E","M","R","B",null,"M","M","M","M","M","R","$","?","T","R","$","R","E","?","R","B"],"character_chosen":"THE_SILENT","items_purchased":["Bag of Preparation"],"campfire_rested":1,"item_purchase_floors":[24],"current_hp_per_floor":[59,57,56,56,56,56,41,41,41,41,41,34,23,25,25,27,56,54,51,53,32,25,25,25,25,25,25,25,44,40,40,40,0,0],"gold":307,"neow_bonus":"ONE_RANDOM_RARE_CARD","is_daily":false,"chose_seed":false,"campfire_upgraded":6,"win_rate":0.0,"timestamp":1614403957,"path_taken":["M","M","M","?","M","R","E","R","T","M","?","?","E","M","R","BOSS","M","M","M","M","M","R","$","?","T","R","$","R","E","?","R","BOSS"],"items_purchased_type":["Relic"],"build_version":"2020-12-22","purchased_purges":2,"victory":false,"max_hp_per_floor":[66,66,66,66,66,66,66,66,66,66,66,66,66,66,66,66,66,66,66,66,66,66,66,66,66,66,66,66,66,66,66,66,66,66],"card_choices":[{"not_picked":["Poisoned Stab","PiercingWail"],"picked":"Well Laid Plans","floor":1.0},{"not_picked":["Slice","Choke"],"picked":"Quick Slash","floor":2.0},{"not_picked":["Accuracy","All Out Attack"],"picked":"Blade Dance","floor":3.0},{"not_picked":["Slice","Bane"],"picked":"All Out Attack","floor":5.0},{"not_picked":["Slice","Dash"],"picked":"Acrobatics","floor":7.0},{"not_picked":["Finisher","Venomology","Cloak And Dagger"],"picked":"Accuracy","floor":10.0},{"not_picked":["Dagger Throw","Blur","Dagger Spray"],"picked":"Cloak And Dagger","floor":12.0},{"not_picked":["Corpse Explosion","Quick Slash","Storm of Steel","Dagger Spray"],"picked":"SKIP","floor":13.0},{"not_picked":["Eviscerate","Dagger Spray","Dodge and Roll"],"picked":"Blade Dance","floor":14.0},{"not_picked":["Corpse Explosion","Phantasmal Killer","Doppelganger"],"picked":"Burst","floor":16.0},{"not_picked":["Quick Slash","Prepared","Well Laid Plans","Dodge and Roll"],"picked":"SKIP","floor":18.0},{"not_picked":["Setup","Sucker Punch","Expertise"],"picked":"Backstab+1","floor":19.0},{"not_picked":["Endless Agony+1","Quick Slash","Finisher"],"picked":"Tactician","floor":20.0},{"not_picked":["Infinite Blades","Storm of Steel","Deadly Poison"],"picked":"Reflex","floor":21.0},{"not_picked":["Flechettes","PiercingWail","Flying Knee","Dagger Throw"],"picked":"SKIP","floor":22.0},{"not_picked":["Dodge and Roll","Underhanded Strike","Choke+1","Riddle With Holes"],"picked":"SKIP","floor":30}],"player_experience":1019196,"relics_obtained":[{"floor":7.0,"key":"Question Card"},{"floor":9.0,"key":"Smiling Mask"},{"floor":13.0,"key":"Blood Vial"},{"floor":26.0,"key":"Orichalcum"},{"floor":30,"key":"Juzu Bracelet"}],"event_choices":[{"damage_healed":0.0,"max_hp_gain":0.0,"max_hp_loss":0.0,"gold_gain":0.0,"cards_transformed":["Strike_G"],"event_name":"Living Wall","player_choice":"Change","floor":4.0,"gold_loss":0.0,"damage_taken":0.0,"cards_obtained":["Storm of Steel"]},{"damage_healed":0.0,"max_hp_gain":0.0,"max_hp_loss":0.0,"gold_gain":50.0,"event_name":"Golden Shrine","player_choice":"Pray","floor":11.0,"gold_loss":0.0,"damage_taken":0.0},{"damage_healed":0.0,"max_hp_gain":0.0,"max_hp_loss":0.0,"gold_gain":0.0,"event_name":"Ghosts","player_choice":"Ignored","floor":25.0,"gold_loss":0.0,"damage_taken":0.0},{"damage_healed":0,"gold_gain":0,"player_choice":"Ignored","damage_taken":0,"max_hp_gain":0,"max_hp_loss":0,"event_name":"Cursed Tome","floor":31,"gold_loss":0}],"is_beta":false,"boss_relics":[{"not_picked":["Fusion Hammer","Cursed Key"],"picked":"WristBlade"}],"items_purged_floors":[24,28],"is_endless":false,"potions_floor_spawned":[2,3,7,10,12,13,19,22,30],"killed_by":"Automaton","ascension_level":20}}