{"host":"ftbiwowwddq7t5tz","time":1614450630,"event":{"mods":["100% Spire Juice","Act Like it!","Aspiration","BaseMod","Colored Map","Conspire","Hermit","Library of Ruina","Library of Ruina Extra","Lobotomy","LobotomyExtend","Minty Spire (QoL Compilation)","Reliquary","Replay The Spire","Spicy Shops","StSLib","The Blackbeard","The Cursed","The Marked","[GremlinLeader]The Maniac"],"gold_per_floor":[112,112,45,63,63,95,95,24,24,24,24,24,24,34,48,76,76,177,177,197,208,241,241,241,241,241],"floor_reached":24,"language":"ZHS","playtime":613,"items_purged":[],"score":229,"play_id":"131f5229-15e1-4808-83fe-c686416024de","local_time":"20210228023030","is_ascension_mode":false,"campfire_choices":[{"data":"blackbeard:Halberd","floor":7,"key":"SMITH"},{"data":"blackbeard:WeaponProficiency","floor":12,"key":"SMITH"},{"floor":17,"key":"REST"}],"circlet_count":0,"master_deck":["blackbeard:BlackbeardStrike","blackbeard:BlackbeardStrike","blackbeard:BlackbeardStrike","blackbeard:BlackbeardStrike+1","blackbeard:IntimidatingStrike","blackbeard:BlackbeardDefend","blackbeard:BlackbeardDefend","blackbeard:BlackbeardDefend","blackbeard:BlackbeardDefend","blackbeard:Cutlass","blackbeard:InfiniteBarrage+1","blackbeard:Halberd+1","blackbeard:WeaponProficiency+1","blackbeard:GoldenDefense","blackbeard:PowderKeg","blackbeard:Revenge","blackbeard:BountyHunter","blackbeard:Upgrade"],"relics":["blackbeard:LoadTheCannons","NeowsBlessing","LetterFromLob","Bottled Tornado","WingedGreaves","conspire:SlowCooker","reliquary:PrincelyHelmet"],"acts_visited":["Exordium","TheCity"],"potions_floor_usage":[18,18,21,21],"damage_taken":[{"damage":0,"enemies":"Jaw Worm","floor":1,"turns":1},{"damage":0,"enemies":"Small Slimes","floor":4,"turns":1},{"damage":0,"enemies":"3 Sentries","floor":6,"turns":2},{"damage":7,"enemies":"2 Louse","floor":14,"turns":2},{"damage":12,"enemies":"2 Fungi Beasts","floor":15,"turns":3},{"damage":38,"enemies":"Gremlin Nob","floor":16,"turns":4},{"damage":11,"enemies":"Slime Boss","floor":18,"turns":5},{"damage":21,"enemies":"Shell Parasite","floor":20,"turns":6},{"damage":20,"enemies":"2 Thieves","floor":21,"turns":4},{"damage":16,"enemies":"3 Cultists","floor":22,"turns":4},{"damage":32,"enemies":"Centurion and Healer","floor":24,"turns":3}],"seed_played":"5056076935393006174","potions_obtained":[{"floor":6,"key":"SkillPotion"},{"floor":15,"key":"Fire Potion"},{"floor":16,"key":"Elixir"},{"floor":18,"key":"blackbeard:OrangeJuicePotion"},{"floor":20,"key":"Dexterity Potion"}],"is_trial":false,"path_per_floor":["M","?","$","M","?","E","R","$","T","PTL","PTL","R","?","M","M","E","R","B",null,"M","M","M","?","M"],"character_chosen":"BLACKBEARD_CLASS","items_purchased":["blackbeard:InfiniteBarrage","blackbeard:WeaponProficiency"],"campfire_rested":1,"item_purchase_floors":[3,8],"current_hp_per_floor":[75,75,75,75,60,60,60,60,60,60,60,60,60,53,41,3,25,14,75,54,42,26,26,0,0,0],"gold":241,"neow_bonus":"THREE_ENEMY_KILL","is_daily":false,"chose_seed":false,"campfire_upgraded":2,"win_rate":0.0,"timestamp":1614450630,"path_taken":["M","?","$","M","?","E","R","$","T","PTL","PTL","R","?","M","M","E","R","BOSS","M","M","M","?","M"],"items_purchased_type":["Card","Card"],"build_version":"2020-12-22","purchased_purges":0,"victory":false,"max_hp_per_floor":[75,75,75,75,75,75,75,75,75,75,75,75,75,75,75,75,75,75,75,75,75,75,75,75,75,75],"card_choices":[{"not_picked":["blackbeard:Spear","blackbeard:PiratesWill","blackbeard:BeatUp"],"picked":"SKIP","floor":1},{"not_picked":["blackbeard:SwordDance","blackbeard:Sword","blackbeard:Fencing"],"picked":"SKIP","floor":4},{"not_picked":["blackbeard:SmithingHammer","blackbeard:Boarding"],"picked":"blackbeard:Halberd","floor":6},{"not_picked":["blackbeard:PiratesWill","blackbeard:RearmingStrike"],"picked":"blackbeard:GoldenDefense","floor":14},{"not_picked":["blackbeard:PirateEarring","blackbeard:GoldenDefense"],"picked":"blackbeard:PowderKeg","floor":15},{"not_picked":["blackbeard:PirateHook","blackbeard:DoubleBottom"],"picked":"blackbeard:Revenge","floor":16},{"not_picked":["blackbeard:Salvager","blackbeard:Halberd"],"picked":"blackbeard:BountyHunter","floor":18},{"not_picked":["blackbeard:TacticalRetreat+1","blackbeard:Sword","blackbeard:CloakAndCannonball"],"picked":"SKIP","floor":20},{"not_picked":["blackbeard:BlindAttacks","blackbeard:TacticalRetreat"],"picked":"blackbeard:Upgrade","floor":21},{"not_picked":["blackbeard:SwordDance","blackbeard:BlindAttacks","blackbeard:PiratesWill"],"picked":"SKIP","floor":22}],"player_experience":79660,"relics_obtained":[{"floor":1,"key":"LetterFromLob"},{"floor":6,"key":"Bottled Tornado"},{"floor":16,"key":"WingedGreaves"}],"event_choices":[{"damage_healed":0,"gold_gain":0,"player_choice":"Leave","damage_taken":0,"max_hp_gain":0,"max_hp_loss":0,"event_name":"The Cleric","floor":2,"gold_loss":0},{"damage_healed":0,"gold_gain":0,"player_choice":"Entered Light","damage_taken":15,"max_hp_gain":0,"max_hp_loss":0,"event_name":"Shining Light","floor":5,"gold_loss":0,"cards_upgraded":["blackbeard:InfiniteBarrage","blackbeard:BlackbeardStrike"]},{"damage_healed":0,"gold_gain":0,"player_choice":"Ignored","damage_taken":0,"max_hp_gain":0,"max_hp_loss":0,"event_name":"blackbeard:GoldsmithEvent","floor":13,"gold_loss":0},{"damage_healed":0,"gold_gain":0,"player_choice":"Gave Potion","damage_taken":0,"relics_obtained":["reliquary:PrincelyHelmet"],"max_hp_gain":0,"max_hp_loss":0,"event_name":"WeMeetAgain","floor":23,"gold_loss":0}],"is_beta":false,"boss_relics":[{"not_picked":["aspiration:FutureDiary","ChewingGum"],"picked":"conspire:SlowCooker"}],"items_purged_floors":[],"is_endless":false,"potions_floor_spawned":[6,15,16,18,20],"killed_by":"Centurion and Healer","ascension_level":0}}