{"host":"wik2u884rt5bbues","time":1614437690,"event":{"mods":["AchievementEnabler","BaseMod","Colored Map","Colored Powertips","DeckTracker","Googly Eyes","Minty Spire (QoL Compilation)","Permanent Neow","Quick Restart","Shop Mod","StSLib","SuperFastMode"],"gold_per_floor":[113,38,113,63,15,15,32,32,32,48,48,123,143,160,160,265,265,282,297,297,297],"floor_reached":20,"language":"ENG","playtime":796,"items_purged":["Defend_R"],"score":164,"play_id":"e6529747-be61-40c2-80f6-997915d69fe4","local_time":"20210227145450","is_ascension_mode":false,"campfire_choices":[{"data":"Shrug It Off","floor":6.0,"key":"SMITH"},{"floor":8.0,"key":"RECALL"},{"data":"Flex","floor":15.0,"key":"SMITH"}],"circlet_count":0,"master_deck":["Strike_R","Strike_R","Strike_R","Defend_R","Defend_R","Bash","Shrug It Off+1","Flex+1","Flex"],"relics":["Burning Blood","Philosopher\u0027s Stone"],"acts_visited":["Exordium","TheCity"],"potions_floor_usage":[],"damage_taken":[{"damage":1.0,"enemies":"Cultist","floor":1.0,"turns":4.0},{"damage":8.0,"enemies":"2 Louse","floor":7.0,"turns":5.0},{"damage":1.0,"enemies":"Jaw Worm","floor":10.0,"turns":5.0},{"damage":9.0,"enemies":"Lots of Slimes","floor":13.0,"turns":6.0},{"damage":4.0,"enemies":"2 Fungi Beasts","floor":14.0,"turns":4.0},{"damage":46.0,"enemies":"Slime Boss","floor":16.0,"turns":10.0},{"damage":19.0,"enemies":"Spheric Guardian","floor":18.0,"turns":7.0},{"damage":40,"enemies":"2 Thieves","floor":19,"turns":5},{"damage":34,"enemies":"Shelled Parasite and Fungi","floor":20,"turns":4}],"seed_played":"3790701676708985448","potions_obtained":[{"floor":1.0,"key":"Explosive Potion"},{"floor":7.0,"key":"Strength Potion"}],"is_trial":false,"path_per_floor":["M","$","?","?","$","R","M","R","T","M","?","?","M","M","R","B",null,"M","M","M"],"character_chosen":"IRONCLAD","items_purchased":["Shrug It Off"],"campfire_rested":0,"item_purchase_floors":[5],"current_hp_per_floor":[80,80,69,69,69,69,67,67,67,72,72,64,61,63,63,23,80,67,33,0,0],"gold":297,"neow_bonus":"REMOVE_CARD","is_daily":false,"chose_seed":false,"campfire_upgraded":2,"win_rate":0.0,"timestamp":1614437690,"path_taken":["M","$","?","?","?","R","?","R","T","M","?","?","?","M","R","BOSS","M","M","M"],"items_purchased_type":["Card"],"build_version":"2020-12-22","purchased_purges":1,"victory":false,"max_hp_per_floor":[80,80,80,80,80,80,80,80,80,80,80,80,80,80,80,80,80,80,80,80,80],"card_choices":[{"not_picked":["Dark Embrace","Flame Barrier","Dual Wield"],"picked":"SKIP","floor":1.0},{"not_picked":["Clash","Battle Trance","Rampage"],"picked":"SKIP","floor":7.0},{"not_picked":["Wild Strike","Power Through","Shrug It Off"],"picked":"SKIP","floor":10.0},{"not_picked":["Perfected Strike","Havoc","Anger"],"picked":"SKIP","floor":13.0},{"not_picked":["Spot Weakness","Warcry"],"picked":"Flex","floor":14.0},{"not_picked":["Cleave","Havoc+1"],"picked":"Flex","floor":18.0},{"not_picked":["Perfected Strike","Shrug It Off","Spot Weakness"],"picked":"SKIP","floor":19}],"player_experience":754701,"relics_obtained":[],"event_choices":[{"damage_healed":0.0,"max_hp_gain":0.0,"max_hp_loss":0.0,"gold_gain":75.0,"event_name":"World of Goop","player_choice":"Gather Gold","floor":3.0,"gold_loss":0.0,"damage_taken":11.0},{"cards_removed":["Strike_R"],"damage_healed":0.0,"max_hp_gain":0.0,"max_hp_loss":0.0,"gold_gain":0.0,"event_name":"The Cleric","player_choice":"Card Removal","floor":4.0,"gold_loss":50.0,"damage_taken":0.0},{"cards_removed":["Defend_R"],"damage_healed":0.0,"max_hp_gain":0.0,"max_hp_loss":0.0,"gold_gain":0.0,"event_name":"Living Wall","player_choice":"Forget","floor":11.0,"gold_loss":0.0,"damage_taken":0.0},{"damage_healed":0.0,"max_hp_gain":0.0,"max_hp_loss":0.0,"gold_gain":75.0,"event_name":"FaceTrader","player_choice":"Touch","floor":12.0,"gold_loss":0.0,"damage_taken":8.0}],"is_beta":false,"boss_relics":[{"not_picked":["Runic Pyramid","Fusion Hammer"],"picked":"Philosopher\u0027s Stone"}],"items_purged_floors":[2],"is_endless":false,"potions_floor_spawned":[1,7],"killed_by":"Shelled Parasite and Fungi","ascension_level":0}}