{"host":"g2dipcf2fg7v2dle","time":1614412642,"event":{"mods":["AchievementEnabler","Aspiration","BaseMod","Bestiary","Better Third Choice","BetterRewards","Challenge The Spire","Colored Map","Colored Powertips","Conspire","Curses Come First","DeckTracker","GifTheSpireLib","Googly Eyes","Halation","Hubris","Infinite Spire","Minty Spire (QoL Compilation)","Relic Sorter","Relic Stats","Replay The Spire","Spicy Shops","Spire Arcade","StSLib","Stuff the Spire","SuperFastMode","The Jungle","The Servant 0.9.4","Trackpad","Waifu the Spire"],"gold_per_floor":[110,122,122,22,36,36,111,41,118,118,43,43,68,87,87,192,192,226,226,126,126,58,58,58,71,71,100,112,112,128,128,128,128,128],"floor_reached":33,"language":"ENG","playtime":1128,"items_purged":["Burn","conspire:SpireCoStock"],"score":243,"play_id":"7d3cea76-5528-427e-a377-2ff37f0c6a9f","local_time":"20210227025722","is_ascension_mode":false,"campfire_choices":[{"data":"Toxin Wave","floor":6,"key":"SMITH"},{"data":"Dagger Spray","floor":12,"key":"SMITH"},{"floor":15,"key":"REST"},{"data":"infinitespire:Neurotoxin","floor":23,"key":"SMITH"},{"data":"StuffTheSpire:WarGroove","floor":32,"key":"SMITH"}],"circlet_count":0,"master_deck":["Strike_G+1","Strike_G+1","Strike_G+1","Strike_G+1","Strike_G+1","Defend_G+1","Defend_G+1","Defend_G+1","Defend_G+1","Defend_G+1","Survivor","Neutralize","Flying Knee","Dagger Spray+1","conspire:SpireCoStock","Toxin Wave+1","StuffTheSpire:BrimstoneBlast","Riddle With Holes","infinitespire:Neurotoxin+1","Dagger Throw","Backstab","Poisoned Stab+1","Outmaneuver+1","StuffTheSpire:WarGroove+1","Riddle With Holes+1"],"relics":["Ring of the Snake","infinitespire:Lucky Rock","trackpad:DisasterInABottle","StuffTheSpire:CocoNut","StuffTheSpire:RunicConfusion","infinitespire:ShieldingShard","hubris:BottledHeart"],"acts_visited":["Exordium","TheCity"],"potions_floor_usage":[2,16,16,33],"damage_taken":[{"damage":0,"enemies":"Small Slimes","floor":1,"turns":3},{"damage":0,"enemies":"Jaw Worm","floor":2,"turns":5},{"damage":1,"enemies":"2 Louse","floor":5,"turns":2},{"damage":21,"enemies":"Lagavulin","floor":13,"turns":6},{"damage":0,"enemies":"Large Slime","floor":14,"turns":2},{"damage":31,"enemies":"The Guardian","floor":16,"turns":10},{"damage":11,"enemies":"Spheric Guardian","floor":18,"turns":4},{"damage":2,"enemies":"Shell Parasite","floor":25,"turns":3},{"damage":13,"enemies":"Centurion and Healer","floor":27,"turns":4},{"damage":0,"enemies":"Sentry and Sphere","floor":28,"turns":3},{"damage":0,"enemies":"Snake Plant","floor":30,"turns":2},{"damage":8,"enemies":"Champ","floor":33,"turns":7}],"seed_played":"5820897541080671553","potions_obtained":[{"floor":1,"key":"Dexterity Potion"},{"floor":13,"key":"ColorlessPotion"},{"floor":14,"key":"GhostInAJar"},{"floor":28,"key":"Block Potion"},{"floor":30,"key":"Elixir"}],"is_trial":false,"path_per_floor":["M","M","?","?","M","R","?","$","T","?","$","R","E","M","R","B",null,"M","?","$","?","$","R","?","M","T","M","M","?","M","?","R","B"],"character_chosen":"THE_SILENT","items_purchased":["StuffTheSpire:BrimstoneBlast","Backstab"],"campfire_rested":1,"item_purchase_floors":[8,22],"current_hp_per_floor":[77,77,74,74,73,73,62,62,62,62,62,62,48,48,73,42,84,73,73,73,73,73,73,73,71,71,58,58,38,38,1,1,0,0],"gold":128,"neow_bonus":"TEN_PERCENT_HP_BONUS","is_daily":false,"chose_seed":false,"campfire_upgraded":4,"win_rate":0.0,"timestamp":1614412642,"path_taken":["M","M","?","?","M","R","?","$","T","?","?","R","E","?","R","BOSS","M","?","$","?","$","R","?","M","T","M","?","?","M","?","R","BOSS"],"items_purchased_type":["Card","Card"],"build_version":"2020-12-22","purchased_purges":2,"victory":false,"max_hp_per_floor":[77,77,77,77,77,77,77,77,77,77,77,77,84,84,84,84,84,84,84,84,84,84,84,84,84,84,84,84,84,84,1,1,1,1],"relic_stats":{"counters":[12,51],"obtain_stats":[{"StuffTheSpire:RunicConfusion":17,"infinitespire:ShieldingShard":26,"hubris:BottledHeart":31,"StuffTheSpire:CocoNut":13,"infinitespire:Lucky Rock":3,"trackpad:DisasterInABottle":9,"Ring of the Snake":0},{"StuffTheSpire:RunicConfusion":6,"infinitespire:ShieldingShard":8,"hubris:BottledHeart":11,"StuffTheSpire:CocoNut":4,"infinitespire:Lucky Rock":2,"trackpad:DisasterInABottle":3,"Ring of the Snake":0},{"StuffTheSpire:RunicConfusion":28,"infinitespire:ShieldingShard":35,"hubris:BottledHeart":44,"StuffTheSpire:CocoNut":16,"infinitespire:Lucky Rock":8,"trackpad:DisasterInABottle":10,"Ring of the Snake":0}],"Ring of the Snake":[24]},"card_choices":[{"not_picked":["ReplayTheSpireMod:The Works","StuffTheSpire:Python"],"picked":"Flying Knee","floor":1},{"not_picked":["Prepared","Cloak And Dagger"],"picked":"Dagger Spray","floor":2},{"not_picked":["Acrobatics","Bane"],"picked":"Toxin Wave","floor":5},{"not_picked":["Calculated Gamble","Masterful Stab"],"picked":"Riddle With Holes","floor":13},{"not_picked":["Hidden Blade","Skewer","StuffTheSpire:Python"],"picked":"SKIP","floor":14},{"not_picked":["Storm of Steel","Corpse Explosion"],"picked":"infinitespire:Neurotoxin","floor":16},{"not_picked":["Underhanded Strike","PiercingWail"],"picked":"Dagger Throw","floor":18},{"not_picked":["Deflect","Deadly Poison+1"],"picked":"Poisoned Stab+1","floor":25},{"not_picked":["StuffTheSpire:Sprint","StuffTheSpire:Incantation","Acrobatics"],"picked":"SKIP","floor":27},{"not_picked":["Slice+1","ReplayTheSpireMod:Tripwire"],"picked":"Outmaneuver+1","floor":28},{"not_picked":["Poisoned Stab","Expertise"],"picked":"Riddle With Holes+1","floor":30}],"player_experience":192928,"relics_obtained":[{"floor":9,"key":"trackpad:DisasterInABottle"},{"floor":13,"key":"StuffTheSpire:CocoNut"},{"floor":26,"key":"infinitespire:ShieldingShard"}],"event_choices":[{"damage_healed":0,"gold_gain":0,"player_choice":"Relic ","damage_taken":3,"max_hp_gain":0,"max_hp_loss":0,"event_name":"betterThird:BetterScrap","floor":3,"gold_loss":0,"cards_obtained":["StuffTheSpire:NuclearReactor"]},{"damage_healed":0,"gold_gain":0,"player_choice":"Invest 2","damage_taken":0,"max_hp_gain":0,"max_hp_loss":0,"event_name":"conspire:Investor","floor":4,"gold_loss":0},{"damage_healed":0,"gold_gain":75,"player_choice":"Gold","damage_taken":11,"max_hp_gain":0,"max_hp_loss":0,"event_name":"betterThird:BetterGoop","floor":7,"gold_loss":0},{"damage_healed":62,"gold_gain":0,"player_choice":"Embrace Burn","damage_taken":0,"max_hp_gain":0,"max_hp_loss":77,"event_name":"betterThird:BetterShining","floor":10,"gold_loss":0},{"damage_healed":0,"gold_gain":0,"player_choice":"Ignored","damage_taken":0,"max_hp_gain":0,"max_hp_loss":0,"event_name":"Vampires","floor":19,"gold_loss":0},{"damage_healed":0,"gold_gain":0,"player_choice":"Simplicity","damage_taken":0,"max_hp_gain":0,"max_hp_loss":10,"event_name":"betterThird:BetterWriting","floor":21,"gold_loss":0},{"damage_healed":0,"gold_gain":0,"player_choice":"Bought 0 Potions","damage_taken":0,"max_hp_gain":0,"max_hp_loss":0,"event_name":"The Woman in Blue","floor":24,"gold_loss":0}],"is_beta":false,"boss_relics":[{"not_picked":["Cursed Key","hubris:Stopwatch"],"picked":"StuffTheSpire:RunicConfusion"}],"items_purged_floors":[11,20],"is_endless":false,"potions_floor_spawned":[1,13,14,28,30],"killed_by":"Champ","ascension_level":0}}