{"host":"9gxprskaw0c5jpbt","time":1614385460,"event":{"mods":["AchievementEnabler","BaseMod","Colored Map","Highlight Path","KOR Keyword Fix","Minty Spire (QoL Compilation)","Rare Cards Sparkle","StSLib","SuperFastMode","everything is the same but u backflip on backflip"],"gold_per_floor":[117,42,62,88,88,115,115,142,142,142,155,155,174,190,190,265,265,265,265],"floor_reached":18,"language":"KOR","playtime":448,"items_purged":[],"score":390,"play_id":"d6e2a73e-bebc-411d-a95b-2f27fb7463b2","local_time":"20210227092420","is_ascension_mode":true,"campfire_choices":[{"data":"Seeing Red","floor":7.0,"key":"SMITH"},{"floor":10.0,"key":"REST"},{"floor":12.0,"key":"REST"},{"floor":15,"key":"REST"}],"circlet_count":0,"master_deck":["AscendersBane","Strike_R","Strike_R","Strike_R","Defend_R","Defend_R","Defend_R","Defend_R","Bash","Thunderclap","Seeing Red+1","Flex","Intimidate","Berserk","Hemokinesis","Power Through","Inflame","Brutality"],"relics":["Burning Blood","NeowsBlessing","Dream Catcher","Tiny Chest","Oddly Smooth Stone","Sundial","SacredBark"],"acts_visited":["Exordium","TheCity"],"potions_floor_usage":[16,16],"damage_taken":[{"damage":0.0,"enemies":"Jaw Worm","floor":1.0,"turns":1.0},{"damage":0.0,"enemies":"2 Louse","floor":3.0,"turns":1.0},{"damage":0.0,"enemies":"Gremlin Nob","floor":6.0,"turns":1.0},{"damage":65.0,"enemies":"3 Sentries","floor":8.0,"turns":13.0},{"damage":14.0,"enemies":"Small Slimes","floor":11.0,"turns":3.0},{"damage":12.0,"enemies":"3 Louse","floor":13.0,"turns":4.0},{"damage":2,"enemies":"2 Fungi Beasts","floor":14,"turns":5},{"damage":66,"enemies":"Slime Boss","floor":16,"turns":11},{"damage":61,"enemies":"Spheric Guardian","floor":18,"turns":9}],"seed_played":"-8412476381283082044","potions_obtained":[{"floor":3.0,"key":"SkillPotion"},{"floor":6.0,"key":"SpeedPotion"},{"floor":8.0,"key":"FearPotion"},{"floor":14,"key":"PowerPotion"}],"is_trial":false,"path_per_floor":["M","?","M","T","?","E","R","E","T","R","M","R","M","M","R","B",null,"M"],"character_chosen":"IRONCLAD","items_purchased":[],"campfire_rested":3,"item_purchase_floors":[],"current_hp_per_floor":[74,74,75,75,68,74,74,15,15,37,29,51,45,49,71,11,59,0,0],"gold":265,"neow_bonus":"THREE_ENEMY_KILL","is_daily":false,"chose_seed":false,"campfire_upgraded":1,"win_rate":0.0,"timestamp":1614385460,"path_taken":["M","?","M","?","?","E","R","E","T","R","M","R","M","M","R","BOSS","M"],"items_purchased_type":[],"build_version":"2020-12-22","purchased_purges":0,"victory":false,"max_hp_per_floor":[75,75,75,75,75,75,75,75,75,75,75,75,75,75,75,75,75,75,75],"card_choices":[{"not_picked":["Havoc","Entrench"],"picked":"Thunderclap","floor":1.0},{"not_picked":["Twin Strike","Sword Boomerang"],"picked":"Seeing Red","floor":3.0},{"not_picked":["Thunderclap","Anger"],"picked":"Flex","floor":6.0},{"not_picked":["Entrench","Burning Pact"],"picked":"Intimidate","floor":8.0},{"not_picked":["Headbutt","Havoc","Warcry"],"picked":"SKIP","floor":11.0},{"not_picked":["Whirlwind","Searing Blow"],"picked":"Berserk","floor":12.0},{"not_picked":["Sword Boomerang","Body Slam"],"picked":"Hemokinesis","floor":13.0},{"not_picked":["Sever Soul","Perfected Strike"],"picked":"Power Through","floor":14},{"not_picked":["Iron Wave","Clothesline"],"picked":"Inflame","floor":15},{"not_picked":["Immolate","Juggernaut"],"picked":"Brutality","floor":16}],"player_experience":1000299,"relics_obtained":[{"floor":4.0,"key":"Dream Catcher"},{"floor":6.0,"key":"Tiny Chest"},{"floor":8.0,"key":"Oddly Smooth Stone"},{"floor":9.0,"key":"Sundial"}],"event_choices":[{"cards_removed":["Strike_R"],"damage_healed":0.0,"max_hp_gain":0.0,"max_hp_loss":0.0,"gold_gain":0.0,"event_name":"The Cleric","player_choice":"Card Removal","floor":2.0,"gold_loss":75.0,"damage_taken":0.0},{"cards_removed":["Strike_R"],"damage_healed":0.0,"max_hp_gain":0.0,"max_hp_loss":0.0,"gold_gain":0.0,"event_name":"Golden Wing","player_choice":"Card Removal","floor":5.0,"gold_loss":0.0,"damage_taken":7.0}],"is_beta":false,"boss_relics":[{"not_picked":["Snecko Eye","Fusion Hammer"],"picked":"SacredBark"}],"items_purged_floors":[],"is_endless":false,"potions_floor_spawned":[3,6,8,14],"killed_by":"Spheric Guardian","ascension_level":20}}