{"host":"h053bmw6xomhy8md","time":1614458718,"event":{"mods":["AchievementEnabler","BaseMod","Colored Map","Colored Powertips","Highlight Path","Minty Spire (QoL Compilation)"],"gold_per_floor":[110,123,139,158,158,158,173,173,173,203,303,303,336,9,9,9,9],"floor_reached":16,"language":"ENG","playtime":777,"items_purged":[],"score":142,"play_id":"266844fd-1b70-4579-9a06-753d15291ba1","local_time":"20210227154518","is_ascension_mode":true,"campfire_choices":[{"data":"Neutralize","floor":6.0,"key":"SMITH"},{"data":"Dagger Spray","floor":8.0,"key":"SMITH"},{"data":"Malaise","floor":12,"key":"SMITH"},{"data":"Catalyst","floor":15,"key":"SMITH"}],"circlet_count":0,"master_deck":["Strike_G","Strike_G","Strike_G","Strike_G","Defend_G+1","Defend_G","Defend_G","Defend_G","Survivor","Neutralize+1","Poisoned Stab","Dagger Spray+1","Backstab","Dash","Catalyst","Malaise+1","Distraction+1","Catalyst+1"],"relics":["Ring of the Snake","Letter Opener","Sundial","Gremlin Horn","War Paint","Meat on the Bone"],"acts_visited":["Exordium"],"potions_floor_usage":[10],"damage_taken":[{"damage":0.0,"enemies":"2 Louse","floor":1.0,"turns":3.0},{"damage":0.0,"enemies":"Jaw Worm","floor":2.0,"turns":4.0},{"damage":0.0,"enemies":"Cultist","floor":3.0,"turns":3.0},{"damage":4.0,"enemies":"3 Louse","floor":4.0,"turns":3.0},{"damage":0.0,"enemies":"Exordium Wildlife","floor":7.0,"turns":3.0},{"damage":0,"enemies":"Gremlin Nob","floor":10,"turns":3},{"damage":6,"enemies":"Lagavulin","floor":13,"turns":9},{"damage":52,"enemies":"Slime Boss","floor":16,"turns":10}],"seed_played":"4198766989094141477","potions_obtained":[{"floor":2.0,"key":"SteroidPotion"},{"floor":7.0,"key":"SteroidPotion"}],"is_trial":false,"path_per_floor":["M","M","M","M","?","R","M","R","T","E","?","R","E","$","R","B"],"character_chosen":"THE_SILENT","items_purchased":["Catalyst","Meat on the Bone"],"campfire_rested":0,"item_purchase_floors":[14,14],"current_hp_per_floor":[63,63,63,59,52,52,52,52,52,52,52,52,46,46,46,0,0],"gold":9,"neow_bonus":"REMOVE_TWO","is_daily":false,"chose_seed":false,"campfire_upgraded":4,"win_rate":0.0,"timestamp":1614458718,"path_taken":["M","M","M","M","?","R","M","R","T","E","?","R","E","$","R","BOSS"],"items_purchased_type":["Card","Relic"],"build_version":"2020-12-22","purchased_purges":0,"victory":false,"max_hp_per_floor":[63,63,63,63,63,63,63,63,63,63,63,63,63,63,63,63,63],"card_choices":[{"not_picked":["Prepared","Deflect"],"picked":"Poisoned Stab","floor":1.0},{"not_picked":["Slice","Bane"],"picked":"Dagger Spray","floor":2.0},{"not_picked":["Backflip","Infinite Blades"],"picked":"Backstab","floor":3.0},{"not_picked":["Slice","Acrobatics"],"picked":"Dash","floor":4.0},{"not_picked":["Slice","Prepared"],"picked":"Catalyst","floor":7.0},{"not_picked":["Dodge and Roll","Sucker Punch"],"picked":"Malaise","floor":10},{"not_picked":["Flechettes","Dodge and Roll"],"picked":"Distraction","floor":13}],"player_experience":39428,"relics_obtained":[{"floor":9.0,"key":"Sundial"},{"floor":10,"key":"Gremlin Horn"},{"floor":13,"key":"War Paint"}],"event_choices":[{"damage_healed":0.0,"max_hp_gain":0.0,"max_hp_loss":0.0,"gold_gain":0.0,"event_name":"Scrap Ooze","player_choice":"Success","floor":5.0,"gold_loss":0.0,"damage_taken":7.0,"relics_obtained":["Letter Opener"]},{"damage_healed":0,"gold_gain":100,"player_choice":"Pray","damage_taken":0,"max_hp_gain":0,"max_hp_loss":0,"event_name":"Golden Shrine","floor":11,"gold_loss":0}],"is_beta":false,"boss_relics":[],"items_purged_floors":[],"is_endless":false,"potions_floor_spawned":[2,7],"killed_by":"Slime Boss","ascension_level":1}}