{"host":"au01ak9vd3889by4","time":1614455973,"event":{"mods":["AchievementEnabler","BaseMod","Colored Map","Colored Powertips","Hubris","Infinite Spire","Minty Spire (QoL Compilation)","Quick Restart","Replay The Spire","StSLib","The Cursed","The Marked"],"gold_per_floor":[362,362,362,362,83,83,83,83,99,99,122,76,87,107,126,138,138,234,234,208,221,221,237,252,252,252,252],"floor_reached":26,"language":"ENG","playtime":1274,"items_purged":[],"score":250,"play_id":"334c0436-df5f-4207-ad0c-ed7b1e420172","local_time":"20210227115933","is_ascension_mode":false,"campfire_choices":[{"data":"ReplayTheSpireMod:Necrogeddon","floor":8,"key":"SMITH"},{"data":"Infinite Blades","floor":10,"key":"SMITH"},{"floor":25,"key":"REST"}],"circlet_count":0,"master_deck":["Strike_G","Strike_G","Strike_G","Strike_G","Defend_G","Defend_G","Defend_G","Defend_G","Defend_G","Survivor","Neutralize","Terror","infinitespire:Menacing+1","ReplayTheSpireMod:Necrogeddon+1","Blade Dance+1","Infinite Blades+1","Cloak And Dagger","Blade Dance","Cloak And Dagger","ReplayTheSpireMod:Tripwire","Replay:Bag of Tricks+1","Outmaneuver+1","Blade Dance+1"],"relics":["Sizzling Blood","infinitespire:Cubic Diamond","Replay:Baseball"],"acts_visited":["Exordium","TheCity"],"potions_floor_usage":[18,18,20,20,21,24,26],"damage_taken":[{"damage":0,"enemies":"2 Louse","floor":1,"turns":4},{"damage":2,"enemies":"Small Slimes","floor":9,"turns":4},{"damage":0,"enemies":"Cultist","floor":13,"turns":3},{"damage":0,"enemies":"Exordium Thugs","floor":14,"turns":4},{"damage":2,"enemies":"Looter","floor":15,"turns":2},{"damage":2,"enemies":"2 Fungi Beasts","floor":16,"turns":4},{"damage":0,"enemies":"Slime Boss","floor":18,"turns":5},{"damage":7,"enemies":"2 Thieves","floor":20,"turns":5},{"damage":37,"enemies":"Spheric Guardian","floor":21,"turns":6},{"damage":0,"enemies":"Snecko","floor":23,"turns":5},{"damage":21,"enemies":"Snake Plant","floor":24,"turns":5},{"damage":38,"enemies":"Slavers","floor":26,"turns":3}],"seed_played":"-2121124612856041299","potions_obtained":[{"floor":13,"key":"GamblersBrew"},{"floor":15,"key":"FearPotion"},{"floor":16,"key":"SkillPotion"},{"floor":18,"key":"SpeedPotion"},{"floor":20,"key":"PowerPotion"},{"floor":23,"key":"BlessingOfTheForge"},{"floor":24,"key":"Dexterity Potion"}],"is_trial":false,"path_per_floor":["M","?","?","?","$","PTL","PTL","R","M","R","T","$","M","M","M","M","R_BF","B",null,"M","M","?","M","M","R","E"],"character_chosen":"THE_SILENT","items_purchased":["ReplayTheSpireMod:Necrogeddon","Blade Dance+1","Infinite Blades","Blade Dance"],"campfire_rested":1,"item_purchase_floors":[5,5,5,12],"current_hp_per_floor":[63,48,48,48,48,48,48,48,50,50,50,50,54,58,60,62,62,63,63,60,27,27,31,14,32,0,0],"gold":252,"neow_bonus":"TWO_FIFTY_GOLD","is_daily":false,"chose_seed":false,"campfire_upgraded":2,"win_rate":0.0,"timestamp":1614455973,"path_taken":["M","?","?","?","$","PTL","PTL","R","M","R","T","$","M","M","M","M","R_BF","BOSS","M","M","?","?","M","R","E"],"items_purchased_type":["Card","Card","Card","Card"],"build_version":"2020-12-22","purchased_purges":0,"victory":false,"max_hp_per_floor":[63,63,63,63,63,63,63,63,63,63,63,63,63,63,63,63,63,63,63,63,63,63,63,63,63,63,63],"card_choices":[{"not_picked":["Skewer","Acrobatics"],"picked":"Terror","floor":1},{"not_picked":["infinitespire:FutureSight","ReplayTheSpireMod:Chaos Vortex"],"picked":"infinitespire:Menacing","floor":2},{"not_picked":["Sucker Punch","Prepared"],"picked":"Cloak And Dagger","floor":9},{"not_picked":["Flying Knee","Deflect"],"picked":"Cloak And Dagger","floor":13},{"not_picked":["Sucker Punch","hubris:SlightOfHand","ReplayTheSpireMod:Speed Training"],"picked":"SKIP","floor":14},{"not_picked":["Draining Mist","Sucker Punch","Wraith Form v2"],"picked":"SKIP","floor":15},{"not_picked":["ReplayTheSpireMod:Tripwire","Flying Knee","Cloak And Dagger"],"picked":"SKIP","floor":16},{"not_picked":["Die Die Die","Venomology"],"picked":"Replay:Bag of Tricks","floor":18},{"not_picked":["Quick Slash","Well Laid Plans"],"picked":"Outmaneuver+1","floor":20},{"not_picked":["Well Laid Plans","Cloak And Dagger","Draining Mist"],"picked":"SKIP","floor":21},{"not_picked":["PiercingWail","Poisoned Stab","ReplayTheSpireMod:The Works+1"],"picked":"SKIP","floor":23},{"not_picked":["Sucker Punch","Riddle With Holes"],"picked":"Blade Dance+1","floor":24}],"player_experience":158751,"relics_obtained":[{"floor":11,"key":"Replay:Baseball"}],"event_choices":[{"damage_healed":0,"gold_gain":0,"player_choice":"Forge","damage_taken":0,"max_hp_gain":0,"max_hp_loss":0,"event_name":"Accursed Blacksmith","floor":22,"gold_loss":0,"cards_upgraded":["Replay:Bag of Tricks"]}],"is_beta":false,"boss_relics":[{"not_picked":["Snecko Scales","Astrolabe","Coffee Dripper"]}],"items_purged_floors":[],"is_endless":false,"potions_floor_spawned":[13,15,16,18,20,23,24],"killed_by":"Slavers","ascension_level":0}}