{"host":"8is2j71l4wmybkoi","time":1614423134,"event":{"mods":["AchievementEnabler","BaseMod","Colored Map","DeckTracker","Minty Spire (QoL Compilation)","Rare Cards Sparkle","Relic Stats","StSLib","SuperFastMode"],"gold_per_floor":[369,369,383,394,3,3,34,52,52,66,66,95,114,139,139,216,216,236,236,247,3,14,40,40,67,67,84,84,99,99,110,110,110,110],"floor_reached":33,"language":"KOR","playtime":1564,"items_purged":["Strike_B","Pain"],"score":611,"play_id":"17f550c5-c03c-491a-aa55-5403bc54e904","local_time":"20210227195214","is_ascension_mode":true,"campfire_choices":[{"data":"Dualcast","floor":6,"key":"SMITH"},{"data":"Tempest","floor":11,"key":"SMITH"},{"data":"Fusion","floor":15,"key":"SMITH"},{"floor":24,"key":"REST"},{"data":"Creative AI","floor":28,"key":"SMITH"},{"data":"Capacitor","floor":30,"key":"SMITH"},{"data":"Aggregate","floor":32,"key":"SMITH"}],"circlet_count":0,"master_deck":["AscendersBane","Strike_B","Strike_B","Defend_B","Defend_B","Zap+1","Dualcast+1","Turbo","Capacitor+1","Tempest+1","Sweeping Beam","BootSequence","Self Repair","Reinforced Body","Aggregate+1","Rebound","Doom and Gloom","Genetic Algorithm","Fusion+1","Reboot","Glacier+1","Core Surge+1","Turbo+1","Compile Driver","Loop","Creative AI+1","Hologram","Double Energy+1","Chill","Compile Driver","Meteor Strike"],"relics":["Cracked Core","Bag of Marbles","CaptainsWheel","White Beast Statue","Kunai","Odd Mushroom","Astrolabe","WarpedTongs","InkBottle","Boot","Meat on the Bone"],"acts_visited":["Exordium","TheCity"],"potions_floor_usage":[12,13,14,16,16,18,20,22,23,27,29,33,33],"damage_taken":[{"damage":2,"enemies":"Small Slimes","floor":1,"turns":3},{"damage":1,"enemies":"Cultist","floor":3,"turns":3},{"damage":3,"enemies":"2 Louse","floor":4,"turns":2},{"damage":30,"enemies":"3 Sentries","floor":7,"turns":7},{"damage":0,"enemies":"2 Fungi Beasts","floor":8,"turns":3},{"damage":6,"enemies":"Gremlin Gang","floor":10,"turns":3},{"damage":4,"enemies":"Gremlin Nob","floor":12,"turns":3},{"damage":4,"enemies":"Large Slime","floor":13,"turns":6},{"damage":0,"enemies":"The Mushroom Lair","floor":14,"turns":2},{"damage":0,"enemies":"Slime Boss","floor":16,"turns":3},{"damage":15,"enemies":"Shell Parasite","floor":18,"turns":6},{"damage":10,"enemies":"3 Byrds","floor":20,"turns":5},{"damage":14,"enemies":"3 Cultists","floor":22,"turns":5},{"damage":17,"enemies":"Slavers","floor":23,"turns":4},{"damage":39,"enemies":"Book of Stabbing","floor":25,"turns":6},{"damage":0,"enemies":"Chosen and Byrds","floor":27,"turns":6},{"damage":0,"enemies":"Snake Plant","floor":29,"turns":5},{"damage":0,"enemies":"Shelled Parasite and Fungi","floor":31,"turns":4},{"damage":57,"enemies":"Collector","floor":33,"turns":7}],"seed_played":"-8462885623151353955","potions_obtained":[{"floor":8,"key":"PowerPotion"},{"floor":10,"key":"Energy Potion"},{"floor":12,"key":"Weak Potion"},{"floor":13,"key":"FocusPotion"},{"floor":14,"key":"AttackPotion"},{"floor":16,"key":"LiquidBronze"},{"floor":18,"key":"ColorlessPotion"},{"floor":20,"key":"PowerPotion"},{"floor":22,"key":"DistilledChaos"},{"floor":23,"key":"SteroidPotion"},{"floor":25,"key":"Dexterity Potion"},{"floor":27,"key":"Swift Potion"},{"floor":29,"key":"SpeedPotion"},{"floor":31,"key":"Block Potion"}],"is_trial":false,"path_per_floor":["M","?","M","M","$","R","E","M","T","M","R","E","M","?","R","B",null,"M","?","M","$","M","E","R","E","T","M","R","M","R","M","R","B"],"character_chosen":"DEFECT","items_purchased":["Sweeping Beam","Bag of Marbles","BootSequence","Self Repair","Creative AI"],"campfire_rested":1,"item_purchase_floors":[5,5,5,5,21],"current_hp_per_floor":[62,62,61,58,58,58,35,42,42,43,43,39,42,42,42,49,60,45,45,42,42,35,25,44,12,12,31,31,50,50,50,50,0,0],"gold":110,"neow_bonus":"TWO_FIFTY_GOLD","is_daily":false,"chose_seed":false,"campfire_upgraded":6,"win_rate":0.0,"timestamp":1614423134,"path_taken":["M","?","M","M","$","R","E","M","T","?","R","E","M","?","R","BOSS","M","?","?","$","?","E","R","E","T","M","R","M","R","?","R","BOSS"],"items_purchased_type":["Card","Relic","Card","Card","Card"],"build_version":"2020-12-22","purchased_purges":2,"victory":false,"max_hp_per_floor":[64,64,64,64,64,64,64,64,64,64,64,64,64,64,64,64,64,64,64,64,64,64,64,64,64,64,64,64,64,64,64,64,64,64],"relic_stats":{"counters":[19,83],"Astrolabe":["Glacier","Core Surge","Turbo"],"Kunai":[6],"Boot":[6],"obtain_stats":[{"CaptainsWheel":7,"Astrolabe":17,"Bag of Marbles":5,"Kunai":12,"Odd Mushroom":14,"Cracked Core":0,"Boot":25,"White Beast Statue":9,"InkBottle":23,"WarpedTongs":19,"Meat on the Bone":26},{"CaptainsWheel":4,"Astrolabe":10,"Bag of Marbles":3,"Kunai":7,"Odd Mushroom":9,"Cracked Core":0,"Boot":15,"White Beast Statue":5,"InkBottle":14,"WarpedTongs":11,"Meat on the Bone":15},{"CaptainsWheel":15,"Astrolabe":35,"Bag of Marbles":8,"Kunai":24,"Odd Mushroom":32,"Cracked Core":0,"Boot":61,"White Beast Statue":18,"InkBottle":55,"WarpedTongs":41,"Meat on the Bone":61}],"InkBottle":[12],"WarpedTongs":[42],"Meat on the Bone":24},"card_choices":[{"not_picked":["Coolheaded","Capacitor"],"picked":"Turbo","floor":1},{"not_picked":["Static Discharge","Scrape"],"picked":"Capacitor","floor":3},{"not_picked":["BootSequence","Auto Shields"],"picked":"Tempest","floor":4},{"not_picked":["White Noise","Redo"],"picked":"Reinforced Body","floor":7},{"not_picked":["Conserve Battery","Go for the Eyes"],"picked":"Aggregate","floor":8},{"not_picked":["Aggregate","Turbo"],"picked":"Rebound","floor":10},{"not_picked":["Leap","Redo"],"picked":"Doom and Gloom","floor":12},{"not_picked":["Turbo","Hologram"],"picked":"Genetic Algorithm","floor":13},{"not_picked":["Sunder","Coolheaded"],"picked":"Fusion","floor":14},{"not_picked":["Hyperbeam","Seek"],"picked":"Reboot","floor":16},{"not_picked":["Streamline","Gash"],"picked":"Compile Driver","floor":18},{"not_picked":["Sweeping Beam","Reinforced Body"],"picked":"Loop","floor":20},{"not_picked":["Chaos","Genetic Algorithm"],"picked":"Hologram","floor":22},{"not_picked":["Redo","Fission"],"picked":"Double Energy+1","floor":23},{"not_picked":["Sunder","Rip and Tear+1","Go for the Eyes"],"picked":"SKIP","floor":25},{"not_picked":["Cold Snap","Ball Lightning"],"picked":"Chill","floor":27},{"not_picked":["Cold Snap","Beam Cell"],"picked":"Compile Driver","floor":29},{"not_picked":["Cold Snap","Storm"],"picked":"Meteor Strike","floor":31}],"player_experience":1355531,"relics_obtained":[{"floor":7,"key":"CaptainsWheel"},{"floor":9,"key":"White Beast Statue"},{"floor":12,"key":"Kunai"},{"floor":14,"key":"Odd Mushroom"},{"floor":23,"key":"InkBottle"},{"floor":25,"key":"Boot"},{"floor":26,"key":"Meat on the Bone"}],"event_choices":[{"damage_healed":0,"gold_gain":0,"player_choice":"Upgraded","damage_taken":0,"max_hp_gain":0,"max_hp_loss":0,"event_name":"Upgrade Shrine","floor":2,"gold_loss":0,"cards_upgraded":["Zap"]},{"damage_healed":0,"gold_gain":0,"player_choice":"Fought Mushrooms","damage_taken":0,"max_hp_gain":0,"max_hp_loss":0,"event_name":"Mushrooms","floor":14,"gold_loss":0},{"damage_healed":0,"gold_gain":0,"player_choice":"Rummage","damage_taken":0,"relics_obtained":["WarpedTongs"],"max_hp_gain":0,"max_hp_loss":0,"event_name":"Accursed Blacksmith","floor":19,"gold_loss":0,"cards_obtained":["Pain"]}],"is_beta":false,"boss_relics":[{"not_picked":["SlaversCollar","Nuclear Battery"],"picked":"Astrolabe"}],"items_purged_floors":[5,21],"is_endless":false,"potions_floor_spawned":[8,10,12,13,14,16,18,20,22,23,25,27,29,31],"killed_by":"Collector","ascension_level":15}}