{"host":"fx4ma24vdin0c28l","time":1614395546,"event":{"mods":["AchievementEnabler","BaseMod","Colored Map","Colored Powertips","Minty Spire (QoL Compilation)","Quick Restart"],"gold_per_floor":[119,8922,8935,8041,8055,8055,8055,8055,8055,8055,8070,8096,8126,8143,8143,8244,8244,8258,8271,7530,7546,6855,6855,6888,6904,6904,6904,6916,6927,6927,6958,6958,7060,7060,7074,7074,7088,6199,6199,6199,6228,6228,6228,6228,6242,5244,5275,5275,5275,5275,5275],"floor_reached":50,"language":"ENG","playtime":5175,"items_purged":["Defend_G","Strike_G","Infinite Blades","Well Laid Plans","Backflip","Backflip"],"score":749,"play_id":"911733c1-2a09-4d93-8f2c-e2db80d6080c","local_time":"20210226221226","is_ascension_mode":true,"campfire_choices":[{"floor":7,"key":"RECALL"},{"data":"Deadly Poison","floor":10,"key":"SMITH"},{"data":"Poisoned Stab","floor":15,"key":"SMITH"},{"data":"Adrenaline","floor":23,"key":"SMITH"},{"floor":32,"key":"REST"},{"floor":40,"key":"REST"},{"floor":42,"key":"REST"},{"data":"Envenom","floor":49,"key":"SMITH"}],"circlet_count":0,"master_deck":["Survivor+1","Neutralize","Slice","Corpse Explosion","Poisoned Stab+1","Slice","Bouncing Flask+1","Predator","Deadly Poison+1","Slice","Dagger Spray","Calculated Gamble","Crippling Poison+1","Bane","Endless Agony","Finisher","Adrenaline+1","Heel Hook","Deflect","Bouncing Flask","Dagger Spray","Deadly Poison","Bane","Poisoned Stab+1","Adrenaline+1","Noxious Fumes+1","Envenom+1","Poisoned Stab+1","Bouncing Flask","Slice","Dagger Spray"],"relics":["Ring of the Snake","Bag of Preparation","Toy Ornithopter","Thread and Needle","TheAbacus","Boot","Juzu Bracelet","Orrery","War Paint","HornCleat","MealTicket","Pandora\u0027s Box","Oddly Smooth Stone","Toolbox","Centennial Puzzle","Bronze Scales","Strange Spoon","Bottled Tornado","Nunchaku","PreservedInsect","Sozu","WingedGreaves","Ninja Scroll","Medical Kit","Incense Burner","Bottled Lightning","Calipers","Shuriken","TwistedFunnel","FossilizedHelix"],"acts_visited":["Exordium","TheCity","TheBeyond"],"potions_floor_usage":[3,12,16,19,24,33,50],"damage_taken":[{"damage":7,"enemies":"Cultist","floor":1,"turns":4},{"damage":0,"enemies":"2 Louse","floor":3,"turns":3},{"damage":0,"enemies":"Small Slimes","floor":5,"turns":2},{"damage":9,"enemies":"Blue Slaver","floor":11,"turns":3},{"damage":0,"enemies":"Gremlin Nob","floor":12,"turns":3},{"damage":2,"enemies":"Looter","floor":14,"turns":2},{"damage":71,"enemies":"Slime Boss","floor":16,"turns":9},{"damage":0,"enemies":"Spheric Guardian","floor":18,"turns":3},{"damage":6,"enemies":"Shell Parasite","floor":19,"turns":3},{"damage":1,"enemies":"Centurion and Healer","floor":21,"turns":4},{"damage":26,"enemies":"Slavers","floor":24,"turns":3},{"damage":0,"enemies":"Snecko","floor":25,"turns":3},{"damage":9,"enemies":"Snake Plant","floor":28,"turns":2},{"damage":0,"enemies":"3 Cultists","floor":29,"turns":3},{"damage":20,"enemies":"Gremlin Leader","floor":31,"turns":3},{"damage":72,"enemies":"Automaton","floor":33,"turns":7},{"damage":0,"enemies":"Orb Walker","floor":35,"turns":1},{"damage":60,"enemies":"3 Shapes","floor":37,"turns":2},{"damage":0,"enemies":"Reptomancer","floor":41,"turns":2},{"damage":0,"enemies":"3 Darklings","floor":45,"turns":3},{"damage":0,"enemies":"Giant Head","floor":47,"turns":4},{"damage":96,"enemies":"Awakened One","floor":50,"turns":6}],"seed_played":"7360293679814250054","potions_obtained":[{"floor":14,"key":"ColorlessPotion"},{"floor":16,"key":"AttackPotion"},{"floor":24,"key":"LiquidBronze"}],"is_trial":false,"path_per_floor":["M","$","M","$","M","?","R","?","T","R","M","E","?","M","R","B",null,"M","M","$","M","$","R","E","M","T","?","M","M","?","E","R","B",null,"M","?","M","$","?","R","E","R","T","?","M","$","E","?","R","B"],"character_chosen":"THE_SILENT","items_purchased":["Slice","Toy Ornithopter","Thread and Needle","TheAbacus","Fruit Juice","ColorlessPotion","AttackPotion","Corpse Explosion","Boot","Juzu Bracelet","Orrery","FairyPotion","FairyPotion","Slice","Dagger Spray","Calculated Gamble","Oddly Smooth Stone","Toolbox","Centennial Puzzle","CultistPotion","Fire Potion","Bronze Scales","Strange Spoon","Bottled Tornado","WingedGreaves","Ninja Scroll","Medical Kit","Calipers","Shuriken","TwistedFunnel","Bouncing Flask","Slice"],"campfire_rested":3,"item_purchase_floors":[2,2,2,2,2,2,2,2,4,4,4,4,4,4,4,4,20,20,20,20,20,22,22,22,38,38,38,46,46,46,46,46],"current_hp_per_floor":[63,63,73,73,73,73,73,66,66,66,57,62,62,60,60,17,75,75,74,75,74,75,75,49,49,49,49,40,40,40,20,42,22,75,75,75,15,30,30,52,52,74,74,74,74,75,75,75,75,0,0],"gold":5275,"neow_bonus":"RANDOM_COMMON_RELIC","is_daily":false,"chose_seed":false,"campfire_upgraded":4,"win_rate":0.0,"timestamp":1614395546,"path_taken":["M","$","M","$","M","?","R","?","T","R","M","E","?","M","R","BOSS","M","M","$","M","$","R","E","M","T","?","M","M","?","E","R","BOSS","M","?","M","$","?","R","E","R","T","?","M","$","E","?","R","BOSS"],"items_purchased_type":["Card","Relic","Relic","Relic","Potion","Potion","Potion","Card","Relic","Relic","Relic","Potion","Potion","Card","Card","Card","Relic","Relic","Relic","Potion","Potion","Relic","Relic","Relic","Relic","Relic","Relic","Relic","Relic","Relic","Card","Card"],"build_version":"2020-12-22","purchased_purges":6,"victory":false,"max_hp_per_floor":[70,70,75,75,75,75,75,75,75,75,75,75,75,75,75,75,75,75,75,75,75,75,75,75,75,75,75,75,75,75,75,75,75,75,75,75,75,75,75,75,75,75,75,75,75,75,75,75,75,75,75],"card_choices":[{"not_picked":["Acrobatics","Dagger Throw","Prepared"],"picked":"SKIP","floor":1},{"not_picked":["Wraith Form v2","Tactician"],"picked":"Backflip","floor":3},{"not_picked":["Bouncing Flask","Storm of Steel"],"picked":"Poisoned Stab","floor":4},{"not_picked":["Caltrops","Underhanded Strike"],"picked":"Slice","floor":4},{"not_picked":["Quick Slash","Reflex"],"picked":"Bouncing Flask","floor":4},{"not_picked":["Backflip","Skewer"],"picked":"Predator","floor":4},{"not_picked":["Eviscerate","Sucker Punch"],"picked":"Deadly Poison","floor":4},{"not_picked":["Slice","Underhanded Strike"],"picked":"Crippling Poison","floor":5},{"not_picked":["Dagger Spray","Dagger Throw"],"picked":"Bane","floor":11},{"not_picked":["Night Terror","Quick Slash"],"picked":"Endless Agony","floor":12},{"not_picked":["Sucker Punch","Dodge and Roll"],"picked":"Finisher","floor":14},{"not_picked":["Doppelganger","Burst"],"picked":"Adrenaline","floor":16},{"not_picked":["PiercingWail","Quick Slash"],"picked":"Dagger Spray","floor":18},{"not_picked":["Predator+1","Calculated Gamble"],"picked":"Deadly Poison","floor":19},{"not_picked":["Cloak And Dagger","Quick Slash","Infinite Blades"],"picked":"SKIP","floor":21},{"not_picked":["Quick Slash","Dodge and Roll","Tools of the Trade"],"picked":"SKIP","floor":24},{"not_picked":["Cloak And Dagger+1","Flying Knee+1"],"picked":"Bane","floor":25},{"not_picked":["Quick Slash+1","Reflex","Dash"],"picked":"SKIP","floor":28},{"not_picked":["Tactician+1","Acrobatics"],"picked":"Poisoned Stab+1","floor":29},{"not_picked":["Flying Knee","Expertise"],"picked":"Noxious Fumes+1","floor":31},{"not_picked":["Phantasmal Killer","Night Terror"],"picked":"Envenom","floor":33},{"not_picked":["Flechettes+1","Deadly Poison"],"picked":"Poisoned Stab+1","floor":35},{"not_picked":["PiercingWail","Reflex","Outmaneuver+1"],"picked":"SKIP","floor":37},{"not_picked":["Malaise","Acrobatics+1","Riddle With Holes+1"],"picked":"SKIP","floor":41},{"not_picked":["Outmaneuver","Acrobatics+1","Infinite Blades"],"picked":"SKIP","floor":45},{"not_picked":["Dash+1","Bouncing Flask+1"],"picked":"Dagger Spray","floor":47}],"player_experience":70553,"relics_obtained":[{"floor":9,"key":"HornCleat"},{"floor":12,"key":"MealTicket"},{"floor":24,"key":"Nunchaku"},{"floor":31,"key":"PreservedInsect"},{"floor":41,"key":"Incense Burner"},{"floor":43,"key":"Bottled Lightning"},{"floor":47,"key":"FossilizedHelix"}],"event_choices":[{"damage_healed":0,"gold_gain":0,"player_choice":"Ignored","damage_taken":0,"max_hp_gain":0,"max_hp_loss":0,"event_name":"Liars Game","floor":6,"gold_loss":0},{"damage_healed":0,"gold_gain":0,"player_choice":"Success","damage_taken":7,"relics_obtained":["War Paint"],"max_hp_gain":0,"max_hp_loss":0,"event_name":"Scrap Ooze","floor":8,"gold_loss":0},{"damage_healed":0,"gold_gain":30,"player_choice":"Searched \u00272\u0027 times","damage_taken":0,"max_hp_gain":0,"max_hp_loss":0,"event_name":"Dead Adventurer","floor":13,"gold_loss":0},{"cards_removed":["Riddle With Holes"],"damage_healed":0,"gold_gain":0,"player_choice":"Elegance","damage_taken":0,"max_hp_gain":0,"max_hp_loss":0,"event_name":"Back to Basics","floor":27,"gold_loss":0},{"damage_healed":0,"gold_gain":0,"player_choice":"Copied","damage_taken":0,"max_hp_gain":0,"max_hp_loss":0,"event_name":"Duplicator","floor":30,"gold_loss":0,"cards_obtained":["Adrenaline"]},{"cards_removed":["Quick Slash"],"damage_healed":0,"gold_gain":0,"player_choice":"Removed Attack","damage_taken":0,"max_hp_gain":0,"max_hp_loss":0,"event_name":"Falling","floor":36,"gold_loss":0},{"damage_healed":0,"gold_gain":0,"player_choice":"Upgraded","damage_taken":0,"max_hp_gain":0,"max_hp_loss":0,"event_name":"Upgrade Shrine","floor":39,"gold_loss":0,"cards_upgraded":["Crippling Poison"]},{"damage_healed":0,"gold_gain":0,"player_choice":"Memory 1","damage_taken":0,"max_hp_gain":0,"max_hp_loss":0,"event_name":"SensoryStone","floor":44,"gold_loss":0},{"damage_healed":0,"gold_gain":0,"player_choice":"Ignored","damage_taken":0,"max_hp_gain":0,"max_hp_loss":0,"event_name":"Tomb of Lord Red Mask","floor":48,"gold_loss":0}],"is_beta":false,"boss_relics":[{"not_picked":["Snecko Eye","Runic Pyramid"],"picked":"Pandora\u0027s Box"},{"not_picked":["Coffee Dripper","Philosopher\u0027s Stone"],"picked":"Sozu"}],"items_purged_floors":[2,4,20,22,38,46],"is_endless":false,"potions_floor_spawned":[11,14,16,24,28,29,35,47],"killed_by":"Awakened One","ascension_level":2}}