{"host":"zefmhu9ryehjj4p1","time":1614430430,"event":{"mods":["100% Spire Juice","2.2 Compatiblity","Act Like it!","Aspiration","Aya Shameimaru","BaseMod","Beaked The Cultist","Better Note","CapriCore","ChefMod","Colored Powertips","Dark Map","DeckTracker","Downfall","Ekko","Elementarium","Friendly Minions","Gensokyo","Hallownest","Hermit","Highlight Path","Hubris","Infinite Spire","Koishi","LagranYue(???·?)","Library of Ruina","Library of Ruina Extra","Luminous","Marisa????????","Minty Spire (QoL Compilation)","Random Character Button","Reimu??????","Reliquary","Remilia??????","Replay The Spire","Ruina","Shade Mod","Shapeshifter Mod","StSLib","The Administrix","The Blue Laboratory","The Bug Knight","The Construct","The Cursed","The Gatherer","The Hierophant","The Immortal","The Judge","The Marked","The Mystic","The Runesmith","The Senshi","The Servant 0.9.4","The Vixen","The Wild Card","TheVacant","Wandering Minibosses"],"gold_per_floor":[115,115,115,115,40,40,59,78,78,95,128,128,140,168,168,168,168],"floor_reached":16,"language":"ENG","playtime":1038,"items_purged":["Regret"],"score":135,"play_id":"ea168591-bae7-4cb4-9dca-a45ba1b48ba7","local_time":"20210227135350","is_ascension_mode":false,"campfire_choices":[{"floor":6,"key":"RECALL"},{"data":"chefmod:LocoMoco","floor":12,"key":"SMITH"},{"floor":15,"key":"REST"}],"circlet_count":0,"master_deck":["chefmod:Strike","chefmod:Strike","chefmod:Strike","chefmod:Strike","chefmod:QuickThaw","chefmod:Defend","chefmod:Defend","chefmod:Defend","chefmod:Defend","chefmod:TodaysSpecial","chefmod:Fillet","chefmod:HotSoup","chefmod:LocoMoco+1","chefmod:Chop","chefmod:Bruschetta","chefmod:SearedScallops"],"relics":["chefmod:TrustyPot","aspiration:Lifesprig","Blue Candle","Juzu Bracelet","hubris:Towel","Boot","Runesmith:Nanobots"],"acts_visited":["Exordium"],"potions_floor_usage":[],"damage_taken":[{"damage":0,"enemies":"Small Slimes","floor":1,"turns":3},{"damage":2,"enemies":"Jaw Worm","floor":7,"turns":3},{"damage":11,"enemies":"Cultist","floor":8,"turns":7},{"damage":2,"enemies":"Blue Slaver","floor":10,"turns":3},{"damage":0,"enemies":"Lagavulin","floor":11,"turns":3},{"damage":3,"enemies":"2 Fungi Beasts","floor":13,"turns":3},{"damage":29,"enemies":"Gremlin Nob","floor":14,"turns":5},{"damage":49,"enemies":"The Guardian","floor":16,"turns":9}],"seed_played":"8030015649373525322","potions_obtained":[{"floor":7,"key":"blueLaboratory:NullPotion"},{"floor":10,"key":"construct:ShiftPotion"},{"floor":11,"key":"SpeedPotion"}],"is_trial":false,"path_per_floor":["M","?","?","?","$","R","M","M","T","M","E","R","M","E","R","B"],"character_chosen":"THE_CHEF","items_purchased":[],"campfire_rested":1,"item_purchase_floors":[],"current_hp_per_floor":[76,71,71,71,71,71,69,58,58,56,56,56,53,24,46,0,0],"gold":168,"neow_bonus":"RANDOM_COMMON_RELIC","is_daily":false,"chose_seed":false,"campfire_upgraded":1,"win_rate":0.0,"timestamp":1614430430,"path_taken":["M","?","?","?","$","R","M","M","T","M","E","R","M","E","R","BOSS"],"items_purchased_type":[],"build_version":"2020-12-22","purchased_purges":1,"victory":false,"max_hp_per_floor":[76,76,76,76,76,76,76,76,76,76,76,76,76,76,76,76,76],"card_choices":[{"not_picked":["chefmod:VegetableTart","chefmod:Leftovers"],"picked":"chefmod:Fillet","floor":1},{"not_picked":["chefmod:ZaruSoba","chefmod:Gelato"],"picked":"chefmod:HotSoup","floor":7},{"not_picked":["chefmod:Flambe","chefmod:HotSoup"],"picked":"chefmod:LocoMoco","floor":8},{"not_picked":["chefmod:TonkotsuRamen","chefmod:Julienne"],"picked":"chefmod:Chop","floor":10},{"not_picked":["chefmod:Chop","chefmod:HotSoup","chefmod:RisingDough"],"picked":"SKIP","floor":11},{"not_picked":["chefmod:ZaruSoba","chefmod:FullBurn"],"picked":"chefmod:Bruschetta","floor":13},{"not_picked":["chefmod:DinoKale","chefmod:IcePick"],"picked":"chefmod:SearedScallops","floor":14}],"player_experience":225403,"relics_obtained":[{"floor":11,"key":"Boot"},{"floor":14,"key":"Runesmith:Nanobots"}],"event_choices":[{"damage_healed":0,"gold_gain":0,"player_choice":"Box","damage_taken":0,"relics_obtained":["Juzu Bracelet"],"max_hp_gain":0,"max_hp_loss":0,"event_name":"Big Fish","floor":3,"gold_loss":0,"cards_obtained":["Regret"]}],"is_beta":false,"boss_relics":[],"items_purged_floors":[5],"is_endless":false,"potions_floor_spawned":[7,10,11,13],"killed_by":"The Guardian","ascension_level":0}}