{"host":"bvc3bp2iol2n355r","time":1614389801,"event":{"mods":["AchievementEnabler","BaseMod","Dark Map","Downfall","Minty Spire (QoL Compilation)","Relic Stats","StSLib"],"gold_per_floor":[0,19,30,40,58,93,93,93,113,7,38,57,82,93,108,208,208,208,220,220,231,243,243,243,243],"floor_reached":23,"language":"ENG","playtime":1385,"items_purged":[],"score":303,"play_id":"d5c0700f-2d4d-484e-ab7a-ec33c2d93b78","local_time":"20210226203641","is_ascension_mode":true,"campfire_choices":[{"data":"hexamod:Sear","floor":1,"key":"SMITH"},{"data":"hexamod:DynamicBlow","floor":8,"key":"SMITH"},{"data":"hexamod:HexaLevel","floor":18,"key":"SMITH"}],"circlet_count":0,"master_deck":["hexamod:Strike","hexamod:Strike","hexamod:Strike","hexamod:Defend","hexamod:Defend","hexamod:Defend","hexamod:Sear+1","hexamod:Float","hexamod:DynamicBlow+1","hexamod:SoulSteal","hexamod:FlamesFromBeyond","hexamod:HeatShield","hexamod:DynamicBlow","hexamod:Hexaguard","hexamod:VolcanoVisage","hexamod:FirstSeal","hexamod:BurningTouch","hexamod:RainOfEmbers","hexamod:FourthSeal","hexamod:HexaLevel+1","RitualDagger","hexamod:HeatMetal","hexamod:NightmareGuise+1"],"relics":["hexamod:SpiritBrand","hexamod:CandleOfCauterizing","Ice Cream","Peace Pipe","Vajra","Coffee Dripper"],"acts_visited":["Exordium","TheCity"],"potions_floor_usage":[6,11,16,16,21,23],"damage_taken":[{"damage":0,"enemies":"Small Slimes","floor":2,"turns":3},{"damage":4,"enemies":"2 Louse","floor":3,"turns":3},{"damage":0,"enemies":"Jaw Worm","floor":4,"turns":3},{"damage":7,"enemies":"3 Louse","floor":5,"turns":3},{"damage":4,"enemies":"Gremlin Nob","floor":6,"turns":4},{"damage":3,"enemies":"Blue Slaver","floor":9,"turns":3},{"damage":0,"enemies":"downfall:FleeingMerchant","floor":10,"turns":4},{"damage":3,"enemies":"3 Sentries","floor":11,"turns":3},{"damage":15,"enemies":"Exordium Wildlife","floor":12,"turns":3},{"damage":0,"enemies":"Lagavulin","floor":13,"turns":4},{"damage":7,"enemies":"2 Fungi Beasts","floor":14,"turns":3},{"damage":8,"enemies":"Large Slime","floor":15,"turns":3},{"damage":29,"enemies":"WA_ARCHETYPE_RETAIN","floor":16,"turns":6},{"damage":12,"enemies":"Shell Parasite","floor":19,"turns":3},{"damage":2,"enemies":"3 Byrds","floor":21,"turns":3},{"damage":19,"enemies":"Cultist and Chosen","floor":22,"turns":5},{"damage":43,"enemies":"Slavers","floor":23,"turns":2}],"seed_played":"4151089364698445974","potions_obtained":[{"floor":4,"key":"Swift Potion"},{"floor":9,"key":"Regen Potion"},{"floor":12,"key":"SpeedPotion"},{"floor":13,"key":"EssenceOfSteel"},{"floor":14,"key":"Dexterity Potion"},{"floor":16,"key":"BlessingOfTheForge"},{"floor":19,"key":"GamblersBrew"},{"floor":22,"key":"Strength Potion"}],"is_trial":false,"path_per_floor":["R","M","M","M","M","E","T","R","M","$","E","M","E","M","M","B",null,"R","M","?","M","M","E"],"character_chosen":"THE_SPIRIT","items_purchased":["hexamod:FirstSeal","PowerPotion"],"campfire_rested":0,"item_purchase_floors":[10,10],"current_hp_per_floor":[70,70,66,66,59,55,55,55,52,52,56,48,55,55,54,47,64,64,59,53,51,39,0,0,0],"gold":243,"neow_bonus":"REMOVE_TWO","is_daily":false,"chose_seed":false,"campfire_upgraded":3,"win_rate":0.0,"timestamp":1614389801,"path_taken":["R","M","M","M","M","E","T","R","M","$","E","M","E","M","M","BOSS","R","M","?","M","M","E"],"items_purchased_type":["Card","Potion"],"build_version":"2020-12-22","purchased_purges":0,"victory":false,"max_hp_per_floor":[70,70,70,70,70,70,70,70,70,70,70,70,70,70,70,70,70,70,70,70,70,70,70,70,70],"relic_stats":{"Peace Pipe":0,"counters":[17,58],"obtain_stats":[{"Ice Cream":7,"Peace Pipe":11,"hexamod:CandleOfCauterizing":6,"Vajra":13,"Coffee Dripper":17,"hexamod:SpiritBrand":0},{"Ice Cream":5,"Peace Pipe":8,"hexamod:CandleOfCauterizing":5,"Vajra":10,"Coffee Dripper":13,"hexamod:SpiritBrand":0},{"Ice Cream":16,"Peace Pipe":26,"hexamod:CandleOfCauterizing":16,"Vajra":33,"Coffee Dripper":45,"hexamod:SpiritBrand":0}]},"card_choices":[{"not_picked":["hexamod:AdvancingGuard","hexamod:FastForward"],"picked":"hexamod:DynamicBlow","floor":2},{"not_picked":["hexamod:FlamesFromBeyond","hexamod:GhostShield"],"picked":"hexamod:SoulSteal","floor":3},{"not_picked":["hexamod:SpectersWail","hexamod:AdvancingGuard"],"picked":"hexamod:FlamesFromBeyond","floor":4},{"not_picked":["hexamod:Firestarter","hexamod:FastForward"],"picked":"hexamod:HeatShield","floor":5},{"not_picked":["hexamod:Rewind","hexamod:FastForward"],"picked":"hexamod:DynamicBlow","floor":6},{"not_picked":["hexamod:GhostShield","hexamod:ThermalTransfer"],"picked":"hexamod:Hexaguard","floor":9},{"not_picked":["hexamod:InspiringFlames","hexamod:FlamesFromBeyond"],"picked":"hexamod:VolcanoVisage","floor":10},{"not_picked":["hexamod:GhostOfSpireFuture","hexamod:RadiantFlame"],"picked":"hexamod:BurningTouch","floor":11},{"not_picked":["hexamod:FlamesFromBeyond","hexamod:FastForward","hexamod:GhostLash"],"picked":"SKIP","floor":12},{"not_picked":["hexamod:AdvancingGuard","hexamod:ChargedBarrage"],"picked":"hexamod:RainOfEmbers","floor":13},{"not_picked":["hexamod:ChargedBarrage","hexamod:HauntingEcho"],"picked":"hexamod:FourthSeal","floor":14},{"not_picked":["hexamod:RecurringNightmare","hexamod:HexaLevel","hexamod:HauntingEcho"],"picked":"SKIP","floor":15},{"not_picked":["hexamod:GhostOfSpirePresent","hexamod:UnlimitedPower"],"picked":"hexamod:HexaLevel","floor":16},{"not_picked":["hexamod:HauntingEcho+1","hexamod:GhostLash","hexamod:BacktrackSmack"],"picked":"SKIP","floor":19},{"not_picked":["hexamod:SuperheatedStrike+1","hexamod:HeatCrush"],"picked":"hexamod:HeatMetal","floor":21},{"not_picked":["hexamod:Firestarter","hexamod:SpectersWail"],"picked":"hexamod:NightmareGuise+1","floor":22}],"player_experience":609191,"relics_obtained":[{"floor":6,"key":"hexamod:CandleOfCauterizing"},{"floor":7,"key":"Ice Cream"},{"floor":11,"key":"Peace Pipe"},{"floor":13,"key":"Vajra"}],"event_choices":[],"is_beta":false,"boss_relics":[{"not_picked":["Runic Pyramid","Black Star"],"picked":"Coffee Dripper"}],"items_purged_floors":[],"is_endless":false,"potions_floor_spawned":[4,9,12,13,14,16],"killed_by":"Slavers","ascension_level":5}}