{"host":"5hj512uv6i1x1iks","time":1614390675,"event":{"mods":["BaseMod","Block Reminder","Colored Powertips","Minty Spire (QoL Compilation)","Random Character Button","Relic Stats","Slay the Relics Exporter","ojb\u0027s Info Mod: The sequel"],"gold_per_floor":[117,131,131,15,15,15,47,47,47,74,99,99,25,57,57,128,128,153,153,153,177,189,189,214,253,302,227,227,247,79,105,105,185,185,205,222,222,28,28,28,38,52,52,63,63,82,107,158,158,158,158],"floor_reached":50,"language":"ENG","playtime":2059,"items_purged":["Strike_G"],"score":929,"play_id":"2423a24f-b2cb-4f24-bb01-10dee37c2709","local_time":"20210226195115","is_ascension_mode":true,"campfire_choices":[{"data":"Dagger Spray","floor":6.0,"key":"SMITH"},{"data":"Neutralize","floor":8.0,"key":"SMITH"},{"data":"Sucker Punch","floor":12.0,"key":"SMITH"},{"data":"Leg Sweep","floor":15.0,"key":"SMITH"},{"data":"Phantasmal Killer","floor":23.0,"key":"SMITH"},{"data":"Outmaneuver","floor":32.0,"key":"SMITH"},{"data":"Terror","floor":40.0,"key":"SMITH"},{"data":"Flying Knee","floor":49.0,"key":"SMITH"}],"circlet_count":0,"master_deck":["AscendersBane","Strike_G","Strike_G","Strike_G","Defend_G","Defend_G","Defend_G","Defend_G","Defend_G","Survivor","Neutralize+1","Sucker Punch+1","Dagger Spray+1","Noxious Fumes+1","Flying Knee+1","Blade Dance","Leg Sweep+1","Phantasmal Killer+1","Deflect+1","Terror+1","Dodge and Roll+1","Outmaneuver+1","Backflip+1","Slice+1","Die Die Die","Dash+1","Acrobatics","Endless Agony+1"],"relics":["Ring of the Snake","Lantern","CeramicFish","Meat on the Bone","Mercury Hourglass","Runic Pyramid","Enchiridion","Anchor","MealTicket","Happy Flower","Busted Crown","Membership Card","PreservedInsect","Vajra","Pocketwatch"],"acts_visited":["Exordium","TheCity","TheBeyond"],"potions_floor_usage":[],"damage_taken":[{"damage":4.0,"enemies":"Small Slimes","floor":1.0,"turns":3.0},{"damage":0.0,"enemies":"Jaw Worm","floor":2.0,"turns":5.0},{"damage":12.0,"enemies":"Lagavulin","floor":7.0,"turns":7.0},{"damage":0.0,"enemies":"Cultist","floor":10.0,"turns":3.0},{"damage":4.0,"enemies":"Large Slime","floor":11.0,"turns":5.0},{"damage":25.0,"enemies":"3 Sentries","floor":14.0,"turns":7.0},{"damage":23.0,"enemies":"The Guardian","floor":16.0,"turns":12.0},{"damage":0.0,"enemies":"Chosen","floor":18.0,"turns":3.0},{"damage":12.0,"enemies":"Shell Parasite","floor":21.0,"turns":5.0},{"damage":7.0,"enemies":"Cultist and Chosen","floor":22.0,"turns":6.0},{"damage":22.0,"enemies":"Sentry and Sphere","floor":24.0,"turns":6.0},{"damage":16.0,"enemies":"Book of Stabbing","floor":25.0,"turns":6.0},{"damage":1.0,"enemies":"Snake Plant","floor":29.0,"turns":4.0},{"damage":19.0,"enemies":"Centurion and Healer","floor":31.0,"turns":7.0},{"damage":25.0,"enemies":"Automaton","floor":33.0,"turns":13.0},{"damage":5.0,"enemies":"3 Darklings","floor":35.0,"turns":4.0},{"damage":2.0,"enemies":"Orb Walker","floor":36.0,"turns":3.0},{"damage":41.0,"enemies":"Sphere and 2 Shapes","floor":41.0,"turns":8.0},{"damage":2.0,"enemies":"Writhing Mass","floor":42.0,"turns":9.0},{"damage":27.0,"enemies":"Transient","floor":44.0,"turns":6.0},{"damage":22.0,"enemies":"Spire Growth","floor":46.0,"turns":6.0},{"damage":8.0,"enemies":"Reptomancer","floor":47.0,"turns":4.0},{"damage":0.0,"enemies":"2 Orb Walkers","floor":48.0,"turns":3.0},{"damage":52,"enemies":"Time Eater","floor":50,"turns":10}],"seed_played":"7252899932876376365","potions_obtained":[{"floor":7.0,"key":"CunningPotion"},{"floor":10.0,"key":"CultistPotion"},{"floor":14.0,"key":"FearPotion"},{"floor":18.0,"key":"Block Potion"},{"floor":25.0,"key":"SmokeBomb"},{"floor":29.0,"key":"Swift Potion"},{"floor":33.0,"key":"Swift Potion"},{"floor":36.0,"key":"Regen Potion"}],"is_trial":false,"path_per_floor":["M","M","?","$","?","R","E","R","T","M","M","R","$","E","R","B",null,"M","?","?","M","M","R","M","E","T","$","?","M","$","M","R","B",null,"M","M","?","$","?","R","M","M","T","M","?","M","E","?","R","B"],"character_chosen":"THE_SILENT","items_purchased":["Noxious Fumes","Flying Knee","Phantasmal Killer","Happy Flower","Membership Card","Dash","Acrobatics"],"campfire_rested":0,"item_purchase_floors":[4,4,13,30,38,38,38],"current_hp_per_floor":[55,55,55,55,55,55,43,43,43,43,39,39,39,26,26,15,53,53,32,32,32,37,37,27,23,23,38,32,43,58,39,39,26,56,51,49,49,64,64,64,35,45,45,30,30,20,24,36,36,0,0],"gold":158,"neow_bonus":"RANDOM_COMMON_RELIC","is_daily":false,"chose_seed":false,"campfire_upgraded":8,"win_rate":0.0,"timestamp":1614390675,"path_taken":["M","M","?","$","?","R","E","R","T","M","?","R","$","E","R","BOSS","M","?","?","?","M","R","M","E","T","$","?","?","$","M","R","BOSS","M","M","?","$","?","R","M","M","T","?","?","M","E","?","R","BOSS"],"items_purchased_type":["Card","Card","Card","Relic","Relic","Card","Card"],"build_version":"2020-12-22","purchased_purges":1,"victory":false,"max_hp_per_floor":[66,66,66,66,66,66,66,66,66,66,66,66,66,66,66,66,66,66,66,66,66,66,66,66,66,66,66,66,66,66,66,66,66,66,66,66,66,66,66,66,66,66,66,66,66,66,66,66,66,66,66],"relic_stats":{"Busted Crown":18,"Happy Flower":[24],"counters":[24,145],"CeramicFish":117,"MealTicket":45,"PreservedInsect":62,"obtain_stats":[{"Lantern":0,"Happy Flower":30,"CeramicFish":7,"Enchiridion":19,"Vajra":47,"PreservedInsect":43,"Mercury Hourglass":14,"Anchor":25,"Busted Crown":34,"MealTicket":26,"Membership Card":38,"Ring of the Snake":0,"Meat on the Bone":9,"Runic Pyramid":17,"Pocketwatch":48},{"Lantern":0,"Happy Flower":13,"CeramicFish":3,"Enchiridion":8,"Vajra":22,"PreservedInsect":19,"Mercury Hourglass":6,"Anchor":12,"Busted Crown":15,"MealTicket":12,"Membership Card":17,"Ring of the Snake":0,"Meat on the Bone":3,"Runic Pyramid":7,"Pocketwatch":23},{"Lantern":0,"Happy Flower":72,"CeramicFish":15,"Enchiridion":45,"Vajra":132,"PreservedInsect":116,"Mercury Hourglass":30,"Anchor":68,"Busted Crown":92,"MealTicket":68,"Membership Card":99,"Ring of the Snake":0,"Meat on the Bone":15,"Runic Pyramid":42,"Pocketwatch":135}],"Ring of the Snake":[49],"Meat on the Bone":156,"Mercury Hourglass":[369],"Pocketwatch":[1]},"card_choices":[{"not_picked":["Acrobatics","PiercingWail"],"picked":"Sucker Punch","floor":1.0},{"not_picked":["Cloak And Dagger","Acrobatics"],"picked":"Dagger Spray","floor":2.0},{"not_picked":["Dagger Spray","Cloak And Dagger","Skewer"],"picked":"SKIP","floor":7.0},{"not_picked":["Outmaneuver","Dagger Spray"],"picked":"Blade Dance","floor":10.0},{"not_picked":["Quick Slash","Reflex"],"picked":"Leg Sweep","floor":11.0},{"not_picked":["Setup","Cloak And Dagger","Underhanded Strike"],"picked":"SKIP","floor":14.0},{"not_picked":["Dodge and Roll","Backstab"],"picked":"Deflect+1","floor":18.0},{"not_picked":["PiercingWail","Quick Slash"],"picked":"Terror","floor":21.0},{"not_picked":["Prepared","Sucker Punch+1","Bane"],"picked":"SKIP","floor":22.0},{"not_picked":["Poisoned Stab","Crippling Poison"],"picked":"Dodge and Roll+1","floor":24.0},{"not_picked":["Quick Slash+1","Blade Dance"],"picked":"Outmaneuver","floor":25.0},{"not_picked":["Dodge and Roll","Tactician"],"picked":"Backflip+1","floor":29.0},{"not_picked":["Dagger Throw","Envenom"],"picked":"Slice+1","floor":31.0},{"not_picked":["A Thousand Cuts","Envenom"],"picked":"Die Die Die","floor":33.0},{"not_picked":["Deflect"],"picked":"SKIP","floor":35.0},{"not_picked":["Tactician+1"],"picked":"SKIP","floor":36.0},{"not_picked":["Bane"],"picked":"SKIP","floor":41.0},{"not_picked":["Well Laid Plans"],"picked":"SKIP","floor":42.0},{"not_picked":["Crippling Poison"],"picked":"SKIP","floor":44.0},{"not_picked":[],"picked":"Endless Agony+1","floor":46.0},{"not_picked":["Expertise"],"picked":"SKIP","floor":47.0}],"player_experience":664825,"relics_obtained":[{"floor":7.0,"key":"CeramicFish"},{"floor":9.0,"key":"Meat on the Bone"},{"floor":14.0,"key":"Mercury Hourglass"},{"floor":19.0,"key":"Enchiridion"},{"floor":25.0,"key":"Anchor"},{"floor":26.0,"key":"MealTicket"},{"floor":43.0,"key":"PreservedInsect"},{"floor":47.0,"key":"Vajra"},{"floor":48.0,"key":"Pocketwatch"}],"event_choices":[{"damage_healed":0.0,"max_hp_gain":0.0,"max_hp_loss":0.0,"gold_gain":0.0,"event_name":"Shining Light","player_choice":"Ignored","floor":3.0,"gold_loss":0.0,"damage_taken":0.0},{"damage_healed":0.0,"max_hp_gain":0.0,"max_hp_loss":0.0,"gold_gain":0.0,"event_name":"Upgrade Shrine","player_choice":"Upgraded","floor":5.0,"gold_loss":0.0,"damage_taken":0.0,"cards_upgraded":["Noxious Fumes"]},{"damage_healed":0.0,"max_hp_gain":0.0,"max_hp_loss":0.0,"gold_gain":0.0,"event_name":"Cursed Tome","player_choice":"Obtained Book","floor":19.0,"gold_loss":0.0,"damage_taken":21.0},{"cards_removed":["Strike_G"],"damage_healed":0.0,"max_hp_gain":0.0,"max_hp_loss":0.0,"gold_gain":0.0,"event_name":"Bonfire Elementals","player_choice":"Offered Basic","floor":20.0,"gold_loss":0.0,"damage_taken":0.0},{"damage_healed":0.0,"max_hp_gain":0.0,"max_hp_loss":0.0,"gold_gain":0.0,"event_name":"Knowing Skull","player_choice":"","floor":28.0,"potions_obtained":[],"gold_loss":0.0,"damage_taken":6.0,"cards_obtained":[]},{"damage_healed":0.0,"max_hp_gain":0.0,"max_hp_loss":0.0,"gold_gain":0.0,"event_name":"SensoryStone","player_choice":"Memory 1","floor":37.0,"gold_loss":0.0,"damage_taken":0.0},{"damage_healed":0.0,"max_hp_gain":0.0,"max_hp_loss":0.0,"gold_gain":0.0,"event_name":"Accursed Blacksmith","player_choice":"Forge","floor":39.0,"gold_loss":0.0,"damage_taken":0.0,"cards_upgraded":["Dash"]},{"damage_healed":0.0,"max_hp_gain":0.0,"max_hp_loss":0.0,"gold_gain":0.0,"event_name":"The Moai Head","player_choice":"Ignored","floor":45.0,"gold_loss":0.0,"damage_taken":0.0},{"damage_healed":0.0,"max_hp_gain":0.0,"max_hp_loss":0.0,"gold_gain":0.0,"event_name":"Mysterious Sphere","player_choice":"Fight","floor":48.0,"gold_loss":0.0,"damage_taken":0.0}],"is_beta":false,"boss_relics":[{"not_picked":["Snecko Eye","Calling Bell"],"picked":"Runic Pyramid"},{"not_picked":["WristBlade","Tiny House"],"picked":"Busted Crown"}],"items_purged_floors":[27],"is_endless":false,"potions_floor_spawned":[7,10,14,18,25,29,31,33,35,36,42,46],"killed_by":"Time Eater","ascension_level":17}}