{"host":"h49usdrjeju7gyhi","time":1614393343,"event":{"mods":["BaseMod","Bestiary","Colored Map","Minty Spire (QoL Compilation)","StSLib","The Animator"],"gold_per_floor":[124,156,156,175,189,189,199,199,271,271,308,323,5,23,23,100,100,143,162,162,162],"floor_reached":20,"language":"ENG","playtime":1106,"items_purged":["animator:Strike"],"score":356,"play_id":"39c269ae-beb4-4627-8175-7ae083953beb","local_time":"20210226213543","is_ascension_mode":true,"campfire_choices":[{"data":"animator:AcuraShin","floor":6,"key":"SMITH"},{"data":"animator:Tyuule","floor":8,"key":"SMITH"},{"data":"animator:Kaijin","floor":10,"key":"SMITH"},{"floor":15,"key":"REST"}],"circlet_count":0,"master_deck":["AscendersBane","animator:Strike_AccelWorld","animator:Defend_AccelWorld","animator:Strike+1","animator:Strike","animator:Defend","animator:Defend","animator:Defend","animator:Kuroyukihime","animator:LimeBell","animator:AcuraShin+1","animator:Kaijin+1","animator:Shinoa","animator:Elesis","animator:Tyuule+1","animator:Shigure","animator:Layla","animator:KrulTepes","animator:Guren","animator:Shigure","animator:Rimuru","animator:Yuuichirou","animator:Shigure"],"relics":["animator:LivingPicture","animator:ColorlessFragment","animator:PurgingStone","Eternal Feather","PreservedInsect","Sozu"],"acts_visited":["Exordium","TheCity"],"potions_floor_usage":[5,13,14],"damage_taken":[{"damage":0,"enemies":"2 Louse","floor":1,"turns":3},{"damage":0,"enemies":"Cultist","floor":2,"turns":5},{"damage":4,"enemies":"Jaw Worm","floor":4,"turns":5},{"damage":7,"enemies":"Looter","floor":5,"turns":5},{"damage":8,"enemies":"Blue Slaver","floor":7,"turns":5},{"damage":15,"enemies":"Lagavulin","floor":11,"turns":5},{"damage":12,"enemies":"Exordium Wildlife","floor":12,"turns":3},{"damage":1,"enemies":"2 Fungi Beasts","floor":14,"turns":3},{"damage":20,"enemies":"Hexaghost","floor":16,"turns":7},{"damage":15,"enemies":"3 Byrds","floor":18,"turns":4},{"damage":25,"enemies":"Shell Parasite","floor":19,"turns":5},{"damage":22,"enemies":"Snake Plant","floor":20,"turns":2}],"seed_played":"-3500569637867589678","potions_obtained":[{"floor":1,"key":"FearPotion"},{"floor":2,"key":"SteroidPotion"},{"floor":7,"key":"ColorlessPotion"},{"floor":12,"key":"Fruit Juice"},{"floor":16,"key":"SpeedPotion"}],"is_trial":false,"path_per_floor":["M","M","?","M","M","R","M","R","T","R","E","M","$","M","R","B",null,"M","M","M"],"character_chosen":"THE_ANIMATOR","items_purchased":["animator:ColorlessFragment","Energy Potion"],"campfire_rested":1,"item_purchase_floors":[13,13],"current_hp_per_floor":[54,54,54,50,44,44,36,36,36,45,30,19,24,23,55,36,60,45,20,0,0],"gold":162,"neow_bonus":"ONE_RANDOM_RARE_CARD","is_daily":false,"chose_seed":false,"campfire_upgraded":3,"win_rate":0.0,"timestamp":1614393343,"path_taken":["M","M","?","M","M","R","M","R","T","R","E","M","$","M","R","BOSS","M","?","M"],"items_purchased_type":["Relic","Potion"],"build_version":"2020-12-22","purchased_purges":1,"victory":false,"max_hp_per_floor":[60,60,60,60,61,61,61,61,61,61,61,62,67,67,67,68,68,68,68,68,68],"card_choices":[{"not_picked":["animator:YunYun","animator:TukaLunaMarceau"],"picked":"animator:Kaijin","floor":1},{"not_picked":["animator:Archer","animator:Chung"],"picked":"animator:Shinoa","floor":2},{"not_picked":["animator:Shuna","animator:ShinjiMatou"],"picked":"animator:Tyuule","floor":4},{"not_picked":["animator:Mitsuba","animator:Yuuichirou"],"picked":"animator:Shigure","floor":5},{"not_picked":["animator:Bozes","animator:Verdia"],"picked":"animator:Layla","floor":7},{"not_picked":["animator:Darkness","animator:YaoHaDucy"],"picked":"animator:KrulTepes","floor":11},{"not_picked":["animator:EmiyaShirou","animator:Laby"],"picked":"animator:Guren","floor":12},{"not_picked":["animator:Sebas","animator:Vesta"],"picked":"animator:Shigure","floor":14},{"not_picked":["animator:Gilgamesh","animator:ChaikaTrabant"],"picked":"animator:Rimuru","floor":16},{"not_picked":["animator:Chris+1","animator:Shinoa"],"picked":"animator:Yuuichirou","floor":18},{"not_picked":["animator:Yuuichirou","animator:Shinoa"],"picked":"animator:Shigure","floor":19}],"player_experience":1619101,"relics_obtained":[{"floor":9,"key":"Eternal Feather"},{"floor":11,"key":"PreservedInsect"}],"event_choices":[{"damage_healed":0,"gold_gain":0,"player_choice":"1 cards matched","damage_taken":0,"max_hp_gain":0,"max_hp_loss":0,"event_name":"Match and Keep!","floor":3,"gold_loss":0,"cards_obtained":["animator:Elesis"]},{"damage_healed":0,"gold_gain":0,"player_choice":"1 cards matched","damage_taken":0,"max_hp_gain":0,"max_hp_loss":0,"event_name":"Match and Keep!","floor":3,"gold_loss":0,"cards_obtained":["animator:Elesis"]},{"damage_healed":0,"gold_gain":0,"player_choice":"1 cards matched","damage_taken":0,"max_hp_gain":0,"max_hp_loss":0,"event_name":"Match and Keep!","floor":3,"gold_loss":0,"cards_obtained":["animator:Elesis"]}],"is_beta":false,"boss_relics":[{"not_picked":["Pandora\u0027s Box","animator:VividPicture"],"picked":"Sozu"}],"items_purged_floors":[13],"is_endless":false,"potions_floor_spawned":[1,2,7,12,16,19],"killed_by":"Snake Plant","ascension_level":20}}