{"host":"v63m4f6t57xrjbnq","time":1614446982,"event":{"mods":["100% Spire Juice","ATMod(阿瑾Mod)","Act Like it!","Arknights","BaseMod","Colored Powertips","Dota2Spire","Downfall","Energized Spire","Gensokyo","Hallownest","KinomotoSakuraMod(木之本樱)","KomeijiMod","LagranYue(拉格朗・月)","Lobotomy","LobotomyExtend","Marisa（F雨　魔理沙）","Marked Mod","Minty Spire (QoL Compilation)","Quick Restart","Reimu（博丽灵梦）","Relic Filter Mod","Remilia（蕾米莉亚）","Replay The Spire","RumiaBox-露米娅的神秘盒子","StSLib","The Administrix","The Marked","The Senshi","The Servant 0.9.4","Waifu the Spire","WarShipGirlsR/战舰少女R mod","Yakumo Yukari mod","Youmu（魂魄妖梦）","Yuyuko","【遗物卡牌】REMEMod"],"gold_per_floor":[118,118,138,138,138,138,138],"floor_reached":6,"language":"ZHS","playtime":206,"items_purged":[],"score":108,"play_id":"70629c73-2f33-4ea7-aafd-4d00e7c7f269","local_time":"20210228012942","is_ascension_mode":true,"campfire_choices":[],"circlet_count":0,"master_deck":["AscendersBane","ats:Strike C","ats:Strike G","ats:Strike S","ats:Strike V","ats:Armor Crushing Shot","ats:Defend","ats:Defend","ats:Defend","ats:Defend","ats:Emotion Absorption","CurseOfTheBell","ats:Curse Doll","ats:Demon Strength","Injury","ats:Sunburst+1"],"relics":["AT_ATBox","REME_ComplimentaryCards","LagranYue:RandomDrawCardRelic","Calling Bell","Lantern","Dota2Spire:EtherealBlade","Thread and Needle","Baka","Strawberry","LagranYue:WskJewelryRelic"],"acts_visited":["Gensokyo:Gensokyo"],"potions_floor_usage":[6],"damage_taken":[{"damage":8.0,"enemies":"Gensokyo:Python","floor":1.0,"turns":4.0},{"damage":30.0,"enemies":"Gensokyo:2_Kodama","floor":3.0,"turns":5.0},{"damage":25,"enemies":"Gensokyo:Aya","floor":6,"turns":6}],"seed_played":"-81249837708779206","potions_obtained":[{"floor":3.0,"key":"GrandPatriotsElixir:ReiMu"}],"is_trial":false,"path_per_floor":["M","?","M","?","?","E"],"character_chosen":"DOCTOR_CLASS","items_purchased":[],"campfire_rested":0,"item_purchase_floors":[],"current_hp_per_floor":[57,54,24,24,24,0,0],"gold":138,"neow_bonus":"BOSS_RELIC","is_daily":false,"chose_seed":false,"campfire_upgraded":0,"win_rate":0.0,"timestamp":1614446982,"path_taken":["M","?","?","?","?","E"],"items_purchased_type":[],"build_version":"2020-12-22","purchased_purges":0,"victory":false,"max_hp_per_floor":[72,79,109,109,109,109,109],"card_choices":[{"not_picked":["ats:Apocalypse","ats:Shell Defense"],"picked":"ats:Curse Doll","floor":1.0},{"not_picked":["ats:Powerful Strike","ats:Hammer On"],"picked":"ats:Demon Strength","floor":3.0}],"player_experience":285820,"relics_obtained":[{"floor":0.0,"key":"Lantern"},{"floor":0.0,"key":"Dota2Spire:EtherealBlade"},{"floor":0.0,"key":"Thread and Needle"},{"floor":1.0,"key":"Baka"}],"event_choices":[],"is_beta":false,"boss_relics":[],"items_purged_floors":[],"is_endless":false,"potions_floor_spawned":[3],"killed_by":"Gensokyo:Aya","ascension_level":14}}