{"host":"mvhzznpw3ffw85pv","time":1614415866,"event":{"mods":["AchievementEnabler","BaseMod","Bestiary","Block Reminder","Colored Map","Highlight Path","Minty Spire (QoL Compilation)","Relic Stats"],"gold_per_floor":[366,541,177,177,196,196,271,72,142,154,188,188,188,213,213,287,287,306,306,326,345,361,361,392,392,392,421,437,452,207,0,0,0,0],"floor_reached":33,"language":"ENG","playtime":2652,"items_purged":["Doubt","Strike_P"],"score":541,"play_id":"7ea12973-5940-41e8-ac38-949123d31cfa","local_time":"20210227035106","is_ascension_mode":true,"campfire_choices":[{"data":"BowlingBash","floor":6,"key":"SMITH"},{"floor":13,"key":"REST"},{"data":"Eruption","floor":15,"key":"SMITH"},{"data":"Wallop","floor":23,"key":"SMITH"},{"floor":25,"key":"REST"},{"floor":32,"key":"REST"}],"circlet_count":0,"master_deck":["AscendersBane","Strike_P","Strike_P","Defend_P","Defend_P","Defend_P","Eruption+1","Vigilance","BowlingBash+1","BowlingBash","Evaluate+1","BattleHymn+1","Wallop+1","ConjureBlade","Collect+1","CutThroughFate+1","Adaptation+1","LikeWater+1","ThirdEye+1","ClearTheMind","InnerPeace","Vault"],"relics":["PureWater","Torii","Bronze Scales","Question Card","Frozen Egg 2","White Beast Statue","Empty Cage","PreservedInsect","StrikeDummy","Prayer Wheel","OrangePellets"],"acts_visited":["Exordium","TheCity"],"potions_floor_usage":[14,16,21,21,24,24,24,24,28,29,33,33],"damage_taken":[{"damage":0,"enemies":"Jaw Worm","floor":1,"turns":5},{"damage":0,"enemies":"2 Louse","floor":5,"turns":1},{"damage":0,"enemies":"Small Slimes","floor":10,"turns":2},{"damage":23,"enemies":"3 Sentries","floor":11,"turns":7},{"damage":0,"enemies":"Gremlin Nob","floor":14,"turns":2},{"damage":9,"enemies":"Slime Boss","floor":16,"turns":5},{"damage":29,"enemies":"2 Thieves","floor":18,"turns":4},{"damage":4,"enemies":"3 Byrds","floor":20,"turns":3},{"damage":1,"enemies":"Sentry and Sphere","floor":21,"turns":3},{"damage":2,"enemies":"Centurion and Healer","floor":22,"turns":5},{"damage":23,"enemies":"Book of Stabbing","floor":24,"turns":4},{"damage":18,"enemies":"Gremlin Leader","floor":27,"turns":3},{"damage":0,"enemies":"Chosen and Byrds","floor":28,"turns":5},{"damage":1,"enemies":"Shelled Parasite and Fungi","floor":29,"turns":3},{"damage":89,"enemies":"Champ","floor":33,"turns":10}],"seed_played":"-5790756882789409731","potions_obtained":[{"floor":10,"key":"SkillPotion"},{"floor":11,"key":"Fire Potion"},{"floor":16,"key":"Fire Potion"},{"floor":18,"key":"SkillPotion"},{"floor":21,"key":"EntropicBrew"},{"floor":22,"key":"ColorlessPotion"},{"floor":24,"key":"SpeedPotion"},{"floor":27,"key":"Weak Potion"},{"floor":28,"key":"Block Potion"},{"floor":29,"key":"Fire Potion"}],"is_trial":false,"path_per_floor":["M","?","$","?","M","R","?","$","T","M","E","?","R","E","R","B",null,"M","T","M","M","M","R","E","R","T","E","M","M","$","?","R","B"],"character_chosen":"WATCHER","items_purchased":["Torii","Bronze Scales","Evaluate","OrangePellets"],"campfire_rested":3,"item_purchase_floors":[3,8,8,30],"current_hp_per_floor":[43,43,43,48,48,48,37,37,37,37,14,14,35,35,35,26,61,32,32,28,27,25,25,2,23,23,5,5,4,4,4,25,0,0],"gold":0,"neow_bonus":"TWO_FIFTY_GOLD","is_daily":false,"chose_seed":false,"campfire_upgraded":3,"win_rate":0.0,"timestamp":1614415866,"path_taken":["M","?","$","?","M","R","?","$","T","M","E","?","R","E","R","BOSS","M","?","M","M","M","R","E","R","T","E","M","M","$","?","R","BOSS"],"items_purchased_type":["Relic","Relic","Card","Relic"],"build_version":"2020-12-22","purchased_purges":2,"victory":false,"max_hp_per_floor":[68,68,68,73,73,73,73,73,73,73,73,73,73,73,73,73,73,73,73,73,73,73,73,73,73,73,73,73,73,73,73,73,73,73],"relic_stats":{"OrangePellets":[0],"Torii":35,"counters":[15,62],"Bronze Scales":[156],"Prayer Wheel":2,"PreservedInsect":45,"Question Card":14,"obtain_stats":[{"OrangePellets":30,"Torii":3,"Bronze Scales":8,"Prayer Wheel":27,"PreservedInsect":24,"PureWater":0,"Frozen Egg 2":11,"Question Card":9,"Empty Cage":17,"StrikeDummy":26,"White Beast Statue":14},{"OrangePellets":14,"Torii":1,"Bronze Scales":2,"Prayer Wheel":12,"PreservedInsect":11,"PureWater":0,"Frozen Egg 2":4,"Question Card":2,"Empty Cage":6,"StrikeDummy":11,"White Beast Statue":5},{"OrangePellets":52,"Torii":5,"Bronze Scales":6,"Prayer Wheel":44,"PreservedInsect":41,"PureWater":0,"Frozen Egg 2":15,"Question Card":6,"Empty Cage":22,"StrikeDummy":41,"White Beast Statue":17}]},"card_choices":[{"not_picked":["Evaluate","ClearTheMind"],"picked":"BowlingBash","floor":1},{"not_picked":["Study","Protect"],"picked":"BowlingBash","floor":5},{"not_picked":["ClearTheMind","Vengeance","Crescendo","Evaluate"],"picked":"SKIP","floor":10},{"not_picked":["InnerPeace","Evaluate","DevaForm+1"],"picked":"BattleHymn+1","floor":11},{"not_picked":["JustLucky","Prostrate","FlyingSleeves"],"picked":"Wallop","floor":14},{"not_picked":["Judgement","SpiritShield","Brilliance"],"picked":"ConjureBlade","floor":16},{"not_picked":["CrushJoints","FlurryOfBlows","JustLucky"],"picked":"Collect+1","floor":18},{"not_picked":["PathToVictory","FollowUp","Protect","Crescendo"],"picked":"SKIP","floor":20},{"not_picked":["FearNoEvil","Weave","JustLucky"],"picked":"CutThroughFate+1","floor":21},{"not_picked":["FlyingSleeves","FlurryOfBlows","FollowUp"],"picked":"Adaptation+1","floor":22},{"not_picked":["LessonLearned","FearNoEvil","PathToVictory","DeusExMachina"],"picked":"SKIP","floor":24},{"not_picked":["ForeignInfluence","Nirvana+1","Omniscience"],"picked":"LikeWater+1","floor":27},{"not_picked":["Halt","Prostrate","CrushJoints"],"picked":"ThirdEye+1","floor":28},{"not_picked":["Wireheading+1","JustLucky","CutThroughFate"],"picked":"ClearTheMind","floor":28},{"not_picked":["SignatureMove","Collect","FearNoEvil+1"],"picked":"InnerPeace","floor":29},{"not_picked":["Evaluate","SashWhip","FollowUp"],"picked":"Vault","floor":29}],"player_experience":684715,"relics_obtained":[{"floor":9,"key":"Question Card"},{"floor":11,"key":"Frozen Egg 2"},{"floor":14,"key":"White Beast Statue"},{"floor":24,"key":"PreservedInsect"},{"floor":26,"key":"StrikeDummy"},{"floor":27,"key":"Prayer Wheel"}],"event_choices":[{"damage_healed":0,"gold_gain":175,"player_choice":"AGREE","damage_taken":0,"max_hp_gain":0,"max_hp_loss":0,"event_name":"Liars Game","floor":2,"gold_loss":0,"cards_obtained":["Doubt"]},{"damage_healed":0,"gold_gain":0,"player_choice":"Donut","damage_taken":0,"max_hp_gain":5,"max_hp_loss":0,"event_name":"Big Fish","floor":4,"gold_loss":0},{"damage_healed":0,"gold_gain":75,"player_choice":"Gather Gold","damage_taken":11,"max_hp_gain":0,"max_hp_loss":0,"event_name":"World of Goop","floor":7,"gold_loss":0},{"damage_healed":0,"gold_gain":0,"player_choice":"Upgraded","damage_taken":0,"max_hp_gain":0,"max_hp_loss":0,"event_name":"Upgrade Shrine","floor":12,"gold_loss":0,"cards_upgraded":["Evaluate"]},{"damage_healed":0,"gold_gain":0,"player_choice":"Paid Fearfully","damage_taken":0,"max_hp_gain":0,"max_hp_loss":0,"event_name":"Masked Bandits","floor":31,"gold_loss":207}],"is_beta":false,"boss_relics":[{"not_picked":["Sozu","Tiny House"],"picked":"Empty Cage"}],"items_purged_floors":[3,30],"is_endless":false,"potions_floor_spawned":[10,11,16,18,20,21,22,24,27,28,29],"killed_by":"Champ","ascension_level":14}}