{"host":"y2pjqcsmy9rp2w9n","time":1614443005,"event":{"mods":["BaseMod","Curses Come First","Downfall","Highlight Path","Marisa????????","Minty Spire (QoL Compilation)","StSLib","The Cursed","The Hierophant"],"gold_per_floor":[110,60,135,146,49,49,68,68,68,79,254,279,308,106,106,223,223,234,134,149,199,216,216,228,228,251,280,299,299,299,310,310,310,310],"floor_reached":33,"language":"ENG","playtime":1384,"items_purged":["Doubt","All For One"],"score":257,"play_id":"95a6c6c3-12f2-409a-8e3b-0988e94d81b0","local_time":"20210227102325","is_ascension_mode":false,"campfire_choices":[{"data":"Cold Snap","floor":6,"key":"SMITH"},{"data":"Ball Lightning","floor":8,"key":"SMITH"},{"data":"Go for the Eyes","floor":15,"key":"SMITH"},{"floor":23,"key":"REST"},{"floor":25,"key":"REST"},{"floor":32,"key":"REST"}],"circlet_count":0,"master_deck":["Strike_B","Strike_B","Strike_B","Defend_B","Defend_B","Defend_B","Defend_B","Zap","Dualcast","Cold Snap+1","Go for the Eyes+1","Tempest","Leap","Ball Lightning+1","Leap","Creative AI","Conserve Battery","Leap+1","Scrape","Beam Cell+1"],"relics":["Cracked Core","NeowsBlessing","Matryoshka","Blood Vial","MawBank","SlaversCollar","Juzu Bracelet","Happy Flower","Bag of Marbles","Mercury Hourglass"],"acts_visited":["Exordium","TheCity"],"potions_floor_usage":[16,16,16,22,27,31],"damage_taken":[{"damage":0,"enemies":"2 Louse","floor":1,"turns":1},{"damage":0,"enemies":"Jaw Worm","floor":4,"turns":1},{"damage":0,"enemies":"Cultist","floor":7,"turns":1},{"damage":3,"enemies":"Large Slime","floor":10,"turns":4},{"damage":0,"enemies":"Blue Slaver","floor":13,"turns":3},{"damage":54,"enemies":"Slime Boss","floor":16,"turns":10},{"damage":20,"enemies":"Shell Parasite","floor":18,"turns":9},{"damage":18,"enemies":"Spheric Guardian","floor":20,"turns":6},{"damage":4,"enemies":"Snake Plant","floor":22,"turns":6},{"damage":17,"enemies":"Sentry and Sphere","floor":24,"turns":7},{"damage":27,"enemies":"Gremlin Leader","floor":27,"turns":7},{"damage":14,"enemies":"Shelled Parasite and Fungi","floor":28,"turns":11},{"damage":8,"enemies":"Chosen and Byrds","floor":31,"turns":4},{"damage":66,"enemies":"Automaton","floor":33,"turns":6}],"seed_played":"-5304300108173456190","potions_obtained":[{"floor":4,"key":"ColorlessPotion"},{"floor":7,"key":"Dexterity Potion"},{"floor":10,"key":"hexamod:SoulburnPotion"},{"floor":20,"key":"FocusPotion"},{"floor":22,"key":"Fruit Juice"},{"floor":27,"key":"DuplicationPotion"},{"floor":28,"key":"LiquidMemories"}],"is_trial":false,"path_per_floor":["M","?","?","M","$","R","M","R","T","M","?","T","M","$","R","B",null,"M","$","M","?","M","R","M","R","T","E","M","?","?","M","R","B"],"character_chosen":"DEFECT","items_purchased":["Tempest","Leap","All For One"],"campfire_rested":3,"item_purchase_floors":[5,5,14],"current_hp_per_floor":[75,75,64,64,64,64,64,64,64,61,61,61,63,63,63,11,75,55,55,39,39,42,66,51,75,75,50,38,38,38,32,56,0,0],"gold":310,"neow_bonus":"THREE_ENEMY_KILL","is_daily":false,"chose_seed":false,"campfire_upgraded":3,"win_rate":0.0,"timestamp":1614443005,"path_taken":["M","?","?","M","?","R","M","R","T","M","?","?","M","$","R","BOSS","M","$","M","?","M","R","?","R","T","E","M","?","?","M","R","BOSS"],"items_purchased_type":["Card","Card","Card"],"build_version":"2020-12-22","purchased_purges":2,"victory":false,"max_hp_per_floor":[75,75,75,75,75,75,75,75,75,75,75,75,75,75,75,75,75,75,75,75,75,80,80,80,80,80,80,80,80,80,80,80,80,80],"card_choices":[{"not_picked":["Rebound","Steam"],"picked":"Cold Snap","floor":1},{"not_picked":["Sweeping Beam","Hologram"],"picked":"Go for the Eyes","floor":4},{"not_picked":["Compile Driver","Static Discharge"],"picked":"Ball Lightning","floor":7},{"not_picked":["Fusion","Stack"],"picked":"Leap","floor":10},{"not_picked":["Rebound","Beam Cell","Gash"],"picked":"SKIP","floor":13},{"not_picked":["Meteor Strike","Biased Cognition"],"picked":"Creative AI","floor":16},{"not_picked":["Streamline","Reprogram","Cold Snap+1"],"picked":"SKIP","floor":18},{"not_picked":["Chill+1","Aggregate"],"picked":"Conserve Battery","floor":20},{"not_picked":["Steam Power+1","Stack"],"picked":"Leap+1","floor":22},{"not_picked":["Compile Driver","Ball Lightning","FTL"],"picked":"SKIP","floor":24},{"not_picked":["Gash","Beam Cell"],"picked":"Scrape","floor":27},{"not_picked":["Leap","Undo","Chaos"],"picked":"SKIP","floor":28},{"not_picked":["Go for the Eyes+1","Streamline"],"picked":"Beam Cell+1","floor":31}],"player_experience":131502,"relics_obtained":[{"floor":9,"key":"Matryoshka"},{"floor":12,"key":"Blood Vial"},{"floor":12,"key":"MawBank"},{"floor":26,"key":"Juzu Bracelet"},{"floor":26,"key":"Happy Flower"},{"floor":27,"key":"Bag of Marbles"}],"event_choices":[{"cards_removed":["Strike_B"],"damage_healed":0,"gold_gain":0,"player_choice":"Card Removal","damage_taken":0,"max_hp_gain":0,"max_hp_loss":0,"event_name":"The Cleric","floor":2,"gold_loss":50},{"damage_healed":0,"gold_gain":75,"player_choice":"Gather Gold","damage_taken":11,"max_hp_gain":0,"max_hp_loss":0,"event_name":"World of Goop","floor":3,"gold_loss":0},{"damage_healed":0,"gold_gain":175,"player_choice":"AGREE","damage_taken":0,"max_hp_gain":0,"max_hp_loss":0,"event_name":"Liars Game","floor":11,"gold_loss":0,"cards_obtained":["Doubt"]},{"damage_healed":0,"gold_gain":100,"player_choice":"Bet on Murderer","damage_taken":0,"max_hp_gain":0,"max_hp_loss":0,"event_name":"The Joust","floor":21,"gold_loss":50},{"damage_healed":0,"gold_gain":0,"player_choice":"Opened","damage_taken":0,"relics_obtained":["Mercury Hourglass"],"max_hp_gain":0,"max_hp_loss":0,"event_name":"The Mausoleum","floor":29,"gold_loss":0,"cards_obtained":["Writhe"]},{"cards_removed":["Writhe"],"damage_healed":0,"gold_gain":0,"player_choice":"Purged","damage_taken":0,"max_hp_gain":0,"max_hp_loss":0,"event_name":"Purifier","floor":30,"gold_loss":0}],"is_beta":false,"boss_relics":[{"not_picked":["Inserter","Coffee Dripper"],"picked":"SlaversCollar"}],"items_purged_floors":[14,19],"is_endless":false,"potions_floor_spawned":[4,7,10,20,22,27,28],"killed_by":"Automaton","ascension_level":0}}