{"host":"d02vqrhhew441p6s","time":1614391005,"event":{"mods":["BaseMod","Downfall","Duelist Mod","Halation","Infinite Spire","Minty Spire (QoL Compilation)","StSLib"],"gold_per_floor":[125,125,125,125,125,125,125,160,174,209,209,243,243,274,285,381,381,281,295,309,309,309,325,325,325,325],"floor_reached":25,"language":"ENG","playtime":1061,"items_purged":[],"score":349,"play_id":"f46f2322-2fa3-42e4-9818-2e46a5675239","local_time":"20210227025645","is_ascension_mode":true,"campfire_choices":[{"data":"theDuelist:BabyDragon","floor":1,"key":"SMITH"},{"floor":11,"key":"REST"},{"data":"theDuelist:GaiaDragonChamp","floor":18,"key":"SMITH"}],"circlet_count":0,"master_deck":["theDuelist:CaveDragon+1","theDuelist:AncientDragon+1","theDuelist:BlasterDragonInfernos+1","theDuelist:Sparks","theDuelist:YamataDragon+1","theDuelist:CastleWalls","AscendersBane","theDuelist:GaiaDragonChamp+1","theDuelist:LesserDragon+1","theDuelist:CastleWalls","theDuelist:Mountain","theDuelist:DarkHorus+1","theDuelist:BabyDragon+1","theDuelist:CaveDragon+1","theDuelist:Sparks","theDuelist:LesserDragon+1","theDuelist:RainbowOverdragon+1","Mayhem","theDuelist:SliferSky+1","theDuelist:CyberDragonCore","theDuelist:FeatherPho+1","theDuelist:ChimeratechOverdragon"],"relics":["theDuelist:MillenniumPuzzle","theDuelist:CardPoolRelic","theDuelist:CardPoolBasicRelic","theDuelist:BoosterPackPoolRelic","theDuelist:CardPoolAddRelic","theDuelist:CardPoolMinusRelic","theDuelist:CardPoolSaveRelic","theDuelist:CardPoolOptionsRelic","downfall:HeartsMalice","halation:PurpleSoulGem","theDuelist:DragonRelic","Happy Flower","theDuelist:SummonAnchor","Dead Branch","Black Star","downfall:HeartBlessingGreen","theDuelist:TributeEggRelic","Molten Egg 2"],"acts_visited":["Exordium","TheCity"],"potions_floor_usage":[9,15,16,23,25],"damage_taken":[{"damage":0,"enemies":"Small Slimes","floor":2,"turns":1},{"damage":0,"enemies":"Cultist","floor":4,"turns":1},{"damage":0,"enemies":"2 Louse","floor":6,"turns":1},{"damage":22,"enemies":"3 Sentries","floor":8,"turns":7},{"damage":30,"enemies":"Gremlin Gang","floor":9,"turns":3},{"damage":7,"enemies":"Gremlin Nob","floor":10,"turns":3},{"damage":14,"enemies":"Lagavulin","floor":12,"turns":6},{"damage":11,"enemies":"Gremlin Nob","floor":14,"turns":3},{"damage":11,"enemies":"Blue Slaver","floor":15,"turns":4},{"damage":30,"enemies":"DF_ARCHETYPE_STREAMLINE","floor":16,"turns":8},{"damage":2,"enemies":"Chosen","floor":19,"turns":3},{"damage":20,"enemies":"3 Byrds","floor":20,"turns":6},{"damage":36,"enemies":"Snecko","floor":23,"turns":4},{"damage":8,"enemies":"Snake Plant","floor":25,"turns":3}],"seed_played":"-6942055013436989240","potions_obtained":[{"floor":8,"key":"theDuelist:BurningPotionB"},{"floor":10,"key":"theDuelist:SummonFuryPotion"},{"floor":14,"key":"theDuelist:SteelBrew"},{"floor":15,"key":"theDuelist:SealedPackB"},{"floor":16,"key":"hexamod:SoulburnPotion"},{"floor":22,"key":"CultistPotion"},{"floor":23,"key":"SkillPotion"}],"is_trial":false,"path_per_floor":["R","M","?","M","?","M","T","E","M","E","R","E","?","E","M","B",null,"R","M","M","?","?","M","T","M"],"character_chosen":"THE_DUELIST","items_purchased":[],"campfire_rested":1,"item_purchase_floors":[],"current_hp_per_floor":[72,72,72,72,72,72,72,50,20,13,37,23,63,52,44,14,66,66,64,44,38,38,2,2,0,0],"gold":325,"neow_bonus":"THREE_ENEMY_KILL","is_daily":false,"chose_seed":false,"campfire_upgraded":2,"win_rate":0.0,"timestamp":1614391005,"path_taken":["R","M","?","?","?","M","T","E","M","E","R","E","?","E","M","BOSS","R","M","?","?","?","M","T","M"],"items_purchased_type":[],"build_version":"2020-12-22","purchased_purges":0,"victory":false,"max_hp_per_floor":[80,80,80,80,80,80,80,80,80,80,80,80,80,80,83,83,83,83,83,83,83,83,83,83,83,83],"card_choices":[{"not_picked":["theDuelist:VeilDarkness","theDuelist:BlackBrutdrago","theDuelist:DreadnoughtDreadnoid","theDuelist:BlackVeloci"],"picked":"theDuelist:DarkHorus","floor":2},{"not_picked":["theDuelist:SpiralSpearStrike","theDuelist:Earthquake","theDuelist:CyberEmergency","theDuelist:Dracocension"],"picked":"theDuelist:UltraEvolutionPill","floor":4},{"not_picked":["theDuelist:RedDragonArchfiend","theDuelist:MythicWaterDragon","theDuelist:CyberDragonSieger","theDuelist:StardustDragon"],"picked":"theDuelist:SliferSky","floor":6},{"not_picked":["theDuelist:SurvivalFittest","theDuelist:LostWorld"],"picked":"theDuelist:BlasterDragonInfernos","floor":8},{"not_picked":["theDuelist:SystemDown","theDuelist:GalaxySoldier","theDuelist:CyberLaserDragon"],"picked":"theDuelist:Mountain","floor":9},{"not_picked":["theDuelist:BigFire","theDuelist:Hinotama","theDuelist:LightningDarts","theDuelist:SmashingGround"],"picked":"theDuelist:RainbowOverdragon","floor":10},{"not_picked":["Apotheosis","Dark Shackles","Metamorphosis"],"picked":"Mayhem","floor":12},{"not_picked":["theDuelist:DoomkaiserDragon","theDuelist:BlueEyesUltimate","theDuelist:StardustDragon","theDuelist:BlasterDragonInfernos"],"picked":"theDuelist:AncientDragon","floor":14},{"not_picked":["theDuelist:BattleguardKing","theDuelist:GreyGreedOni","theDuelist:PreventRat","theDuelist:StrayLambs","theDuelist:PurplePainOni"],"picked":"SKIP","floor":15},{"not_picked":["theDuelist:SliferSky","theDuelist:LostWorld","theDuelist:DefensiveTactics","theDuelist:CyberDragonInfinity"],"picked":"theDuelist:GaiaDragonChamp","floor":16},{"not_picked":["theDuelist:YamataDragon","theDuelist:CyberDragonNachster","theDuelist:CurseDragon","theDuelist:SuperancientDinobeast"],"picked":"theDuelist:CyberDragonCore","floor":19},{"not_picked":["theDuelist:BattleguardKing","theDuelist:BlueBloodedOni","theDuelist:ShardGreed","theDuelist:BigKoala"],"picked":"theDuelist:FeatherPho+1","floor":20},{"not_picked":["theDuelist:VoidOgreDragon","theDuelist:SliferSky+1","theDuelist:Lancephorhynchus","theDuelist:DefensiveTactics+1"],"picked":"theDuelist:ChimeratechOverdragon","floor":23}],"player_experience":639330,"relics_obtained":[{"floor":7,"key":"theDuelist:DragonRelic"},{"floor":8,"key":"Happy Flower"},{"floor":10,"key":"theDuelist:SummonAnchor"},{"floor":12,"key":"theDuelist:TributeEggRelic"},{"floor":14,"key":"Dead Branch"},{"floor":24,"key":"Molten Egg 2"}],"event_choices":[{"damage_healed":0,"gold_gain":0,"player_choice":"Offering - offered Tribute Egg","duelist":true,"damage_taken":0,"max_hp_gain":0,"max_hp_loss":0,"event_name":"Tomb of the Nameless","floor":13,"gold_loss":0},{"damage_healed":0,"gold_gain":0,"player_choice":"Dig - random Duelist relic","duelist":true,"damage_taken":0,"max_hp_gain":0,"max_hp_loss":0,"event_name":"Aknamkanon\u0027s Tomb","floor":21,"gold_loss":0}],"is_beta":false,"boss_relics":[{"not_picked":["HoveringKite","Velvet Choker"],"picked":"Black Star"}],"items_purged_floors":[],"is_endless":false,"potions_floor_spawned":[8,10,14,15,16,23],"killed_by":"Snake Plant","ascension_level":11}}