{"host":"yx5rao87132cy5xq","time":1614434439,"event":{"mods":["2.2 Compatiblity","AchievementEnabler","BaseMod","Bestiary","Colored Map","Colored Powertips","Highlight Path","Minty Spire (QoL Compilation)","Quick Restart","Relic Stats","Slay-I","SuperFastMode"],"gold_per_floor":[361,109,109,121,139,168,168,20,46,78,78,3,34,53,53,153,153,170,170,188,61,61,61,91,101,128,160,160,160],"floor_reached":28,"language":"ENG","playtime":3410,"items_purged":["Strike_G","Defend_G"],"score":356,"play_id":"d6df8660-12bf-4d6a-aaf0-84044cf8e592","local_time":"20210227150039","is_ascension_mode":true,"campfire_choices":[{"data":"A Thousand Cuts","floor":7,"key":"SMITH"},{"data":"Venomology","floor":15,"key":"SMITH"},{"data":"Neutralize","floor":23,"key":"SMITH"}],"circlet_count":0,"master_deck":["Strike_G","Strike_G","Strike_G","Strike_G","Defend_G+1","Defend_G+1","Defend_G","Defend_G","Survivor","Neutralize+1","Slice","Crippling Poison","A Thousand Cuts+1","Slice","Sucker Punch","Dagger Throw","Infinite Blades","Cloak And Dagger","Venomology+1","Predator","Dash","Endless Agony","Burst","PiercingWail","RitualDagger","Endless Agony","Dodge and Roll","Shame","Dodge and Roll","Blade Dance+1","Backflip"],"relics":["Ring of the Snake","Orrery","Oddly Smooth Stone","Lee\u0027s Waffle","Lantern","War Paint","Tough Bandages","SlaversCollar","Smiling Mask","Toy Ornithopter","Art of War","Red Mask"],"acts_visited":["Exordium","TheCity"],"potions_floor_usage":[6,10,16,16,18,20,24,24,25,27,28],"damage_taken":[{"damage":7.0,"enemies":"Small Slimes","floor":1.0,"turns":5.0},{"damage":0.0,"enemies":"Cultist","floor":4.0,"turns":4.0},{"damage":6.0,"enemies":"Jaw Worm","floor":5.0,"turns":4.0},{"damage":28,"enemies":"Lagavulin","floor":6,"turns":8},{"damage":10,"enemies":"3 Sentries","floor":10,"turns":4},{"damage":13,"enemies":"Gremlin Nob","floor":13,"turns":4},{"damage":2,"enemies":"Blue Slaver","floor":14,"turns":3},{"damage":3,"enemies":"The Guardian","floor":16,"turns":9},{"damage":0,"enemies":"2 Thieves","floor":18,"turns":3},{"damage":10,"enemies":"Shell Parasite","floor":20,"turns":4},{"damage":21,"enemies":"Slavers","floor":24,"turns":6},{"damage":33,"enemies":"Shelled Parasite and Fungi","floor":25,"turns":6},{"damage":16,"enemies":"Masked Bandits","floor":27,"turns":4},{"damage":7,"enemies":"Snake Plant","floor":28,"turns":2}],"seed_played":"8972165394688166706","potions_obtained":[{"floor":4.0,"key":"Fire Potion"},{"floor":14,"key":"Ancient Potion"},{"floor":16,"key":"GhostInAJar"},{"floor":20,"key":"Fire Potion"},{"floor":27,"key":"GamblersBrew"}],"is_trial":false,"path_per_floor":["M","$","?","M","M","E","R","$","T","E","?","$","E","M","R","B",null,"M","?","M","$","?","R","E","M","T","?","M"],"character_chosen":"THE_SILENT","items_purchased":["Explosive Potion","Fire Potion","Orrery","Lee\u0027s Waffle","Dodge and Roll"],"campfire_rested":0,"item_purchase_floors":[2,2,2,8,21],"current_hp_per_floor":[56,56,56,56,50,22,22,70,70,60,60,60,47,45,45,42,63,63,57,47,47,47,47,41,13,13,2,0,0],"gold":160,"neow_bonus":"TWO_FIFTY_GOLD","is_daily":false,"chose_seed":false,"campfire_upgraded":3,"win_rate":0.0,"timestamp":1614434439,"path_taken":["M","$","?","M","?","E","R","$","T","E","?","$","E","M","R","BOSS","M","?","M","$","?","R","E","M","T","?","M"],"items_purchased_type":["Potion","Potion","Relic","Relic","Card"],"build_version":"2020-12-22","purchased_purges":2,"victory":false,"max_hp_per_floor":[63,63,63,63,63,63,63,70,70,70,70,70,70,70,70,70,70,70,70,70,70,70,70,70,70,70,70,70,70],"relic_stats":{"Lee\u0027s Waffle":48,"Tough Bandages":[57],"counters":[14,66],"Art of War":[0],"War Paint":["Defend_G","Defend_G"],"Smiling Mask":0,"obtain_stats":[{"SlaversCollar":17,"Lee\u0027s Waffle":8,"Lantern":9,"Tough Bandages":13,"Orrery":2,"Oddly Smooth Stone":6,"Art of War":26,"Red Mask":27,"War Paint":10,"Smiling Mask":22,"Toy Ornithopter":24,"Ring of the Snake":0},{"SlaversCollar":8,"Lee\u0027s Waffle":4,"Lantern":4,"Tough Bandages":6,"Orrery":1,"Oddly Smooth Stone":4,"Art of War":12,"Red Mask":13,"War Paint":5,"Smiling Mask":10,"Toy Ornithopter":11,"Ring of the Snake":0},{"SlaversCollar":41,"Lee\u0027s Waffle":21,"Lantern":21,"Tough Bandages":29,"Orrery":5,"Oddly Smooth Stone":21,"Art of War":60,"Red Mask":64,"War Paint":25,"Smiling Mask":48,"Toy Ornithopter":54,"Ring of the Snake":0}],"Toy Ornithopter":15,"Ring of the Snake":[29]},"card_choices":[{"not_picked":["Prepared","Setup"],"picked":"Slice","floor":1.0},{"not_picked":["Acrobatics","Flying Knee"],"picked":"Crippling Poison","floor":2.0},{"not_picked":["Slice","Dagger Throw"],"picked":"A Thousand Cuts","floor":2.0},{"not_picked":["Choke","Grand Finale"],"picked":"Slice","floor":2.0},{"not_picked":["Deflect","Prepared"],"picked":"Sucker Punch","floor":2.0},{"not_picked":["Flying Knee","Flechettes"],"picked":"Infinite Blades","floor":4.0},{"not_picked":["Outmaneuver","Prepared"],"picked":"Cloak And Dagger","floor":5.0},{"not_picked":["Dagger Spray","Cloak And Dagger"],"picked":"Venomology","floor":6},{"not_picked":["Wraith Form v2","Bullet Time"],"picked":"Predator","floor":10},{"not_picked":["Dagger Spray","Prepared"],"picked":"Dash","floor":13},{"not_picked":["Underhanded Strike","Flying Knee"],"picked":"Endless Agony","floor":14},{"not_picked":["Phantasmal Killer","Grand Finale"],"picked":"Burst","floor":16},{"not_picked":["Underhanded Strike+1","Acrobatics"],"picked":"PiercingWail","floor":18},{"not_picked":["Prepared","Bane"],"picked":"Endless Agony","floor":20},{"not_picked":["Accuracy","Outmaneuver"],"picked":"Dodge and Roll","floor":24},{"not_picked":["Deadly Poison","Slice"],"picked":"Blade Dance+1","floor":25},{"not_picked":["Dodge and Roll","PiercingWail"],"picked":"Backflip","floor":27}],"player_experience":1232692,"relics_obtained":[{"floor":6,"key":"Oddly Smooth Stone"},{"floor":9,"key":"Lantern"},{"floor":10,"key":"War Paint"},{"floor":13,"key":"Tough Bandages"},{"floor":24,"key":"Toy Ornithopter"},{"floor":26,"key":"Art of War"},{"floor":27,"key":"Red Mask"}],"event_choices":[{"damage_healed":0.0,"max_hp_gain":0.0,"max_hp_loss":0.0,"gold_gain":0.0,"event_name":"Match and Keep!","player_choice":"1 cards matched","floor":3.0,"gold_loss":0.0,"damage_taken":0.0,"cards_obtained":["Dagger Throw"]},{"damage_healed":0,"gold_gain":0,"player_choice":"Ignored","damage_taken":0,"max_hp_gain":0,"max_hp_loss":0,"event_name":"Liars Game","floor":11,"gold_loss":0},{"damage_healed":0,"gold_gain":0,"player_choice":"Joined the Cult","damage_taken":6,"max_hp_gain":0,"max_hp_loss":0,"event_name":"Nest","floor":19,"gold_loss":0,"cards_obtained":["RitualDagger"]},{"damage_healed":0,"gold_gain":0,"player_choice":"Stole Relic","damage_taken":0,"relics_obtained":["Smiling Mask"],"max_hp_gain":0,"max_hp_loss":0,"event_name":"Addict","floor":22,"gold_loss":0,"cards_obtained":["Shame"]},{"damage_healed":0,"gold_gain":0,"player_choice":"Fought Bandits","damage_taken":0,"max_hp_gain":0,"max_hp_loss":0,"event_name":"Masked Bandits","floor":27,"gold_loss":0}],"is_beta":false,"boss_relics":[{"not_picked":["Velvet Choker","Fusion Hammer"],"picked":"SlaversCollar"}],"items_purged_floors":[12,21],"is_endless":false,"potions_floor_spawned":[4,14,16,18,20,27],"killed_by":"Snake Plant","ascension_level":8}}