{"host":"xp5rvh2jwe2ejyfm","time":1614457016,"event":{"mods":["2.2 Compatiblity","Aspiration","Bard","BaseMod","Beaked The Cultist","Better Altar","Better Match","Better Note","Better Sensory Stone","Better Skull","BetterRewards","Colored Powertips","Conspire","Downfall","GifTheSpireLib","Gremlin Mod","GungeonMod","Hermit","Hubris","Jorbs\u0027s Wanderer Trilogy","Mad Scientist","Minty Spire (QoL Compilation)","Potionbrewer","Quick Restart","Replay The Spire","Robot Space Explorer","Shade Mod","Somnambulant","StSLib","The Bug Knight","The Clintock","The Construct","The Cursed","The Disciple","The Forsaken","The Hierophant","The Marked","The Mystic","The Necromancer","The Runesmith","The Servant 0.9.4","The Valiant","The Witch","TheFirefly","TheVacant","thorton"],"gold_per_floor":[112,15,30,30,41,41,41,75,75,75,75,98,98,123,123,242,242,255,180,2,18,39,39,52,52,79,79,98,98,136,136,136],"floor_reached":31,"language":"ENG","playtime":783,"items_purged":[],"score":255,"play_id":"21613553-4173-4ace-95aa-ec1bc7bb6290","local_time":"20210227151656","is_ascension_mode":false,"campfire_choices":[{"data":"MadScienceMod:AutoStrike","floor":6,"key":"SMITH"},{"floor":10,"key":"RECALL"},{"data":"MadScienceMod:AutoStrike","floor":13,"key":"SMITH"},{"floor":15,"key":"REST"},{"floor":23,"key":"REST"},{"floor":27,"key":"REST"}],"circlet_count":0,"master_deck":["MadScienceMod:Strike_MadScience+1","MadScienceMod:Strike_MadScience","MadScienceMod:Strike_MadScience","MadScienceMod:Strike_MadScience","MadScienceMod:Defend_MadScience","MadScienceMod:Defend_MadScience","MadScienceMod:Defend_MadScience","MadScienceMod:Defend_MadScience","MadScienceMod:PoweredStrike","MadScienceMod:HideBehindJunk","MadScienceMod:AcidSpray","MadScienceMod:AutoStrike+1","MadScienceMod:FlexibleSpear","MadScienceMod:RadioactiveSword","MadScienceMod:AutoStrike+1","Injury","MadScienceMod:RadioactiveSword","MadScienceMod:AcidSpray","MadScienceMod:Strafe","MadScienceMod:FumeHood","MadScienceMod:NowOrNever","MadScienceMod:ClockworkAssistant+1","Metamorphosis+1","MadScienceMod:MinatureWeapons","MadScienceMod:Strafe","MadScienceMod:Jetpack","MadScienceMod:FlexibleSpear","Pain","MadScienceMod:FlameThrower"],"relics":["MadScienceMod:FuelTank","NeowsBlessing","Golden Idol","Nunchaku","aspiration:HummingbirdHeart","SacredBark","DemoMod:MonsterBlood","PreservedInsect","WarpedTongs","Pen Nib"],"acts_visited":["Exordium","TheCity"],"potions_floor_usage":[8,16,24,28,28,30,30],"damage_taken":[{"damage":0,"enemies":"Jaw Worm","floor":1,"turns":1},{"damage":0,"enemies":"Cultist","floor":3,"turns":1},{"damage":0,"enemies":"2 Louse","floor":5,"turns":1},{"damage":27,"enemies":"Gremlin Nob","floor":8,"turns":4},{"damage":6,"enemies":"Blue Slaver","floor":12,"turns":2},{"damage":12,"enemies":"Large Slime","floor":14,"turns":5},{"damage":50,"enemies":"Slime Boss","floor":16,"turns":9},{"damage":12,"enemies":"2 Thieves","floor":18,"turns":4},{"damage":20,"enemies":"Spheric Guardian","floor":21,"turns":5},{"damage":21,"enemies":"Chosen and Byrds","floor":22,"turns":5},{"damage":23,"enemies":"Centurion and Healer","floor":24,"turns":5},{"damage":14,"enemies":"Shelled Parasite and Fungi","floor":28,"turns":5},{"damage":34,"enemies":"Slavers","floor":30,"turns":6},{"damage":6,"enemies":"3 Cultists","floor":31,"turns":2}],"seed_played":"-7798164667304869252","potions_obtained":[{"floor":5,"key":"PowerPotion"},{"floor":12,"key":"PowerPotion"},{"floor":22,"key":"potionbrewer:InfectionPotion"},{"floor":24,"key":"EssenceOfSteel"},{"floor":25,"key":"MadScienceMod:TrinketPotion"},{"floor":25,"key":"potionbrewer:QuicksilverPotion"},{"floor":28,"key":"Languid Potion"}],"is_trial":false,"path_per_floor":["M","$","M","$","M","R","?","E","T","R","?","M","R","M","R","B",null,"M","?","$","M","M","R","M","?","T","R","M","?","E","M"],"character_chosen":"MAD_SCIENTIST","items_purchased":["MadScienceMod:AutoStrike","MadScienceMod:FlexibleSpear","MadScienceMod:MinatureWeapons","DemoMod:MonsterBlood"],"campfire_rested":3,"item_purchase_floors":[2,2,20,20],"current_hp_per_floor":[75,75,75,75,75,75,75,48,48,48,48,42,42,30,52,2,75,63,63,70,50,29,53,30,30,30,54,40,40,6,0,0],"gold":136,"neow_bonus":"THREE_ENEMY_KILL","is_daily":false,"chose_seed":false,"campfire_upgraded":2,"win_rate":0.0,"timestamp":1614457016,"path_taken":["M","$","M","$","M","R","?","E","T","R","?","?","R","M","R","BOSS","M","?","$","M","M","R","M","?","T","R","M","?","E","M"],"items_purchased_type":["Card","Card","Card","Relic"],"build_version":"2020-12-22","purchased_purges":0,"victory":false,"max_hp_per_floor":[75,75,75,75,75,75,75,75,75,75,75,75,75,75,75,75,75,75,75,82,82,82,82,82,82,82,82,82,82,82,82,82],"card_choices":[{"not_picked":["MadScienceMod:AntimatterBomb","MadScienceMod:RadioactiveSword"],"picked":"MadScienceMod:AcidSpray","floor":1},{"not_picked":["MadScienceMod:Virus","MadScienceMod:Tune"],"picked":"MadScienceMod:RadioactiveSword","floor":3},{"not_picked":["MadScienceMod:FlameCannon","MadScienceMod:FragmentationGrenade"],"picked":"MadScienceMod:AutoStrike","floor":5},{"not_picked":["MadScienceMod:GlassCannon","MadScienceMod:SoftenUp"],"picked":"MadScienceMod:RadioactiveSword","floor":8},{"not_picked":["MadScienceMod:Refuel","MadScienceMod:FlameCannon"],"picked":"MadScienceMod:AcidSpray","floor":12},{"not_picked":["MadScienceMod:Sprocket","MadScienceMod:EnergyBarrier"],"picked":"MadScienceMod:Strafe","floor":14},{"not_picked":["MadScienceMod:Booster","MadScienceMod:Refine"],"picked":"MadScienceMod:FumeHood","floor":16},{"not_picked":["MadScienceMod:ImposingConstruct+1","MadScienceMod:FumeBlast"],"picked":"MadScienceMod:NowOrNever","floor":18},{"not_picked":["MadScienceMod:CondenseVapors+1","MadScienceMod:FumeHood+1"],"picked":"MadScienceMod:ClockworkAssistant+1","floor":19},{"not_picked":["hubris:EnhanceAbility+1","Mayhem+1"],"picked":"Metamorphosis+1","floor":19},{"not_picked":["MadScienceMod:Refuel+1","MadScienceMod:BandageBot"],"picked":"MadScienceMod:Strafe","floor":21},{"not_picked":["MadScienceMod:FlameThrower+1","MadScienceMod:Virus"],"picked":"MadScienceMod:Jetpack","floor":22},{"not_picked":["MadScienceMod:Sprocket","MadScienceMod:FragmentationGrenade+1"],"picked":"MadScienceMod:FlexibleSpear","floor":24},{"not_picked":["MadScienceMod:LightOnFire","MadScienceMod:OmniHammer+1","MadScienceMod:Virus+1"],"picked":"SKIP","floor":28},{"not_picked":["MadScienceMod:Sprocket","MadScienceMod:ImposingConstruct"],"picked":"MadScienceMod:FlameThrower","floor":30}],"player_experience":590565,"relics_obtained":[{"floor":8,"key":"Nunchaku"},{"floor":9,"key":"aspiration:HummingbirdHeart"},{"floor":26,"key":"PreservedInsect"},{"floor":30,"key":"Pen Nib"}],"event_choices":[{"damage_healed":0,"gold_gain":0,"player_choice":"Take Wound","damage_taken":0,"relics_obtained":["Golden Idol"],"max_hp_gain":0,"max_hp_loss":0,"event_name":"Golden Idol","floor":7,"gold_loss":0,"cards_obtained":["Injury"]},{"damage_healed":0,"gold_gain":0,"player_choice":"2","damage_taken":0,"max_hp_gain":0,"max_hp_loss":0,"event_name":"betterMatch:BetterMatch","floor":19,"gold_loss":0,"cards_obtained":["betterMatch:RareCard","betterMatch:ColorlessRareCard"]},{"damage_healed":0,"gold_gain":0,"player_choice":"Got Potions","damage_taken":0,"max_hp_gain":0,"max_hp_loss":0,"event_name":"Lab","floor":25,"gold_loss":0},{"damage_healed":0,"gold_gain":0,"player_choice":"Rummage","damage_taken":0,"relics_obtained":["WarpedTongs"],"max_hp_gain":0,"max_hp_loss":0,"event_name":"Accursed Blacksmith","floor":29,"gold_loss":0,"cards_obtained":["Pain"]}],"is_beta":false,"boss_relics":[{"not_picked":["aspiration:FutureDiary","Ectoplasm"],"picked":"SacredBark"}],"items_purged_floors":[],"is_endless":false,"potions_floor_spawned":[5,12,22,24,28],"killed_by":"3 Cultists","ascension_level":0}}