{"host":"zdx3mk58qfaqn5dx","time":1614457077,"event":{"mods":["BaseMod","Bestiary","Better Third Choice","Colored Map","Colored Powertips","Dark Map","Downfall","Hermit","Highlight Path","Minty Spire (QoL Compilation)","Quick Restart","Random Character Button","Relic Stats","StSLib","SuperFastMode"],"gold_per_floor":[118,393,134,145,160,195,215,14,66,66,66,66,77,77,77,181,181,195,207,207,207],"floor_reached":20,"language":"ENG","playtime":831,"items_purged":["Strike_B","Regret"],"score":200,"play_id":"97758e8b-6c39-4331-b16b-3570e8d2b87c","local_time":"20210227211757","is_ascension_mode":true,"campfire_choices":[{"floor":12,"key":"REST"},{"floor":15,"key":"REST"}],"circlet_count":0,"master_deck":["Strike_B","Strike_B","Strike_B","Defend_B","Defend_B","Defend_B","Defend_B","Zap","Dualcast","Doom and Gloom","Melter","Defragment","Stack","Conserve Battery","Fusion+1","Stack","Seek","Echo Form","Stack","Auto Shields"],"relics":["Cracked Core","NeowsBlessing","Membership Card","Eternal Feather","Regal Pillow","Medical Kit","Juzu Bracelet","SacredBark"],"acts_visited":["Exordium","TheCity"],"potions_floor_usage":[10,16,16,16],"damage_taken":[{"damage":0,"enemies":"Jaw Worm","floor":1,"turns":1},{"damage":0,"enemies":"Cultist","floor":4,"turns":1},{"damage":0,"enemies":"2 Louse","floor":5,"turns":1},{"damage":40,"enemies":"3 Sentries","floor":6,"turns":6},{"damage":32,"enemies":"Large Slime","floor":7,"turns":5},{"damage":14,"enemies":"3 Louse","floor":13,"turns":3},{"damage":23,"enemies":"Hexaghost","floor":16,"turns":11},{"damage":5,"enemies":"Spheric Guardian","floor":18,"turns":3},{"damage":37,"enemies":"3 Byrds","floor":19,"turns":5},{"damage":48,"enemies":"Centurion and Healer","floor":20,"turns":9}],"seed_played":"2725146262129905015","potions_obtained":[{"floor":7,"key":"BlessingOfTheForge"},{"floor":10,"key":"Fruit Juice"},{"floor":10,"key":"Dexterity Potion"},{"floor":10,"key":"ColorlessPotion"},{"floor":16,"key":"Dexterity Potion"}],"is_trial":false,"path_per_floor":["M","?","$","M","M","E","M","$","T","?","?","R","M","?","R","B",null,"M","M","M"],"character_chosen":"DEFECT","items_purchased":["Membership Card","Melter","Defragment","Regal Pillow","Medical Kit"],"campfire_rested":2,"item_purchase_floors":[3,3,3,8,8],"current_hp_per_floor":[75,75,75,75,75,35,3,3,3,8,1,49,35,35,80,57,80,75,38,0,0],"gold":207,"neow_bonus":"THREE_ENEMY_KILL","is_daily":false,"chose_seed":false,"campfire_upgraded":0,"win_rate":0.0,"timestamp":1614457077,"path_taken":["M","?","$","M","?","E","M","?","T","?","?","R","M","?","R","BOSS","M","M","M"],"items_purchased_type":["Relic","Card","Card","Relic","Relic"],"build_version":"2020-12-22","purchased_purges":2,"victory":false,"max_hp_per_floor":[75,75,75,75,75,75,75,75,75,80,80,80,80,80,80,80,80,80,80,80,80],"relic_stats":{"Regal Pillow":27,"counters":[10,45],"Eternal Feather":18,"Juzu Bracelet":1,"Medical Kit":[2],"obtain_stats":[{"Regal Pillow":8,"NeowsBlessing":0,"SacredBark":17,"Eternal Feather":6,"Juzu Bracelet":9,"Membership Card":3,"Cracked Core":0,"Medical Kit":8},{"Regal Pillow":5,"NeowsBlessing":0,"SacredBark":7,"Eternal Feather":4,"Juzu Bracelet":5,"Membership Card":1,"Cracked Core":0,"Medical Kit":5},{"Regal Pillow":14,"NeowsBlessing":0,"SacredBark":28,"Eternal Feather":9,"Juzu Bracelet":14,"Membership Card":1,"Cracked Core":0,"Medical Kit":14}]},"card_choices":[{"not_picked":["Steam","Loop"],"picked":"Doom and Gloom","floor":1},{"not_picked":["Beam Cell","Steam"],"picked":"Stack","floor":4},{"not_picked":["Barrage","Beam Cell"],"picked":"Conserve Battery","floor":5},{"not_picked":["Glacier","Turbo"],"picked":"Fusion","floor":6},{"not_picked":["Capacitor","Scrape"],"picked":"Stack","floor":7},{"not_picked":["Rebound","Conserve Battery"],"picked":"Seek","floor":13},{"not_picked":["Buffer","Thunder Strike"],"picked":"Echo Form","floor":16},{"not_picked":["Coolheaded","Gash"],"picked":"Stack","floor":18},{"not_picked":["Beam Cell","Streamline"],"picked":"Auto Shields","floor":19}],"player_experience":232942,"relics_obtained":[{"floor":6,"key":"Eternal Feather"},{"floor":9,"key":"Juzu Bracelet"}],"event_choices":[{"damage_healed":0,"gold_gain":275,"player_choice":"Desecrate","damage_taken":0,"max_hp_gain":0,"max_hp_loss":0,"event_name":"Golden Shrine","floor":2,"gold_loss":0,"cards_obtained":["Regret"]},{"damage_healed":0,"gold_gain":0,"player_choice":"Got Potions","damage_taken":0,"max_hp_gain":0,"max_hp_loss":0,"event_name":"Lab","floor":10,"gold_loss":0},{"damage_healed":0,"gold_gain":0,"player_choice":"LEAVE","damage_taken":7,"max_hp_gain":0,"max_hp_loss":0,"event_name":"betterThird:BetterScrap","floor":11,"gold_loss":0,"cards_obtained":["Phantasmal Killer"]},{"damage_healed":0,"gold_gain":0,"player_choice":"Grow","damage_taken":0,"max_hp_gain":0,"max_hp_loss":0,"event_name":"Living Wall","floor":14,"gold_loss":0,"cards_upgraded":["Fusion"]}],"is_beta":false,"boss_relics":[{"not_picked":["Snecko Eye","Coffee Dripper"],"picked":"SacredBark"}],"items_purged_floors":[3,8],"is_endless":false,"potions_floor_spawned":[7,16],"killed_by":"Centurion and Healer","ascension_level":3}}