{"host":"9gxprskaw0c5jpbt","time":1614388458,"event":{"mods":["AchievementEnabler","BaseMod","Colored Map","Highlight Path","KOR Keyword Fix","Minty Spire (QoL Compilation)","Rare Cards Sparkle","StSLib","SuperFastMode","everything is the same but u backflip on backflip"],"gold_per_floor":[359,370,385,385,18,18,47,67,94,94,94,94],"floor_reached":11,"language":"KOR","playtime":243,"items_purged":[],"score":139,"play_id":"e6502590-cab9-4b24-ac1e-5f3c2fd44557","local_time":"20210227101418","is_ascension_mode":true,"campfire_choices":[{"floor":6,"key":"REST"},{"floor":10,"key":"REST"}],"circlet_count":0,"master_deck":["AscendersBane","Strike_B","Strike_B","Strike_B","Strike_B","Defend_B","Defend_B","Defend_B","Defend_B","Zap","Dualcast+1","Redo","Conserve Battery","Steam","Defragment","Creative AI","Auto Shields"],"relics":["Cracked Core","InkBottle","Nunchaku","Potion Belt"],"acts_visited":["Exordium"],"potions_floor_usage":[7,11],"damage_taken":[{"damage":6,"enemies":"2 Louse","floor":1,"turns":3},{"damage":12,"enemies":"Jaw Worm","floor":2,"turns":3},{"damage":4,"enemies":"Cultist","floor":3,"turns":4},{"damage":25,"enemies":"3 Sentries","floor":7,"turns":7},{"damage":17,"enemies":"Blue Slaver","floor":8,"turns":4},{"damage":40,"enemies":"Gremlin Nob","floor":11,"turns":3}],"seed_played":"8789439536756845521","potions_obtained":[{"floor":2,"key":"LiquidBronze"},{"floor":7,"key":"EssenceOfDarkness"},{"floor":8,"key":"GamblersBrew"}],"is_trial":false,"path_per_floor":["M","M","M","?","$","R","E","M","T","R","E"],"character_chosen":"DEFECT","items_purchased":["Defragment","InkBottle"],"campfire_rested":2,"item_purchase_floors":[5,5],"current_hp_per_floor":[40,28,24,24,24,45,20,3,3,24,0,0],"gold":94,"neow_bonus":"TWO_FIFTY_GOLD","is_daily":false,"chose_seed":false,"campfire_upgraded":0,"win_rate":0.0,"timestamp":1614388458,"path_taken":["M","M","M","?","$","R","E","M","T","R","E"],"items_purchased_type":["Card","Relic"],"build_version":"2020-12-22","purchased_purges":0,"victory":false,"max_hp_per_floor":[71,71,71,71,71,71,71,71,71,71,71,71],"card_choices":[{"not_picked":["Coolheaded","Compile Driver"],"picked":"Redo","floor":1},{"not_picked":["Stack","Redo"],"picked":"Conserve Battery","floor":2},{"not_picked":["FTL","Rip and Tear"],"picked":"Steam","floor":3},{"not_picked":["Hologram","Redo"],"picked":"Creative AI","floor":7},{"not_picked":["Streamline","Redo"],"picked":"Auto Shields","floor":8}],"player_experience":1003174,"relics_obtained":[{"floor":7,"key":"Nunchaku"},{"floor":9,"key":"Potion Belt"}],"event_choices":[{"damage_healed":0,"gold_gain":0,"player_choice":"Grow","damage_taken":0,"max_hp_gain":0,"max_hp_loss":0,"event_name":"Living Wall","floor":4,"gold_loss":0,"cards_upgraded":["Dualcast"]}],"is_beta":false,"boss_relics":[],"items_purged_floors":[],"is_endless":false,"potions_floor_spawned":[2,7,8],"killed_by":"Gremlin Nob","ascension_level":18}}