{"host":"zsnmfqgcm92hlreo","time":1614390829,"event":{"mods":["AchievementEnabler","BaseMod","Bestiary","Block Reminder","Colored Map","Colored Powertips","Filter the Spire","Minty Spire (QoL Compilation)","Permanent Neow","Quick Restart","Relic Stats","StSLib","Weighted Paths"],"gold_per_floor":[114,127,141,106,121,121,151,163,163,163,179,214,214,248,248,248,248],"floor_reached":16,"language":"ENG","playtime":779,"items_purged":[],"score":294,"play_id":"37101bac-72f9-4bd0-a333-563f8532c01b","local_time":"20210226195349","is_ascension_mode":true,"campfire_choices":[{"data":"Vigilance","floor":6.0,"key":"SMITH"},{"data":"TalkToTheHand","floor":15.0,"key":"SMITH"}],"circlet_count":0,"master_deck":["AscendersBane","Strike_P","Strike_P","Strike_P","Strike_P","Defend_P","Defend_P","Defend_P","Defend_P","Eruption","Vigilance+1","Swivel","Wireheading","MentalFortress","Worship","TalkToTheHand+1","Omniscience","Tantrum","Blasphemy","ThirdEye"],"relics":["Snecko Eye","Pen Nib","White Beast Statue","The Courier","Matryoshka"],"acts_visited":["Exordium"],"potions_floor_usage":[16,16],"damage_taken":[{"damage":2.0,"enemies":"Jaw Worm","floor":1.0,"turns":3.0},{"damage":9.0,"enemies":"2 Louse","floor":2.0,"turns":3.0},{"damage":0.0,"enemies":"Cultist","floor":3.0,"turns":2.0},{"damage":6.0,"enemies":"Looter","floor":5.0,"turns":3.0},{"damage":21.0,"enemies":"3 Sentries","floor":7.0,"turns":10.0},{"damage":5.0,"enemies":"2 Fungi Beasts","floor":8.0,"turns":4.0},{"damage":0.0,"enemies":"Large Slime","floor":11.0,"turns":4.0},{"damage":0.0,"enemies":"Lagavulin","floor":12.0,"turns":5.0},{"damage":11.0,"enemies":"3 Sentries","floor":14.0,"turns":4.0},{"damage":50,"enemies":"The Guardian","floor":16,"turns":5}],"seed_played":"-1758810338625174316","potions_obtained":[{"floor":5.0,"key":"SkillPotion"},{"floor":8.0,"key":"Swift Potion"},{"floor":11.0,"key":"StancePotion"},{"floor":12.0,"key":"ColorlessPotion"}],"is_trial":false,"path_per_floor":["M","M","M","?","M","R","E","M","T","?","M","E","$","E","R","B"],"character_chosen":"WATCHER","items_purchased":[],"campfire_rested":0,"item_purchase_floors":[],"current_hp_per_floor":[59,50,50,67,61,61,40,35,35,57,57,57,57,46,46,0,0],"gold":248,"neow_bonus":"BOSS_RELIC","is_daily":false,"chose_seed":false,"campfire_upgraded":2,"win_rate":0.0,"timestamp":1614390829,"path_taken":["M","M","M","?","M","R","E","M","T","?","M","E","$","E","R","BOSS"],"items_purchased_type":[],"build_version":"2020-12-22","purchased_purges":0,"victory":false,"max_hp_per_floor":[68,68,68,68,68,68,68,68,68,68,68,68,68,68,68,68,68],"relic_stats":{"counters":[10,43],"Snecko Eye":[71,61,63,73],"Pen Nib":[4],"obtain_stats":[{"Matryoshka":14,"Snecko Eye":0,"Pen Nib":7,"The Courier":12,"PureWater":0,"White Beast Statue":9},{"Matryoshka":9,"Snecko Eye":0,"Pen Nib":5,"The Courier":8,"PureWater":0,"White Beast Statue":6},{"Matryoshka":38,"Snecko Eye":0,"Pen Nib":21,"The Courier":34,"PureWater":0,"White Beast Statue":25}]},"card_choices":[{"not_picked":["Evaluate","FollowUp"],"picked":"Swivel","floor":1.0},{"not_picked":["Consecrate","FollowUp"],"picked":"Wireheading","floor":2.0},{"not_picked":["CutThroughFate","PathToVictory"],"picked":"MentalFortress","floor":3.0},{"not_picked":["Crescendo","CrushJoints"],"picked":"Worship","floor":5.0},{"not_picked":["Study","CutThroughFate"],"picked":"TalkToTheHand","floor":7.0},{"not_picked":["Indignation","BowlingBash"],"picked":"Omniscience","floor":8.0},{"not_picked":["Consecrate","InnerPeace"],"picked":"Tantrum","floor":11.0},{"not_picked":["Perseverance","Crescendo"],"picked":"Blasphemy","floor":12.0},{"not_picked":["Perseverance","FlurryOfBlows"],"picked":"ThirdEye","floor":14.0}],"player_experience":1289950,"relics_obtained":[{"floor":7.0,"key":"Pen Nib"},{"floor":9.0,"key":"White Beast Statue"},{"floor":12.0,"key":"The Courier"},{"floor":14.0,"key":"Matryoshka"}],"event_choices":[{"damage_healed":17.0,"max_hp_gain":0.0,"max_hp_loss":0.0,"gold_gain":0.0,"event_name":"The Cleric","player_choice":"Healed","floor":4.0,"gold_loss":35.0,"damage_taken":0.0},{"damage_healed":22.0,"max_hp_gain":0.0,"max_hp_loss":0.0,"gold_gain":0.0,"event_name":"Big Fish","player_choice":"Banana","floor":10.0,"gold_loss":0.0,"damage_taken":0.0}],"is_beta":false,"boss_relics":[],"items_purged_floors":[],"is_endless":false,"potions_floor_spawned":[5,8,11,12,14],"killed_by":"The Guardian","ascension_level":20}}