{"host":"ia9e4s524g7bamk7","time":1614454503,"event":{"mods":["AchievementEnabler","BaseMod","Colored Map","Minty Spire (QoL Compilation)","Permanent Neow","Slay-I","slay the spire mod where everything is the same but ironclad has a cowboy hat"],"gold_per_floor":[12,22,22,37,61,61,92,92,143,143,41,66,97,116,116,241,241,229,229,241,17,29,71,71,111,111,136,145,172,20,20,20,20,20],"floor_reached":33,"language":"ENG","playtime":2180,"items_purged":["Strike_G"],"score":401,"play_id":"86fecf28-4872-4848-9d06-d57b477f84b2","local_time":"20210227203503","is_ascension_mode":true,"campfire_choices":[{"data":"Neutralize","floor":6,"key":"SMITH"},{"floor":8,"key":"REST"},{"data":"Survivor","floor":10,"key":"SMITH"},{"floor":15,"key":"REST"},{"floor":24,"key":"REST"},{"floor":32,"key":"REST"}],"circlet_count":0,"master_deck":["Strike_G","Strike_G","Strike_G","Strike_G","Defend_G","Defend_G","Defend_G","Defend_G","Defend_G","Survivor+1","Neutralize+1","Unload","PiercingWail","Infinite Blades","Flying Knee","Endless Agony","Malaise","Backflip","Blade Dance","After Image","Outmaneuver","Blade Dance","Storm of Steel","Flying Knee+1","Backstab+1","Slice+1","Purity","Bullet Time"],"relics":["Ring of the Snake","Bloody Idol","Letter Opener","Ancient Tea Set","PreservedInsect","HoveringKite","CeramicFish","Akabeko","HornCleat","Pen Nib","Art of War"],"acts_visited":["Exordium","TheCity"],"potions_floor_usage":[12,13,23,25,33],"damage_taken":[{"damage":5,"enemies":"Cultist","floor":1,"turns":4},{"damage":0,"enemies":"Jaw Worm","floor":2,"turns":5},{"damage":0,"enemies":"Small Slimes","floor":4,"turns":4},{"damage":3,"enemies":"Blue Slaver","floor":5,"turns":5},{"damage":37,"enemies":"3 Sentries","floor":7,"turns":10},{"damage":0,"enemies":"Gremlin Gang","floor":12,"turns":5},{"damage":14,"enemies":"Gremlin Nob","floor":13,"turns":6},{"damage":6,"enemies":"Red Slaver","floor":14,"turns":3},{"damage":16,"enemies":"The Guardian","floor":16,"turns":14},{"damage":5,"enemies":"2 Thieves","floor":18,"turns":4},{"damage":11,"enemies":"Chosen","floor":20,"turns":7},{"damage":7,"enemies":"Snake Plant","floor":22,"turns":9},{"damage":32,"enemies":"Book of Stabbing","floor":23,"turns":8},{"damage":35,"enemies":"Slavers","floor":25,"turns":7},{"damage":12,"enemies":"Sentry and Sphere","floor":27,"turns":4},{"damage":20,"enemies":"Centurion and Healer","floor":29,"turns":7},{"damage":60,"enemies":"Automaton","floor":33,"turns":6}],"seed_played":"-3408795473405858085","potions_obtained":[{"floor":1,"key":"Swift Potion"},{"floor":5,"key":"Energy Potion"},{"floor":7,"key":"Explosive Potion"},{"floor":14,"key":"Weak Potion"},{"floor":16,"key":"LiquidBronze"},{"floor":18,"key":"BlessingOfTheForge"},{"floor":23,"key":"Poison Potion"},{"floor":25,"key":"LiquidMemories"}],"is_trial":false,"path_per_floor":["M","M","?","M","M","R","E","R","T","R","$","M","E","M","R","B",null,"M","?","M","$","M","E","R","E","T","M","?","M","$","?","R","B"],"character_chosen":"THE_SILENT","items_purchased":["Backflip","CeramicFish","Storm of Steel","Art of War"],"campfire_rested":4,"item_purchase_floors":[11,21,21,30],"current_hp_per_floor":[58,58,58,58,55,55,18,37,37,37,37,37,23,17,36,20,54,49,49,43,48,46,24,43,18,18,16,21,11,11,11,30,0,0],"gold":20,"neow_bonus":"THREE_RARE_CARDS","is_daily":false,"chose_seed":false,"campfire_upgraded":2,"win_rate":0.0,"timestamp":1614454503,"path_taken":["M","M","?","M","M","R","E","R","T","R","?","M","E","?","R","BOSS","M","?","M","$","M","E","R","E","T","M","?","?","?","?","R","BOSS"],"items_purchased_type":["Card","Relic","Card","Relic"],"build_version":"2020-12-22","purchased_purges":1,"victory":false,"max_hp_per_floor":[70,70,65,65,65,65,65,65,65,65,65,65,65,65,65,65,65,65,65,65,65,65,65,65,65,65,65,65,65,65,65,65,65,65],"card_choices":[{"not_picked":["Night Terror","Phantasmal Killer"],"picked":"Unload","floor":0},{"not_picked":["Skewer","Underhanded Strike"],"picked":"PiercingWail","floor":1},{"not_picked":["Dagger Throw","Backflip"],"picked":"Infinite Blades","floor":2},{"not_picked":["Dodge and Roll","Dagger Spray"],"picked":"Flying Knee","floor":4},{"not_picked":["Reflex","Dagger Throw"],"picked":"Endless Agony","floor":5},{"not_picked":["Eviscerate","Quick Slash"],"picked":"Malaise","floor":7},{"not_picked":["Expertise","Masterful Stab"],"picked":"Blade Dance","floor":12},{"not_picked":["Skewer","Reflex","Bane"],"picked":"SKIP","floor":13},{"not_picked":["Dagger Spray","Terror","Flying Knee"],"picked":"SKIP","floor":14},{"not_picked":["Envenom","A Thousand Cuts"],"picked":"After Image","floor":16},{"not_picked":["Deadly Poison","Quick Slash+1"],"picked":"Outmaneuver","floor":18},{"not_picked":["Slice","Sucker Punch"],"picked":"Blade Dance","floor":20},{"not_picked":["Dodge and Roll","Concentrate","Flying Knee"],"picked":"SKIP","floor":22},{"not_picked":["Corpse Explosion","Cloak And Dagger"],"picked":"Flying Knee+1","floor":23},{"not_picked":["Quick Slash","Slice"],"picked":"Backstab+1","floor":25},{"not_picked":["Backstab","Setup"],"picked":"Slice+1","floor":27},{"not_picked":["Flechettes","Sucker Punch"],"picked":"Bullet Time","floor":29}],"player_experience":441666,"relics_obtained":[{"floor":7,"key":"Letter Opener"},{"floor":9,"key":"Ancient Tea Set"},{"floor":13,"key":"PreservedInsect"},{"floor":23,"key":"Akabeko"},{"floor":25,"key":"HornCleat"},{"floor":26,"key":"Pen Nib"}],"event_choices":[{"damage_healed":0,"gold_gain":0,"player_choice":"Lose Max HP","damage_taken":0,"relics_obtained":["Golden Idol"],"max_hp_gain":0,"max_hp_loss":5,"event_name":"Golden Idol","floor":3,"gold_loss":0},{"damage_healed":0,"gold_gain":0,"player_choice":"Gave Idol","damage_taken":0,"relics_obtained":["Bloody Idol"],"max_hp_gain":0,"max_hp_loss":0,"event_name":"Forgotten Altar","floor":19,"relics_lost":["Golden Idol"],"gold_loss":0},{"damage_healed":0,"gold_gain":0,"player_choice":"1 cards matched","damage_taken":0,"max_hp_gain":0,"max_hp_loss":0,"event_name":"Match and Keep!","floor":28,"gold_loss":0,"cards_obtained":["Purity"]}],"is_beta":false,"boss_relics":[{"not_picked":["Tiny House","Runic Dome"],"picked":"HoveringKite"}],"items_purged_floors":[11],"is_endless":false,"potions_floor_spawned":[1,5,7,14,16,18,23,25,27,29],"killed_by":"Automaton","ascension_level":7}}