{"host":"a1eatafr7pisesky","time":1614444189,"event":{"mods":["AchievementEnabler","BaseMod","Colored Map","Keyboard Shortcuts","Minty Spire (QoL Compilation)","Say the Spire","StSLib","SuperFastMode","everything is the same but u backflip on backflip"],"gold_per_floor":[119,119,194,213,55,88,103,103,103],"floor_reached":8,"language":"KOR","playtime":93,"items_purged":["Defend_P"],"score":109,"play_id":"cfb73df1-c4ae-4e7a-8582-b0090e0bb47b","local_time":"20210228014309","is_ascension_mode":true,"campfire_choices":[],"circlet_count":0,"master_deck":["AscendersBane","Strike_P","Strike_P","Strike_P","Strike_P","Defend_P","Defend_P","Defend_P","Eruption","Vigilance","Indignation","MentalFortress","EmptyFist","FearNoEvil"],"relics":["PureWater","NeowsBlessing","Question Card","HornCleat"],"acts_visited":["Exordium"],"potions_floor_usage":[7],"damage_taken":[{"damage":0,"enemies":"Jaw Worm","floor":1,"turns":1},{"damage":0,"enemies":"Small Slimes","floor":4,"turns":1},{"damage":2,"enemies":"3 Sentries","floor":6,"turns":2},{"damage":12,"enemies":"2 Louse","floor":7,"turns":2},{"damage":36,"enemies":"Lagavulin","floor":8,"turns":3}],"seed_played":"5190892613360315286","potions_obtained":[{"floor":6,"key":"Weak Potion"},{"floor":7,"key":"SteroidPotion"}],"is_trial":false,"path_per_floor":["M","?","?","M","$","E","M","E"],"character_chosen":"WATCHER","items_purchased":["MentalFortress"],"campfire_rested":0,"item_purchase_floors":[5],"current_hp_per_floor":[61,56,45,45,45,43,31,0,0],"gold":103,"neow_bonus":"THREE_ENEMY_KILL","is_daily":false,"chose_seed":false,"campfire_upgraded":0,"win_rate":0.0,"timestamp":1614444189,"path_taken":["M","?","?","M","$","E","M","E"],"items_purchased_type":["Card"],"build_version":"2020-12-22","purchased_purges":1,"victory":false,"max_hp_per_floor":[68,68,68,68,68,68,68,68,68],"card_choices":[{"not_picked":["ThirdEye","SashWhip","Consecrate"],"picked":"SKIP","floor":1},{"not_picked":["Prostrate","FlyingSleeves","Study"],"picked":"Indignation","floor":4},{"not_picked":["Study","EmptyBody","MasterReality"],"picked":"EmptyFist","floor":6},{"not_picked":["BowlingBash","Evaluate","JustLucky"],"picked":"FearNoEvil","floor":7}],"player_experience":504629,"relics_obtained":[{"floor":6,"key":"HornCleat"}],"event_choices":[{"damage_healed":0,"gold_gain":0,"player_choice":"Success","damage_taken":5,"relics_obtained":["Question Card"],"max_hp_gain":0,"max_hp_loss":0,"event_name":"Scrap Ooze","floor":2,"gold_loss":0},{"damage_healed":0,"gold_gain":75,"player_choice":"Gather Gold","damage_taken":11,"max_hp_gain":0,"max_hp_loss":0,"event_name":"World of Goop","floor":3,"gold_loss":0}],"is_beta":false,"boss_relics":[],"items_purged_floors":[5],"is_endless":false,"potions_floor_spawned":[6,7],"killed_by":"Lagavulin","ascension_level":19}}