{"host":"k73jsiy5lznhl6mk","time":1614406374,"event":{"mods":["Act Like it!","BaseMod","Bossed Relics","Colored Map","Colored Powertips","Elementarium","Good Game Mod","Highlight Path","Infinite Spire","Ironclad Rager","Minty Spire (QoL Compilation)","Retaliation","Spicy Shops","Spikes Relics","StSLib","The Blue Laboratory","The Elementalist","The Forsaken","The Jungle","TheSurvivalist","Uncapped"],"gold_per_floor":[117,117,133,133,30,63,79,97,97,97,132,152,163,163,163,267,267,267,267],"floor_reached":18,"language":"ENG","playtime":1899,"items_purged":[],"score":197,"play_id":"9437d578-bb3b-4c71-a02b-4e4e81b57249","local_time":"20210226221254","is_ascension_mode":false,"campfire_choices":[{"floor":15,"key":"REST"}],"circlet_count":0,"master_deck":["elementalist:Fire_Emblem","elementalist:Fire_Emblem","elementalist:Strike+Elemblue","elementalist:Defend_Elemblue","elementalist:Defend_Elemblue","elementalist:Defend_Elemblue","elementalist:Defend_Elemblue","elementalist:Defend_Elemblue","elementalist:Firestrike","elementalist:Earthstrike","elementalist:Waterstrike","elementalist:Airstrike","elementalist:Crystal_Chalk","Violence","elementalist:Spark","elementalist:Low_Tides","elementalist:Confluence","elementalist:Impact","elementalist:Cyclone","elementalist:Blaze","elementalist:Spark","elementalist:Erosion","elementalist:Magma_Shot","elementalist:Flame","elementalist:Accelerant"],"relics":["elementalistmod:MagusStaff","elementalistmod:GraduationLetter","REME:ComplimentaryCards","NeowsBlessing","Strawberry","infinitespire:CursedDice","infinitespire:Eraser","Kunai","elementalistmod:RedRibbon","Sandwich"],"acts_visited":["Exordium","Exordium"],"potions_floor_usage":[8,11,16],"damage_taken":[{"damage":0,"enemies":"2 Louse","floor":1,"turns":1},{"damage":0,"enemies":"Jaw Worm","floor":3,"turns":1},{"damage":0,"enemies":"Lagavulin","floor":6,"turns":4},{"damage":0,"enemies":"Small Slimes","floor":7,"turns":3},{"damage":43,"enemies":"Exordium Thugs","floor":8,"turns":10},{"damage":6,"enemies":"3 Sentries","floor":11,"turns":5},{"damage":4,"enemies":"2 Fungi Beasts","floor":12,"turns":4},{"damage":12,"enemies":"Blue Slaver","floor":13,"turns":4},{"damage":28,"enemies":"Hexaghost","floor":16,"turns":14},{"damage":21,"enemies":"Elementarium:Cyclone","floor":18,"turns":5}],"seed_played":"-924504732930281899","potions_obtained":[{"floor":1,"key":"Energy Potion"},{"floor":8,"key":"Strength Potion"},{"floor":11,"key":"BlessingOfTheForge"},{"floor":16,"key":"Fire Potion"}],"is_trial":false,"path_per_floor":["M","?","M","?","$","E","M","M","T","R","E","M","M","?","R","B",null,"M"],"character_chosen":"THE_ELEMENTALIST","items_purchased":["Strawberry","elementalist:Confluence"],"campfire_rested":1,"item_purchase_floors":[5,5],"current_hp_per_floor":[70,70,70,70,77,77,77,34,34,34,28,24,12,12,35,7,77,56,56],"gold":267,"neow_bonus":"THREE_ENEMY_KILL","is_daily":false,"chose_seed":false,"campfire_upgraded":0,"win_rate":0.0,"timestamp":1614406374,"path_taken":["M","?","M","?","?","E","M","M","T","R","E","M","?","?","R","BOSS","M"],"items_purchased_type":["Relic","Card"],"build_version":"2020-12-22","purchased_purges":0,"victory":false,"max_hp_per_floor":[70,70,70,70,77,77,77,77,77,77,77,77,77,77,77,77,77,77,77],"card_choices":[{"not_picked":["elementalist:Concentricity","elementalist:Mage_Hand"],"picked":"elementalist:Spark","floor":1},{"not_picked":["elementalist:Vaccuum","elementalist:Overheat"],"picked":"elementalist:Low_Tides","floor":3},{"not_picked":["elementalist:Momentum","elementalist:Overheat"],"picked":"elementalist:Impact","floor":6},{"not_picked":["elementalist:Overheat","elementalist:Pressurize"],"picked":"elementalist:Cyclone","floor":7},{"not_picked":["elementalist:Solar_Form","elementalist:Caution"],"picked":"elementalist:Blaze","floor":8},{"not_picked":["elementalist:Emberveil","elementalist:Concentricity"],"picked":"elementalist:Spark","floor":11},{"not_picked":["elementalist:Prepared_Sand","elementalist:Stone_to_Mud"],"picked":"elementalist:Erosion","floor":12},{"not_picked":["elementalist:Mage_Hand","elementalist:Etherstrike"],"picked":"elementalist:Magma_Shot","floor":13},{"not_picked":["elementalist:Quadmire","elementalist:Inferno"],"picked":"elementalist:Accelerant","floor":16}],"player_experience":459178,"relics_obtained":[{"floor":6,"key":"infinitespire:CursedDice"},{"floor":9,"key":"infinitespire:Eraser"},{"floor":11,"key":"Kunai"}],"event_choices":[{"damage_healed":0,"gold_gain":0,"player_choice":"Ignored","damage_taken":0,"max_hp_gain":0,"max_hp_loss":0,"event_name":"Golden Wing","floor":4,"gold_loss":0}],"is_beta":false,"boss_relics":[{"not_picked":["theForsaken:PaleLantern","Sozu"],"picked":"Sandwich"}],"items_purged_floors":[],"is_endless":false,"potions_floor_spawned":[1,8,11,16],"killed_by":"Elementarium:Cyclone","ascension_level":0}}