{"host":"nptej036rrbiurf5","time":1614398184,"event":{"mods":["BaseMod","Colored Map","Colored Powertips","DeckTracker","Minty Spire (QoL Compilation)","StSLib","SuperFastMode"],"gold_per_floor":[117,38,38,38,63,103,126,142,142,165,165,196,212,231,231,324,324,339,364,364,149,170,170,193,193,219,235,235,250,109,120,120,193,193,207,10,10,24,0,0,0,18,18,30,57,17,47,67,67,67,67,67,67,41,72,72],"floor_reached":57,"language":"KOR","playtime":1535,"items_purged":[],"score":2752,"play_id":"6abf2fef-9bfa-40a5-bb41-20cc3eccbbec","local_time":"20210227125624","is_ascension_mode":true,"campfire_choices":[{"data":"Perfected Strike","floor":11.0,"key":"SMITH"},{"data":"Shockwave","floor":15.0,"key":"SMITH"},{"floor":23.0,"key":"RECALL"},{"floor":32.0,"key":"REST"},{"floor":40,"key":"REST"},{"floor":49,"key":"REST"},{"floor":53,"key":"REST"}],"circlet_count":0,"master_deck":["AscendersBane","Strike_R","Strike_R","Strike_R","Strike_R","Strike_R","Defend_R","Defend_R","Defend_R","Bash","Perfected Strike+1","Pommel Strike","Warcry","Rage","Disarm","Ghostly Armor","Shockwave+1","Corruption","Second Wind","Pommel Strike","Dark Embrace","True Grit","Shrug It Off","Burning Pact","Necronomicurse","Demon Form","Perfected Strike","Shrug It Off","Perfected Strike+1","Offering","Shrug It Off","Impervious","Feel No Pain","Evolve","Power Through+1","Offering","Battle Trance","Shrug It Off","Dual Wield+1"],"relics":["Burning Blood","NeowsBlessing","Bloody Idol","Happy Flower","Ice Cream","Shuriken","Paper Frog","Fusion Hammer","Membership Card","Necronomicon","Dream Catcher","Pantograph","Sozu","Bag of Preparation","Centennial Puzzle","Red Mask","CaptainsWheel","Mummified Hand","TungstenRod"],"acts_visited":["Exordium","TheCity","TheBeyond","TheEnding"],"potions_floor_usage":[56],"damage_taken":[{"damage":0.0,"enemies":"Small Slimes","floor":1.0,"turns":1.0},{"damage":0.0,"enemies":"Lagavulin","floor":6.0,"turns":1.0},{"damage":0.0,"enemies":"Jaw Worm","floor":7.0,"turns":1.0},{"damage":10.0,"enemies":"2 Louse","floor":8.0,"turns":2.0},{"damage":0.0,"enemies":"Large Slime","floor":10.0,"turns":4.0},{"damage":6.0,"enemies":"Gremlin Nob","floor":12.0,"turns":3.0},{"damage":9.0,"enemies":"Looter","floor":13.0,"turns":2.0},{"damage":12.0,"enemies":"Exordium Wildlife","floor":14.0,"turns":5.0},{"damage":6.0,"enemies":"The Guardian","floor":16.0,"turns":9.0},{"damage":1.0,"enemies":"Chosen","floor":18.0,"turns":5.0},{"damage":18.0,"enemies":"Shell Parasite","floor":19.0,"turns":4.0},{"damage":6.0,"enemies":"Snecko","floor":22.0,"turns":4.0},{"damage":18.0,"enemies":"3 Cultists","floor":24.0,"turns":5.0},{"damage":9.0,"enemies":"Snake Plant","floor":27.0,"turns":2.0},{"damage":1.0,"enemies":"Centurion and Healer","floor":29.0,"turns":5.0},{"damage":11.0,"enemies":"3 Cultists","floor":31.0,"turns":5.0},{"damage":32.0,"enemies":"Champ","floor":33.0,"turns":6.0},{"damage":9.0,"enemies":"Orb Walker","floor":35.0,"turns":2.0},{"damage":23.0,"enemies":"3 Darklings","floor":38.0,"turns":6.0},{"damage":1,"enemies":"Writhing Mass","floor":42,"turns":2},{"damage":22,"enemies":"Maw","floor":44,"turns":5},{"damage":13,"enemies":"Giant Head","floor":45,"turns":4},{"damage":10,"enemies":"Nemesis","floor":47,"turns":5},{"damage":25,"enemies":"3 Darklings","floor":48,"turns":4},{"damage":13,"enemies":"Donu and Deca","floor":50,"turns":5},{"damage":33,"enemies":"Awakened One","floor":51,"turns":7},{"damage":22,"enemies":"Shield and Spear","floor":55,"turns":6},{"damage":74,"enemies":"The Heart","floor":56,"turns":6}],"seed_played":"6840310444861131566","potions_obtained":[{"floor":8.0,"key":"BlessingOfTheForge"},{"floor":10.0,"key":"SteroidPotion"},{"floor":12.0,"key":"Dexterity Potion"},{"floor":16.0,"key":"HeartOfIron"},{"floor":18.0,"key":"DistilledChaos"},{"floor":24.0,"key":"AttackPotion"},{"floor":27.0,"key":"Swift Potion"}],"is_trial":false,"path_per_floor":["M","$","?","?","T","E","M","M","T","M","R","E","M","M","R","B",null,"M","M","?","$","M","R","M","?","T","M","?","M","$","M","R","B",null,"M","$","?","M","?","R","?","M","T","M","E","$","E","M","R","B","B",null,"R","$","E","B",null],"character_chosen":"IRONCLAD","items_purchased":["Pommel Strike","Warcry","Membership Card","Dark Embrace","True Grit","Pantograph","Bag of Preparation","Centennial Puzzle","Shrug It Off","Evolve","Shrug It Off"],"campfire_rested":4,"item_purchase_floors":[2,2,21,21,21,30,36,36,36,46,54],"current_hp_per_floor":[74,74,48,53,53,59,65,61,61,67,67,67,64,58,58,58,75,80,68,68,68,68,68,56,35,35,32,32,42,42,42,66,59,75,77,77,77,65,65,80,80,80,80,69,67,67,68,54,78,73,53,73,80,80,69,12],"gold":72,"neow_bonus":"THREE_ENEMY_KILL","is_daily":false,"chose_seed":false,"campfire_upgraded":2,"win_rate":0.0,"timestamp":1614398184,"path_taken":["M","$","?","?","?","E","M","M","T","M","R","E","M","M","R","BOSS","M","M","?","$","M","R","M","?","T","M","?","M","$","M","R","BOSS","M","$","?","?","?","R","?","?","T","?","E","?","E","M","R","BOSS","BOSS","R","$","E","BOSS"],"items_purchased_type":["Card","Card","Relic","Card","Card","Relic","Relic","Relic","Card","Card","Card"],"build_version":"2020-12-22","purchased_purges":0,"victory":true,"max_hp_per_floor":[75,75,75,80,80,80,80,80,80,80,80,80,80,80,80,80,80,80,80,80,80,80,80,80,80,80,80,80,80,80,80,80,80,80,80,80,80,80,80,80,80,80,80,80,80,80,80,80,80,80,80,80,80,80,80,80],"card_choices":[{"not_picked":["Clothesline","Disarm"],"picked":"Perfected Strike","floor":1.0},{"not_picked":["Uppercut","Dropkick","Evolve"],"picked":"SKIP","floor":6.0},{"not_picked":["Heavy Blade","Thunderclap"],"picked":"Rage","floor":7.0},{"not_picked":["Headbutt","Heavy Blade"],"picked":"Disarm","floor":8.0},{"not_picked":["Headbutt","Metallicize","Anger"],"picked":"SKIP","floor":10.0},{"not_picked":["Dark Embrace","Warcry","Hemokinesis"],"picked":"SKIP","floor":12.0},{"not_picked":["Sentinel","Heavy Blade"],"picked":"Ghostly Armor","floor":13.0},{"not_picked":["Evolve","Rampage"],"picked":"Shockwave","floor":14.0},{"not_picked":["Reaper","Double Tap"],"picked":"Corruption","floor":16.0},{"not_picked":["Spot Weakness","Sword Boomerang"],"picked":"Second Wind","floor":18.0},{"not_picked":["Inflame","Twin Strike"],"picked":"Pommel Strike","floor":19.0},{"not_picked":["Clash","Shockwave+1"],"picked":"Shrug It Off","floor":22.0},{"not_picked":["Twin Strike+1","Anger"],"picked":"Burning Pact","floor":24.0},{"not_picked":["Heavy Blade","Iron Wave","Anger"],"picked":"SKIP","floor":27.0},{"not_picked":["Body Slam","Uppercut+1","Sword Boomerang"],"picked":"SKIP","floor":29.0},{"not_picked":["Twin Strike","Clothesline"],"picked":"Demon Form","floor":31.0},{"not_picked":["Pommel Strike","Battle Trance"],"picked":"Perfected Strike","floor":32.0},{"not_picked":["Anger+1","True Grit","Intimidate"],"picked":"SKIP","floor":35.0},{"not_picked":["Havoc","Perfected Strike"],"picked":"Offering","floor":38.0},{"not_picked":["Intimidate+1","Sever Soul"],"picked":"Shrug It Off","floor":40},{"not_picked":["Thunderclap+1","True Grit","Reckless Charge"],"picked":"SKIP","floor":42},{"not_picked":["Dropkick","Uppercut","Flex+1"],"picked":"SKIP","floor":44},{"not_picked":["Sword Boomerang","Seeing Red"],"picked":"Feel No Pain","floor":45},{"not_picked":["Dark Embrace","Flame Barrier+1"],"picked":"Power Through+1","floor":47},{"not_picked":["Armaments+1","Wild Strike"],"picked":"Offering","floor":48},{"not_picked":["Warcry+1","Flex+1"],"picked":"Battle Trance","floor":53},{"not_picked":["Feed","True Grit"],"picked":"Dual Wield+1","floor":55}],"player_experience":1039974,"relics_obtained":[{"floor":5.0,"key":"Happy Flower"},{"floor":6.0,"key":"Ice Cream"},{"floor":9.0,"key":"Shuriken"},{"floor":12.0,"key":"Paper Frog"},{"floor":25.0,"key":"Necronomicon"},{"floor":26.0,"key":"Dream Catcher"},{"floor":45,"key":"CaptainsWheel"},{"floor":47,"key":"Mummified Hand"},{"floor":55,"key":"TungstenRod"}],"event_choices":[{"damage_healed":0.0,"max_hp_gain":0.0,"max_hp_loss":0.0,"gold_gain":0.0,"event_name":"Golden Idol","player_choice":"Take Damage","floor":3.0,"gold_loss":0.0,"damage_taken":26.0,"relics_obtained":["Golden Idol"]},{"damage_healed":0.0,"max_hp_gain":5.0,"max_hp_loss":0.0,"gold_gain":0.0,"event_name":"Big Fish","player_choice":"Donut","floor":4.0,"gold_loss":0.0,"damage_taken":0.0},{"damage_healed":0.0,"max_hp_gain":0.0,"max_hp_loss":0.0,"gold_gain":0.0,"event_name":"Ghosts","player_choice":"Ignored","floor":20.0,"gold_loss":0.0,"damage_taken":0.0},{"damage_healed":0.0,"max_hp_gain":0.0,"max_hp_loss":0.0,"gold_gain":0.0,"event_name":"Cursed Tome","player_choice":"Obtained Book","floor":25.0,"gold_loss":0.0,"damage_taken":21.0},{"damage_healed":0.0,"max_hp_gain":0.0,"max_hp_loss":0.0,"gold_gain":0.0,"event_name":"Forgotten Altar","player_choice":"Gave Idol","floor":28.0,"relics_lost":["Golden Idol"],"gold_loss":0.0,"damage_taken":0.0,"relics_obtained":["Bloody Idol"]},{"damage_healed":0.0,"max_hp_gain":0.0,"max_hp_loss":0.0,"gold_gain":0.0,"event_name":"Duplicator","player_choice":"Copied","floor":37.0,"gold_loss":0.0,"damage_taken":0.0,"cards_obtained":["Perfected Strike"]},{"damage_healed":0.0,"max_hp_gain":0.0,"max_hp_loss":0.0,"gold_gain":0.0,"event_name":"Tomb of Lord Red Mask","player_choice":"Paid","floor":39.0,"gold_loss":24.0,"damage_taken":0.0,"relics_obtained":["Red Mask"]},{"damage_healed":0,"gold_gain":0,"cards_transformed":["Defend_R"],"player_choice":"Transformed","damage_taken":0,"max_hp_gain":0,"max_hp_loss":0,"event_name":"Transmorgrifier","floor":41,"gold_loss":0,"cards_obtained":["Impervious"]}],"is_beta":false,"boss_relics":[{"not_picked":["Empty Cage","Black Star"],"picked":"Fusion Hammer"},{"not_picked":["Tiny House","SacredBark"],"picked":"Sozu"}],"items_purged_floors":[],"is_endless":false,"potions_floor_spawned":[8,10,12,16,18,24,27,38,44,47,55],"ascension_level":20}}