{"host":"wls4juz2eplm44ig","time":1614454121,"event":{"mods":["AchievementEnabler","Act Like it!","AlwaysNeverKeys","Aspiration","BaseMod","Bestiary","Better Match","BetterRewards","Colored Map","Dark Map","Downfall","Elementarium","Evolution","GifTheSpireLib","Hubris","Infinite Spire","Marked Mod","Menagerie","Mimic Mod","Minty Spire (QoL Compilation)","Replay The Spire","Retaliation","Shade Mod","Shop Mod","Spikes Relics","StSLib","Stuff the Spire","Uncapped","??????REMEMod"],"gold_per_floor":[112,125,144,154,154,154,184,184,184,214,225,241,271,289,289,390,390,404,15,15,15,15,15,44,44,44,72,72,72,102,118,118,215,315,332,332,632,649,668,668,643,657,657,684,273,300,314,314,314,415,415,427,602,618,41,41,41,52,52,52,77,77,77,85,141,141,216,216,217,267,263,261,261,279,294,316,315,315,322,325,342,342,342,412,412,424,427,34,18,39,47,47,48,48,53,115,131,143,155,167,246,258,258],"floor_reached":102,"language":"ENG","playtime":8181,"items_purged":["Defend_G","Elementarium:StickyTar","Doubt","Pain","Amnesia"],"score":3927,"play_id":"8ae439d0-7907-4167-90cc-d66f25a0a3b0","local_time":"20210227122841","is_ascension_mode":true,"campfire_choices":[{"floor":6.0,"key":"REST"},{"floor":8.0,"key":"REST"},{"floor":15.0,"key":"REST"},{"data":"Accuracy","floor":23.0,"key":"SMITH"},{"data":"Concentrate","floor":25.0,"key":"SMITH"},{"data":"Elementarium:VoidblessedBlade","floor":28.0,"key":"SMITH"},{"data":"Terror","floor":32.0,"key":"SMITH"},{"data":"infinitespire:FutureSight","floor":40.0,"key":"SMITH"},{"data":"Madness","floor":49.0,"key":"SMITH"},{"data":"Infinite Blades","floor":57,"key":"SMITH"},{"data":"Setup","floor":63,"key":"SMITH"},{"data":"StuffTheSpire:Shiver","floor":66,"key":"SMITH"},{"data":"REME_BuildACard","floor":78,"key":"SMITH"},{"data":"After Image","floor":98,"key":"SMITH"},{"data":"hubris:Gluttony","floor":100,"key":"PURGE"}],"circlet_count":1,"master_deck":["Flying Knee","Flying Knee","Strike_G","Defend_G","Defend_G","Defend_G","Survivor","Neutralize","Violence","Hidden Blade","Backstab","Blade Dance","Backstab","Pain","Cloak And Dagger","StuffTheSpire:DoubleShiv","StuffTheSpire:MirrorStance","Prepared","Hidden Blade","Concentrate+1","Storm of Steel","CurseOfTheBell","Backstab","Accuracy+1","ReplayTheSpireMod:Chaos Vortex+1","Elementarium:FireblessedBlade","Elementarium:WindblessedBlade","Elementarium:EarthblessedBlade","Elementarium:IceblessedBlade","Elementarium:VoidblessedBlade+1","Deflect","Hidden Blade+1","Terror+1","Slice+1","Grand Finale","AbeCurse","Cloak And Dagger+1","infinitespire:FutureSight+1","StuffTheSpire:ClusterCrunch+1","Distraction","Cloak And Dagger+1","Hidden Blade","ReplayTheSpireMod:Speed Training+1","Dagger Throw+1","Madness","Madness+1","Adrenaline","Dagger Throw","ReplayTheSpireMod:Private Reserves","ReplayTheSpireMod:Necrogeddon+1","Infinite Blades+1","Adrenaline","Setup+1","Metamorphosis","StuffTheSpire:Shiver+1","Panache","Metamorphosis","Cloak And Dagger+1","Replay:Bootleg Shield Generator+1","Chrysalis","Swift Strike","REME_TheoryOfElimination","REME_BuildACard+1","hubris:InfiniteBlow+4","Phantasmal Killer","Specialist+1","After Image+1","infinitespire:Gouge","Writhe","Prepared+1","ReplayTheSpireMod:Scrap Shanks","REME_FirmDetermination","Blade Dance","Poisoned Strike","Swift Strike+1","Skewer+1","hubris:NaturalOne","REME_EyeOfCthun","Mayhem"],"relics":["EVO:Axolotl","REME_ComplimentaryCards","Replay:Drink Me","WarpedTongs","hubris:MysteriousPyramids","Quantum Egg","TungstenRod","hubris:64BitClover","Calling Bell","aspiration:Lifesprig","infinitespire:EmpoweringShard","Tough Bandages","Vampiric Spirits","Du-Vu Doll","FossilizedHelix","ZombieTooth","MiniBlackHole","CaptainsWheel","Elementarium:ElementariumTrophy","Replay:Grab Bag","Replay:Wanted Poster","Abe\u0027s Treasure","hubris:Stopwatch","HoveringKite","HandDrill","Ornamental Fan","Letter Opener","infinitespire:CursedDice","Gremlin Horn","Akabeko","RollingBoulder","REME_LowDesire","Bag of Marbles","hubris:SlimyHat","aspiration:StickyExplosives","WizardHat","Mummified Hand","Toy Ornithopter","SsserpentHead","ReplayFunnel","Circlet","WarpedTongs","WristBlade","TwistedFunnel","Anchor","ReplayTheSpireMod:TigerMarble","Blue Doll","aspiration:ArtOfWarUpgrade","Pocketwatch","Paper Crane","Replay:Ancient Bell","StuffTheSpire:Experiment12","Matryoshka","infinitespire:Golems Mask","aspiration:HummingbirdHeart","Bag of Preparation","Smiling Mask","Garlic","MawBank","hubris:Icosahedron","Peace Pipe","hubris:BlackHole"],"acts_visited":["Exordium","Exordium","TheBeyond","TheCity","TheBeyond","Exordium"],"potions_floor_usage":[75,77],"damage_taken":[{"damage":4.0,"enemies":"Cultist","floor":1.0,"turns":3.0},{"damage":0.0,"enemies":"Small Slimes","floor":2.0,"turns":3.0},{"damage":9.0,"enemies":"Jaw Worm","floor":3.0,"turns":3.0},{"damage":12.0,"enemies":"3 Louse","floor":4.0,"turns":2.0},{"damage":29.0,"enemies":"3 Sentries","floor":7.0,"turns":8.0},{"damage":8.0,"enemies":"Lagavulin","floor":10.0,"turns":6.0},{"damage":0.0,"enemies":"Large Slime","floor":11.0,"turns":3.0},{"damage":0.0,"enemies":"Gremlin Gang","floor":12.0,"turns":4.0},{"damage":0.0,"enemies":"3 Sentries","floor":13.0,"turns":5.0},{"damage":0.0,"enemies":"2 Fungi Beasts","floor":14.0,"turns":2.0},{"damage":22.0,"enemies":"The Guardian","floor":16.0,"turns":8.0},{"damage":0.0,"enemies":"Elementarium:VoidCorruption","floor":18.0,"turns":3.0},{"damage":0.0,"enemies":"Elementarium:ElementalPortal","floor":24.0,"turns":5.0},{"damage":0.0,"enemies":"Elementarium:WarGolem","floor":27.0,"turns":2.0},{"damage":0.0,"enemies":"Elementarium:FIRE_NOBILITY","floor":30.0,"turns":3.0},{"damage":0.0,"enemies":"Elementarium:Cyclone","floor":31.0,"turns":3.0},{"damage":0.0,"enemies":"Elementarium:GolemEmperor","floor":33.0,"turns":4.0},{"damage":0.0,"enemies":"Orb Walker","floor":35.0,"turns":2.0},{"damage":5.0,"enemies":"3 Shapes","floor":38.0,"turns":2.0},{"damage":0.0,"enemies":"Writhing Mass","floor":39.0,"turns":3.0},{"damage":0.0,"enemies":"Maw","floor":42.0,"turns":3.0},{"damage":0.0,"enemies":"Nightmare","floor":44.0,"turns":5.0},{"damage":0.0,"enemies":"Giant Head","floor":46.0,"turns":3.0},{"damage":0.0,"enemies":"Transient","floor":47.0,"turns":5.0},{"damage":0.0,"enemies":"Awakened One","floor":50.0,"turns":5.0},{"damage":0,"enemies":"2 Louse","floor":52,"turns":1},{"damage":0,"enemies":"Small Slimes","floor":54,"turns":1},{"damage":0,"enemies":"3 Sentries","floor":58,"turns":2},{"damage":0,"enemies":"Gremlin Nob","floor":61,"turns":1},{"damage":0,"enemies":"Cultist","floor":64,"turns":1},{"damage":0,"enemies":"Large Slime","floor":65,"turns":2},{"damage":0,"enemies":"Slime Boss","floor":67,"turns":3},{"damage":0,"enemies":"2 Thieves","floor":69,"turns":1},{"damage":0,"enemies":"3 Byrds","floor":71,"turns":2},{"damage":0,"enemies":"3 Cultists","floor":72,"turns":2},{"damage":0,"enemies":"Gremlin Leader","floor":74,"turns":2},{"damage":0,"enemies":"Snecko","floor":75,"turns":1},{"damage":0,"enemies":"Book of Stabbing","floor":76,"turns":1},{"damage":0,"enemies":"Centurion and Healer","floor":77,"turns":3},{"damage":22,"enemies":"Nightmare","floor":79,"turns":4},{"damage":0,"enemies":"Centurion and Healer","floor":80,"turns":1},{"damage":0,"enemies":"Book of Stabbing","floor":81,"turns":2},{"damage":8,"enemies":"hubris:MusketHawk","floor":84,"turns":3},{"damage":0,"enemies":"Orb Walker","floor":86,"turns":1},{"damage":0,"enemies":"3 Shapes","floor":87,"turns":1},{"damage":0,"enemies":"Transient","floor":90,"turns":5},{"damage":0,"enemies":"R_Hoarder","floor":91,"turns":3},{"damage":0,"enemies":"Sphere and 2 Shapes","floor":93,"turns":1},{"damage":0,"enemies":"Nightmare","floor":95,"turns":4},{"damage":0,"enemies":"4 Shapes","floor":97,"turns":1},{"damage":0,"enemies":"Jaw Worm Horde","floor":99,"turns":2},{"damage":0,"enemies":"Time Eater","floor":101,"turns":3}],"seed_played":"-6966881277580591532","potions_obtained":[{"floor":4.0,"key":"SpeedPotion"},{"floor":7.0,"key":"GhostInAJar"},{"floor":12.0,"key":"Slimebound:ThreeZeroPotion"},{"floor":18.0,"key":"ColorlessPotion"},{"floor":27.0,"key":"Languid Potion"},{"floor":30.0,"key":"SneckoOil"},{"floor":42.0,"key":"Energy Potion"},{"floor":44.0,"key":"SpeedPotion"},{"floor":46.0,"key":"Ancient Potion"},{"floor":47.0,"key":"Poison Potion"},{"floor":52,"key":"Flashbang"},{"floor":74,"key":"champ:CounterPotion"},{"floor":80,"key":"sneckomod:MuddlingPotion"},{"floor":81,"key":"Explosive Potion"}],"is_trial":false,"path_per_floor":["M","M","M","M","?","R","E","R","T","E","M","M","E","M","R","B",null,"M","$","AVR","?","?","R","E","R","T","E","R","?","E","M","R","B",null,"M","AVR","?","M","M","R","?","M","T","NM","$","E","M","?","R","B",null,"M","?","M","$","?","R","E","?","T","E","?","R","M","M","R","B",null,"M","?","M","M","AVR","E","M","E","MIM","R","NM","M","E","?","R","B",null,"M","M","$","$","M","E","R","M","T","NM","?","M","R","M","R","B",null],"character_chosen":"THE_SILENT","items_purchased":["Vampiric Spirits","Accuracy","Gremlin Horn","Akabeko","aspiration:StickyExplosives","ReplayTheSpireMod:Necrogeddon","Infinite Blades","aspiration:HummingbirdHeart","REME_FirmDetermination","Blade Dance"],"campfire_rested":3,"item_purchase_floors":[19,19,45,45,55,55,55,88,88,89],"current_hp_per_floor":[49,49,40,28,28,43,14,29,29,21,21,21,21,21,36,14,43,43,43,43,32,32,32,32,32,32,32,32,32,32,32,32,32,32,32,32,32,27,32,32,32,32,32,32,32,32,32,29,29,32,32,32,32,32,32,32,32,32,32,32,32,32,32,32,32,32,32,32,32,32,32,32,32,32,32,32,32,32,10,32,32,32,32,24,30,30,32,32,32,32,32,32,32,32,32,32,32,32,32,32,32,32,32],"gold":258,"neow_bonus":"BOSS_RELIC","is_daily":false,"chose_seed":false,"campfire_upgraded":11,"win_rate":0.0,"timestamp":1614454121,"path_taken":["M","?","M","M","?","R","E","R","T","E","M","M","E","?","R","BOSS","M","?","AVR","?","?","R","E","R","T","E","R","?","E","M","R","BOSS","M","AVR","?","?","M","R","?","M","T","NM","$","E","M","?","R","BOSS","M","?","M","$","?","R","E","?","T","E","?","R","M","?","R","BOSS","M","?","M","M","AVR","E","M","E","MIM","R","NM","M","E","?","R","BOSS","M","M","?","$","?","E","R","M","T","NM","?","M","R","M","R","BOSS"],"items_purchased_type":["Relic","Card","Relic","Relic","Relic","Card","Card","Relic","Card","Card"],"build_version":"2020-12-22","purchased_purges":5,"victory":false,"max_hp_per_floor":[53,53,53,53,53,53,53,53,53,53,53,53,53,53,53,53,53,53,53,53,32,32,32,32,32,32,32,32,32,32,32,32,32,32,32,32,32,32,32,32,32,32,32,32,32,32,32,32,32,32,32,32,32,32,32,32,32,32,32,32,32,32,32,32,32,32,32,32,32,32,32,32,32,32,32,32,32,32,32,32,32,32,32,32,32,32,32,32,32,32,32,32,32,32,32,32,32,32,32,32,32,32,32],"card_choices":[{"not_picked":["Acrobatics","Dodge and Roll"],"picked":"Hidden Blade","floor":1.0},{"not_picked":["Dash","Finisher"],"picked":"Backstab","floor":2.0},{"not_picked":["Flying Knee","Escape Plan"],"picked":"Blade Dance","floor":3.0},{"not_picked":["StuffTheSpire:Python","Outmaneuver"],"picked":"Backstab","floor":4.0},{"not_picked":["Replay:Poison Smokescreen","StuffTheSpire:Injection"],"picked":"Cloak And Dagger","floor":7.0},{"not_picked":["Terror","REME_GreenPollution"],"picked":"StuffTheSpire:DoubleShiv","floor":10.0},{"not_picked":["Cloak And Dagger","hubris:TrickCloak"],"picked":"StuffTheSpire:MirrorStance","floor":11.0},{"not_picked":["Doppelganger","StuffTheSpire:Python"],"picked":"Prepared","floor":12.0},{"not_picked":["Toxin Wave","Sucker Punch"],"picked":"Hidden Blade","floor":13.0},{"not_picked":["Poisoned Stab","ReplayTheSpireMod:Shiv Toss"],"picked":"Concentrate","floor":14.0},{"not_picked":["Burst","Bullet Time"],"picked":"Storm of Steel","floor":16.0},{"not_picked":["Underhanded Strike","Flying Knee"],"picked":"Backstab","floor":18.0},{"not_picked":["ReplayTheSpireMod:Tripwire","Finisher"],"picked":"Deflect","floor":24.0},{"not_picked":["Prepared+1","Expertise+1"],"picked":"Hidden Blade+1","floor":27.0},{"not_picked":["Blur","StuffTheSpire:BrimstoneBlast"],"picked":"Terror","floor":30.0},{"not_picked":["StuffTheSpire:BumpUp","Quick Slash+1"],"picked":"Slice+1","floor":31.0},{"not_picked":["REME_SpectralBlade","REME_CopyPotion"],"picked":"Grand Finale","floor":33.0},{"not_picked":["Dash","StuffTheSpire:BumpUp"],"picked":"Cloak And Dagger+1","floor":35.0},{"not_picked":["Footwork","StuffTheSpire:Sprint+1"],"picked":"StuffTheSpire:ClusterCrunch+1","floor":38.0},{"not_picked":["Dagger Spray+1","StuffTheSpire:Incursion+1"],"picked":"Distraction","floor":39.0},{"not_picked":["Poisoned Stab","Slice+1"],"picked":"Cloak And Dagger+1","floor":42.0},{"not_picked":["StuffTheSpire:BumpUp","Toxin Wave+1"],"picked":"Hidden Blade","floor":44.0},{"not_picked":["Replay:Poison Smokescreen","Replay:Bag of Tricks"],"picked":"ReplayTheSpireMod:Speed Training+1","floor":46.0},{"not_picked":["Backflip","Dagger Spray"],"picked":"Dagger Throw+1","floor":47.0},{"not_picked":["Venomology","Bullet Time"],"picked":"Adrenaline","floor":50.0},{"not_picked":["ShadowRift","Underhanded Strike","REME_TheoryOfElimination"],"picked":"Dagger Throw","floor":52},{"not_picked":["Cloak And Dagger","Tactician","Bouncing Flask"],"picked":"ReplayTheSpireMod:Private Reserves","floor":54},{"not_picked":["Reflex","ReplayTheSpireMod:Tripwire","ReplayUltimateDefense"],"picked":"Adrenaline","floor":58},{"not_picked":["Bane","Poisoned Stab","The Bomb"],"picked":"Setup","floor":61},{"not_picked":["StuffTheSpire:Incursion","Eviscerate","Slice"],"picked":"Metamorphosis","floor":64},{"not_picked":["Dash","Flying Knee","Panacea"],"picked":"StuffTheSpire:Shiver","floor":65},{"not_picked":["REME_GrazeFinale","Poison Darts","Night Terror"],"picked":"Panache","floor":67},{"not_picked":["Sucker Punch","Quick Slash","StuffTheSpire:BrimstoneBlast"],"picked":"Metamorphosis","floor":69},{"not_picked":["PiercingWail","Dagger Spray","Impatience"],"picked":"Cloak And Dagger+1","floor":71},{"not_picked":["InfectiousVector","ShadowRift+1","Underhanded Strike+1"],"picked":"Replay:Bootleg Shield Generator+1","floor":72},{"not_picked":["Cloak And Dagger","Quick Slash","Blade Dance+1"],"picked":"Chrysalis","floor":74},{"not_picked":["StuffTheSpire:BumpUp+1","ShadowRift+1","Riddle With Holes+1"],"picked":"Swift Strike","floor":75},{"not_picked":["Sucker Punch","InfectiousVector","Cloak And Dagger"],"picked":"REME_TheoryOfElimination","floor":76},{"not_picked":["ReplayTheSpireMod:Necrosis","Backflip+1","Replay:Poison Smokescreen"],"picked":"REME_BuildACard","floor":77},{"not_picked":["infinitespire:Starlight","infinitespire:Punishment"],"picked":"hubris:InfiniteBlow+4","floor":79},{"not_picked":["Finisher","Dagger Spray","ReplayTheSpireMod:Uncanny Aura"],"picked":"Phantasmal Killer","floor":79},{"not_picked":["Underhanded Strike","Dagger Throw","Acrobatics","Replay:Dark Deal"],"picked":"SKIP","floor":80},{"not_picked":["PiercingWail+1","Predator","Flying Knee+1"],"picked":"Specialist+1","floor":81},{"not_picked":["REME_CopyPotion","Bullet Time","Impatience"],"picked":"After Image","floor":84},{"not_picked":["hubris:InfiniteBlow+4","ReplayTheSpireMod:Black Plague"],"picked":"infinitespire:Gouge","floor":84},{"not_picked":["Overencumbered","Delirium","Notoriety"],"picked":"hubris:Gluttony","floor":85},{"not_picked":["Regret","Looming Evil","hubris:Despair"],"picked":"Amnesia","floor":85},{"not_picked":["Looming Evil","downfall:Malfunctioning","Overencumbered"],"picked":"Writhe","floor":85},{"not_picked":["Deflect+1","Bane+1","Madness+1"],"picked":"Prepared+1","floor":86},{"not_picked":["StuffTheSpire:BrimstoneBlast+1","Terror","Transmutation"],"picked":"ReplayTheSpireMod:Scrap Shanks","floor":87},{"not_picked":["Doppelganger","ReplayTheSpireMod:Exploit Weakness+1","Quick Slash","Feint"],"picked":"SKIP","floor":90},{"not_picked":["Underhanded Strike+1","Flying Knee+1","hubris:SlightOfHand+1"],"picked":"Poisoned Strike","floor":91},{"not_picked":["Bullet Time","Cloak And Dagger","Outmaneuver+1"],"picked":"Swift Strike+1","floor":93},{"not_picked":["Well Laid Plans+1","Endless Agony+1","Assess"],"picked":"Skewer+1","floor":95},{"not_picked":["Distraction","Dagger Spray+1","Setup+1"],"picked":"REME_EyeOfCthun","floor":97},{"not_picked":["StuffTheSpire:Injection+1","Replay:Poison Smokescreen+1","Blade Dance","Replay:Sssssssssshield+1"],"picked":"SKIP","floor":99},{"not_picked":["StuffTheSpire:FinalStruggle","Corpse Explosion","Night Terror"],"picked":"Mayhem","floor":101}],"player_experience":651857,"relics_obtained":[{"floor":7.0,"key":"hubris:MysteriousPyramids"},{"floor":9.0,"key":"Quantum Egg"},{"floor":10.0,"key":"TungstenRod"},{"floor":13.0,"key":"hubris:64BitClover"},{"floor":17.0,"key":"aspiration:Lifesprig"},{"floor":17.0,"key":"infinitespire:EmpoweringShard"},{"floor":17.0,"key":"Tough Bandages"},{"floor":24.0,"key":"FossilizedHelix"},{"floor":26.0,"key":"ZombieTooth"},{"floor":27.0,"key":"MiniBlackHole"},{"floor":30.0,"key":"CaptainsWheel"},{"floor":38.0,"key":"Ornamental Fan"},{"floor":43.0,"key":"Letter Opener"},{"floor":44.0,"key":"infinitespire:CursedDice"},{"floor":46.0,"key":"RollingBoulder"},{"floor":51.0,"key":"Bag of Marbles"},{"floor":51.0,"key":"hubris:SlimyHat"},{"floor":58,"key":"WizardHat"},{"floor":60,"key":"Mummified Hand"},{"floor":61,"key":"Toy Ornithopter"},{"floor":64,"key":"ReplayFunnel"},{"floor":74,"key":"Anchor"},{"floor":76,"key":"ReplayTheSpireMod:TigerMarble"},{"floor":77,"key":"Blue Doll"},{"floor":79,"key":"Art of War"},{"floor":80,"key":"Pocketwatch"},{"floor":81,"key":"Paper Crane"},{"floor":91,"key":"Bag of Preparation"},{"floor":94,"key":"Smiling Mask"},{"floor":94,"key":"Garlic"},{"floor":95,"key":"MawBank"},{"floor":99,"key":"Peace Pipe"}],"event_choices":[{"damage_healed":0.0,"max_hp_gain":0.0,"max_hp_loss":0.0,"gold_gain":0.0,"event_name":"Accursed Blacksmith","player_choice":"Rummage","floor":5.0,"gold_loss":0.0,"damage_taken":0.0,"relics_obtained":["WarpedTongs"],"cards_obtained":["Pain"]},{"damage_healed":0.0,"max_hp_gain":0.0,"max_hp_loss":21.0,"gold_gain":0.0,"event_name":"Elementarium:ElementalBlades","player_choice":"Touch","floor":21.0,"gold_loss":0.0,"damage_taken":0.0,"cards_obtained":["Elementarium:FireblessedBlade","Elementarium:WindblessedBlade","Elementarium:EarthblessedBlade","Elementarium:IceblessedBlade","Elementarium:VoidblessedBlade"]},{"damage_healed":0.0,"max_hp_gain":0.0,"max_hp_loss":0.0,"gold_gain":0.0,"event_name":"Elementarium:FountainOfGold","player_choice":"Ignored","floor":22.0,"gold_loss":0.0,"damage_taken":0.0},{"damage_healed":0.0,"max_hp_gain":0.0,"max_hp_loss":0.0,"gold_gain":300.0,"event_name":"Wheel of Change","player_choice":"Gold","floor":37.0,"gold_loss":0.0,"damage_taken":0.0},{"damage_healed":0.0,"max_hp_gain":0.0,"max_hp_loss":0.0,"gold_gain":0.0,"event_name":"Winding Halls","player_choice":"Embrace Madness","floor":48.0,"gold_loss":0.0,"damage_taken":4.0,"cards_obtained":["Madness","Madness"]},{"damage_healed":0,"gold_gain":175,"player_choice":"AGREE","damage_taken":0,"max_hp_gain":0,"max_hp_loss":0,"event_name":"Liars Game","floor":53,"gold_loss":0,"cards_obtained":["Doubt"]},{"damage_healed":0,"gold_gain":0,"player_choice":"Trade","damage_taken":0,"relics_obtained":["SsserpentHead"],"max_hp_gain":0,"max_hp_loss":0,"event_name":"FaceTrader","floor":62,"gold_loss":0},{"damage_healed":0,"gold_gain":0,"player_choice":"Rummage","damage_taken":0,"relics_obtained":["WarpedTongs"],"max_hp_gain":0,"max_hp_loss":0,"event_name":"Accursed Blacksmith","floor":70,"gold_loss":0,"cards_obtained":["Pain"]},{"damage_healed":0,"gold_gain":0,"player_choice":"Bet on Owner","damage_taken":0,"max_hp_gain":0,"max_hp_loss":0,"event_name":"The Joust","floor":82,"gold_loss":50}],"is_beta":false,"boss_relics":[{"not_picked":["vexMod:ImprovementManual","Tiny House"],"picked":"Calling Bell"},{"not_picked":["REME_DuelDisc","Runic Pyramid"],"picked":"Replay:Grab Bag"},{"not_picked":["StuffTheSpire:RunicConfusion","ReplayTheSpireMod:Onyx Gauntlets"],"picked":"Replay:Wanted Poster"},{"not_picked":["aspiration:FutureDiary","vexMod:CursedCompass"],"picked":"Abe\u0027s Treasure"},{"not_picked":["aspiration:RunicSpoon","Snecko Scales"],"picked":"hubris:Stopwatch"},{"not_picked":["StuffTheSpire:Kangaroo","aspiration:SecretTechniqueScroll"],"picked":"REME_LowDesire"},{"not_picked":["hubris:TerracottaHorce","Circlet"],"picked":"Circlet"},{"not_picked":["hubris:RunicObelisk","aspiration:PoetsPen"],"picked":"Replay:Ancient Bell"},{"not_picked":["Snake Skull","Replay:Mystery Machine"],"picked":"StuffTheSpire:Experiment12"},{"not_picked":["Frozen Egg 2","GiantMaggot"],"picked":"Matryoshka"},{"not_picked":["Durian","infinitespire:Joker Card"],"picked":"infinitespire:Golems Mask"},{"not_picked":["Circlet","Cursed Key"],"picked":"hubris:BlackHole"}],"items_purged_floors":[20,36,55,73,88],"is_endless":true,"potions_floor_spawned":[4,7,12,18,27,30,42,44,46,47,52,54,64,72,74,80,81,87,90,93,95,97,101],"ascension_level":9}}