{"host":"8fnghcq8tvbg6z9e","time":1614412001,"event":{"mods":["BaseMod","Downfall","Minty Spire (QoL Compilation)","Quick Restart","StSLib"],"gold_per_floor":[0,15,29,45,60,160,160,60,79,72,72,95,95,116,143,254,254,254,254,254,254],"floor_reached":19,"language":"ZHS","playtime":762,"items_purged":[],"score":161,"play_id":"80be39a8-8de1-4a8e-bddb-35a3a52a9d15","local_time":"20210227154641","is_ascension_mode":false,"campfire_choices":[{"floor":1,"key":"RECALL"},{"data":"hexamod:Float","floor":8,"key":"SMITH"},{"data":"hexamod:HexaLevel","floor":18,"key":"SMITH"}],"circlet_count":0,"master_deck":["hexamod:Strike","hexamod:Strike+1","hexamod:Strike","hexamod:Strike","hexamod:Defend+1","hexamod:Defend","hexamod:Defend+1","hexamod:Defend","hexamod:Sear","hexamod:Float+1","hexamod:FirstSeal","hexamod:Hexaguard","hexamod:BurningTouch","hexamod:SpectersWail","hexamod:SecondSeal","hexamod:FlamesFromBeyond","downfall:Malfunctioning","hexamod:SuperheatedStrike","hexamod:HexaLevel+1"],"relics":["hexamod:SpiritBrand","Dead Branch","Thread and Needle","downfall:HeartBlessingRed","Torii","SlaversCollar"],"acts_visited":["Exordium","TheCity"],"potions_floor_usage":[12,16,16],"damage_taken":[{"damage":1,"enemies":"Jaw Worm","floor":2,"turns":3},{"damage":0,"enemies":"Small Slimes","floor":3,"turns":3},{"damage":0,"enemies":"2 Louse","floor":4,"turns":5},{"damage":0,"enemies":"downfall:LooterAlt","floor":5,"turns":3},{"damage":0,"enemies":"2 Fungi Beasts","floor":9,"turns":3},{"damage":0,"enemies":"downfall:FleeingMerchant","floor":10,"turns":4},{"damage":0,"enemies":"Large Slime","floor":12,"turns":3},{"damage":0,"enemies":"downfall:LooterAlt","floor":14,"turns":3},{"damage":3,"enemies":"Red Slaver","floor":15,"turns":3},{"damage":6,"enemies":"IC_STATUS_ARCHETYPE","floor":16,"turns":6},{"damage":16,"enemies":"downfall:LooterAlt2","floor":19,"turns":2}],"seed_played":"1184949492779925939","potions_obtained":[{"floor":2,"key":"DuplicationPotion"},{"floor":9,"key":"Fire Potion"},{"floor":12,"key":"Energy Potion"},{"floor":15,"key":"Weak Potion"}],"is_trial":false,"path_per_floor":["R","M","M","M","M","?","T","R","M","$","?","M","?","M","M","B",null,"R","M"],"character_chosen":"THE_SPIRIT","items_purchased":[],"campfire_rested":0,"item_purchase_floors":[],"current_hp_per_floor":[70,69,70,70,70,70,70,70,70,70,58,65,65,70,70,64,70,70,54,54,54],"gold":254,"neow_bonus":"ONE_RARE_RELIC","is_daily":false,"chose_seed":false,"campfire_upgraded":2,"win_rate":0.0,"timestamp":1614412001,"path_taken":["R","M","M","M","M","?","T","R","M","$","?","?","?","M","M","BOSS","R","M"],"items_purchased_type":[],"build_version":"2020-12-22","purchased_purges":0,"victory":false,"max_hp_per_floor":[70,70,70,70,70,70,70,70,70,70,70,70,70,70,70,70,70,70,70,70,70],"card_choices":[{"not_picked":["hexamod:SpectralAdrenaline","hexamod:AdvancingGuard"],"picked":"hexamod:FirstSeal","floor":2},{"not_picked":["hexamod:PhantomCloak","hexamod:BacktrackSmack"],"picked":"hexamod:Hexaguard","floor":3},{"not_picked":["hexamod:BacktrackSmack","hexamod:ThermalTransfer"],"picked":"hexamod:BurningTouch","floor":4},{"not_picked":["hexamod:AdvancingGuard","hexamod:BacktrackSmack"],"picked":"hexamod:SpectersWail","floor":5},{"not_picked":["hexamod:SpectersWail","hexamod:RetreatToShadows"],"picked":"hexamod:SecondSeal","floor":9},{"not_picked":["hexamod:SuperheatedStrike","hexamod:AdvancingGuard"],"picked":"hexamod:FlamesFromBeyond","floor":10},{"not_picked":["hexamod:GhostShield","hexamod:BurningTouch","hexamod:EmpoweredFlame"],"picked":"SKIP","floor":12},{"not_picked":["hexamod:SpectralSpark","hexamod:HeatMetal"],"picked":"hexamod:SuperheatedStrike","floor":14},{"not_picked":["hexamod:HauntingEcho","hexamod:BurningTouch"],"picked":"hexamod:HexaLevel","floor":15}],"player_experience":203514,"relics_obtained":[{"floor":7,"key":"Thread and Needle"}],"event_choices":[{"damage_healed":0,"gold_gain":0,"player_choice":"Success","damage_taken":12,"relics_obtained":["Torii"],"max_hp_gain":0,"max_hp_loss":0,"event_name":"Scrap Ooze","floor":11,"gold_loss":0}],"is_beta":false,"boss_relics":[{"not_picked":["Runic Pyramid","Snecko Eye"],"picked":"SlaversCollar"}],"items_purged_floors":[],"is_endless":false,"potions_floor_spawned":[2,9,12,15],"killed_by":"downfall:LooterAlt2","ascension_level":0}}