{"host":"wbs0wzz0alz01mnq","time":1614456765,"event":{"mods":["2.2 Compatiblity","AchievementEnabler","BaseMod","Bestiary","Colored Map","Colored Powertips","Curses Come First","Dark Map","DeckTracker","GifTheSpireLib","Googly Eyes","Hermit","Highlight Path","Minty Spire (QoL Compilation)","Morshu Shopkeeper - ENHANCED","Permanent Neow","Quick Restart","RNG Fix","Rare Cards Sparkle","Relic Stats","Smile Girya","StSLib","UnlockEverythingMod","Waifu the Spire","Weighted Paths"],"gold_per_floor":[109,109,109,184,195,195,261,332,355,355,377,410,410,430,430,542,542,561,561,561,561,561],"floor_reached":21,"language":"ENG","playtime":1285,"items_purged":[],"score":200,"play_id":"61e31560-5703-4344-89ef-5469bebb108f","local_time":"20210227151245","is_ascension_mode":false,"campfire_choices":[{"data":"hermit:Scavenge","floor":6,"key":"SMITH"},{"data":"hermit:Cheat","floor":10,"key":"SMITH"},{"data":"hermit:Maintenance","floor":15,"key":"SMITH"}],"circlet_count":0,"master_deck":["hermit:Defend_Hermit","hermit:Defend_Hermit","hermit:Defend_Hermit","hermit:Defend_Hermit","hermit:Snapshot","hermit:Covet","hermit:Quickdraw+1","Regret","hermit:Scavenge+1","hermit:Cheat+1","hermit:FlashPowder","hermit:Ricochet","hermit:Maintenance+1","hermit:Reprieve","hermit:SprayPray+1","hermit:Maintenance","Bite","Bite","Bite","Bite","Bite"],"relics":["hermit:ClaspedLocket","Lizard Tail","Orichalcum","Matryoshka","Pen Nib","Toy Ornithopter","Ornamental Fan","Nunchaku"],"acts_visited":["Exordium","TheCity"],"potions_floor_usage":[12,14,16],"damage_taken":[{"damage":0,"enemies":"2 Louse","floor":1,"turns":3},{"damage":0,"enemies":"Cultist","floor":5,"turns":3},{"damage":26,"enemies":"Gremlin Nob","floor":8,"turns":7},{"damage":0,"enemies":"Jaw Worm","floor":11,"turns":4},{"damage":28,"enemies":"Gremlin Nob","floor":12,"turns":5},{"damage":0,"enemies":"Exordium Wildlife","floor":14,"turns":3},{"damage":3,"enemies":"Hexaghost","floor":16,"turns":10},{"damage":8,"enemies":"3 Byrds","floor":18,"turns":7},{"damage":0,"enemies":"Chosen","floor":21,"turns":1}],"seed_played":"8077805827040639","potions_obtained":[{"floor":11,"key":"hermit:Eclipse"},{"floor":12,"key":"DistilledChaos"},{"floor":14,"key":"LiquidBronze"}],"is_trial":false,"path_per_floor":["M","?","?","?","M","R","?","?","T","R","M","E","?","M","R","B",null,"M","?","?","M"],"character_chosen":"HERMIT","items_purchased":[],"campfire_rested":0,"item_purchase_floors":[],"current_hp_per_floor":[68,68,68,57,57,57,57,31,31,31,31,8,28,33,33,35,68,65,65,47,47,47],"gold":561,"neow_bonus":"ONE_RARE_RELIC","is_daily":false,"chose_seed":false,"campfire_upgraded":3,"win_rate":0.0,"timestamp":1614456765,"path_taken":["M","?","?","?","M","R","?","?","T","R","?","E","?","M","R","BOSS","M","?","?","M"],"items_purchased_type":[],"build_version":"2020-12-22","purchased_purges":0,"victory":false,"max_hp_per_floor":[68,68,68,68,68,68,68,68,68,68,68,68,68,68,68,68,68,68,68,47,47,47],"relic_stats":{"Lizard Tail":34,"Nunchaku":[3],"counters":[9,43],"Ornamental Fan":[20],"Pen Nib":[5],"Orichalcum":[96],"obtain_stats":[{"Lizard Tail":0,"Nunchaku":13,"hermit:ClaspedLocket":17,"Matryoshka":8,"Ornamental Fan":12,"Pen Nib":9,"Orichalcum":2,"hermit:Momento":0,"Toy Ornithopter":9},{"Lizard Tail":0,"Nunchaku":5,"hermit:ClaspedLocket":7,"Matryoshka":3,"Ornamental Fan":5,"Pen Nib":3,"Orichalcum":1,"hermit:Momento":0,"Toy Ornithopter":3},{"Lizard Tail":0,"Nunchaku":22,"hermit:ClaspedLocket":35,"Matryoshka":13,"Ornamental Fan":22,"Pen Nib":13,"Orichalcum":3,"hermit:Momento":0,"Toy Ornithopter":13}],"Toy Ornithopter":15},"card_choices":[{"not_picked":["hermit:Horror","hermit:Manifest"],"picked":"hermit:Quickdraw","floor":1},{"not_picked":["hermit:Showdown","hermit:Grudge"],"picked":"hermit:Scavenge","floor":5},{"not_picked":["hermit:Misfire","hermit:ItchyTrigger"],"picked":"hermit:Cheat","floor":8},{"not_picked":["hermit:Quickdraw","hermit:Roulette"],"picked":"hermit:FlashPowder","floor":11},{"not_picked":["hermit:Coalescence","hermit:HoleUp"],"picked":"hermit:Ricochet","floor":12},{"not_picked":["hermit:Malice","hermit:ItchyTrigger"],"picked":"hermit:Maintenance","floor":14},{"not_picked":["hermit:Roughhouse","hermit:Purgatory"],"picked":"hermit:Reprieve","floor":16},{"not_picked":["hermit:HoleUp","hermit:Coalescence"],"picked":"hermit:SprayPray+1","floor":18}],"player_experience":57728,"relics_obtained":[{"floor":8,"key":"Matryoshka"},{"floor":9,"key":"Pen Nib"},{"floor":9,"key":"Toy Ornithopter"},{"floor":12,"key":"Ornamental Fan"}],"event_choices":[{"damage_healed":0,"gold_gain":0,"player_choice":"Box","damage_taken":0,"relics_obtained":["Orichalcum"],"max_hp_gain":0,"max_hp_loss":0,"event_name":"Big Fish","floor":2,"gold_loss":0,"cards_obtained":["Regret"]},{"damage_healed":0,"gold_gain":0,"player_choice":"Grow","damage_taken":0,"max_hp_gain":0,"max_hp_loss":0,"event_name":"Living Wall","floor":3,"gold_loss":0,"cards_upgraded":["hermit:Quickdraw"]},{"damage_healed":0,"gold_gain":75,"player_choice":"Gather Gold","damage_taken":11,"max_hp_gain":0,"max_hp_loss":0,"event_name":"World of Goop","floor":4,"gold_loss":0},{"damage_healed":0,"gold_gain":66,"player_choice":"Gained Gold","damage_taken":0,"max_hp_gain":0,"max_hp_loss":0,"event_name":"Golden Wing","floor":7,"gold_loss":0},{"damage_healed":0,"gold_gain":0,"player_choice":"Searched \u00271\u0027 times","damage_taken":0,"max_hp_gain":0,"max_hp_loss":0,"event_name":"Dead Adventurer","floor":8,"gold_loss":0},{"damage_healed":0,"gold_gain":0,"player_choice":"Success","damage_taken":18,"relics_obtained":["Nunchaku"],"max_hp_gain":0,"max_hp_loss":0,"event_name":"Scrap Ooze","floor":13,"gold_loss":0},{"damage_healed":0,"gold_gain":0,"player_choice":"1 cards matched","damage_taken":0,"max_hp_gain":0,"max_hp_loss":0,"event_name":"Match and Keep!","floor":19,"gold_loss":0,"cards_obtained":["hermit:Maintenance"]},{"damage_healed":0,"gold_gain":0,"player_choice":"Became a vampire","damage_taken":0,"max_hp_gain":0,"max_hp_loss":21,"event_name":"Vampires","floor":20,"gold_loss":0,"cards_obtained":["Bite","Bite","Bite","Bite","Bite"]}],"is_beta":false,"boss_relics":[{"not_picked":["Sozu","SlaversCollar"],"picked":"hermit:ClaspedLocket"}],"items_purged_floors":[],"is_endless":false,"potions_floor_spawned":[11,12,14],"killed_by":"Chosen","ascension_level":0}}