{"host":"c97twqu0op5dg8i4","time":1614412262,"event":{"mods":["AchievementEnabler","BaseMod","Colored Map","Minty Spire (QoL Compilation)","Permanent Neow"],"gold_per_floor":[113,113,125,125,138,138,165,165,184,208,232,2,2,35,5,25,25,25,128,128,146,146,146,160,160,123,123,70,70,94,169,169,187,205,205,205],"floor_reached":35,"language":"ENG","playtime":1119,"items_purged":["Strike_G"],"score":421,"play_id":"193bf33e-025f-436b-a780-9106c6559fe2","local_time":"20210227025102","is_ascension_mode":true,"campfire_choices":[{"data":"Envenom","floor":6.0,"key":"SMITH"},{"floor":8.0,"key":"REST"},{"floor":13.0,"key":"REST"},{"floor":17.0,"key":"REST"},{"data":"Blade Dance","floor":18.0,"key":"SMITH"},{"data":"Footwork","floor":27,"key":"SMITH"},{"data":"Cloak And Dagger","floor":29,"key":"SMITH"},{"data":"Noxious Fumes","floor":32,"key":"SMITH"}],"circlet_count":0,"master_deck":["AscendersBane","Strike_G","Strike_G","Strike_G","Strike_G","Defend_G","Defend_G","Defend_G","Defend_G","Defend_G","Survivor","Neutralize","Envenom+1","Bane","Backflip","Footwork+1","Catalyst","Leg Sweep","Blade Dance+1","Burst","Catalyst","Noxious Fumes+1","Cloak And Dagger+1","Slice","Slice"],"relics":["Ring of the Snake","Omamori","Boot","Oddly Smooth Stone","Orichalcum","Regal Pillow","WristBlade","Ancient Tea Set","Letter Opener"],"acts_visited":["Exordium","TheCity"],"potions_floor_usage":[],"damage_taken":[{"damage":9.0,"enemies":"Small Slimes","floor":1.0,"turns":5.0},{"damage":2.0,"enemies":"Jaw Worm","floor":3.0,"turns":4.0},{"damage":1.0,"enemies":"Cultist","floor":5.0,"turns":4.0},{"damage":37.0,"enemies":"3 Sentries","floor":7.0,"turns":13.0},{"damage":0.0,"enemies":"Large Slime","floor":9.0,"turns":5.0},{"damage":25.0,"enemies":"Lagavulin","floor":14.0,"turns":8.0},{"damage":0.0,"enemies":"Looter","floor":15.0,"turns":4.0},{"damage":10.0,"enemies":"Exordium Thugs","floor":16.0,"turns":4.0},{"damage":20.0,"enemies":"Hexaghost","floor":19.0,"turns":12.0},{"damage":23.0,"enemies":"2 Thieves","floor":21.0,"turns":5.0},{"damage":0.0,"enemies":"Shell Parasite","floor":24.0,"turns":5.0},{"damage":5,"enemies":"Centurion and Healer","floor":33,"turns":8},{"damage":18,"enemies":"Snake Plant","floor":34,"turns":3},{"damage":29,"enemies":"Sentry and Sphere","floor":35,"turns":5}],"seed_played":"-4777135106621686477","potions_obtained":[{"floor":4.0,"key":"DuplicationPotion"},{"floor":4.0,"key":"DistilledChaos"},{"floor":7.0,"key":"Strength Potion"}],"is_trial":false,"path_per_floor":["M","?","M","?","M","R","E","R","M","T","T","$","R","E","M","M","R","R","B",null,"M","?","?","M","?","$","R","$","R","T","T","R","M","M","M"],"character_chosen":"THE_SILENT","items_purchased":["Orichalcum","Noxious Fumes","Cloak And Dagger"],"campfire_rested":3,"item_purchase_floors":[12,26,28],"current_hp_per_floor":[54,54,52,52,51,51,14,32,32,32,32,32,50,25,25,15,48,48,28,54,31,52,52,52,52,52,52,52,52,52,52,52,47,29,0,0],"gold":205,"neow_bonus":"THREE_RARE_CARDS","is_daily":false,"chose_seed":false,"campfire_upgraded":5,"win_rate":0.0,"timestamp":1614412262,"path_taken":["M","?","M","?","?","R","E","R","M","T","T","$","R","E","M","M","R","R","BOSS","M","?","?","?","?","$","R","?","R","T","T","R","M","M","?"],"items_purchased_type":["Relic","Card","Card"],"build_version":"2020-12-22","purchased_purges":1,"victory":false,"max_hp_per_floor":[63,63,63,63,63,63,63,63,63,63,63,63,63,63,63,63,63,63,63,63,63,63,63,63,63,63,63,63,63,63,63,63,63,63,63,63],"card_choices":[{"not_picked":["Wraith Form v2","Doppelganger"],"picked":"Envenom","floor":0.0},{"not_picked":["Flying Knee","Prepared"],"picked":"Bane","floor":1.0},{"not_picked":["Die Die Die","Deadly Poison"],"picked":"Backflip","floor":3.0},{"not_picked":["Sucker Punch","Backstab","Underhanded Strike"],"picked":"SKIP","floor":5.0},{"not_picked":["Deadly Poison","Distraction"],"picked":"Footwork","floor":7.0},{"not_picked":["Heel Hook","Dodge and Roll"],"picked":"Catalyst","floor":9.0},{"not_picked":["All Out Attack","A Thousand Cuts"],"picked":"Leg Sweep","floor":14.0},{"not_picked":["Quick Slash","Well Laid Plans"],"picked":"Blade Dance","floor":15.0},{"not_picked":["Eviscerate","Bane","Choke"],"picked":"SKIP","floor":16.0},{"not_picked":["Night Terror","Unload"],"picked":"Burst","floor":19.0},{"not_picked":["Quick Slash","Predator"],"picked":"Catalyst","floor":21.0},{"not_picked":["Dodge and Roll","Sucker Punch","Reflex"],"picked":"SKIP","floor":24.0},{"not_picked":["Bane","Dagger Throw+1"],"picked":"Slice","floor":33},{"not_picked":["Acrobatics","Choke"],"picked":"Slice","floor":34}],"player_experience":434279,"relics_obtained":[{"floor":7.0,"key":"Omamori"},{"floor":10.0,"key":"Boot"},{"floor":11.0,"key":"Oddly Smooth Stone"},{"floor":14.0,"key":"Regal Pillow"},{"floor":30,"key":"Ancient Tea Set"},{"floor":31,"key":"Letter Opener"}],"event_choices":[{"damage_healed":0.0,"max_hp_gain":0.0,"max_hp_loss":0.0,"gold_gain":0.0,"event_name":"The Cleric","player_choice":"Leave","floor":2.0,"gold_loss":0.0,"damage_taken":0.0},{"damage_healed":0.0,"max_hp_gain":0.0,"max_hp_loss":0.0,"gold_gain":0.0,"event_name":"Lab","player_choice":"Got Potions","floor":4.0,"gold_loss":0.0,"damage_taken":0.0},{"damage_healed":21.0,"max_hp_gain":0.0,"max_hp_loss":0.0,"gold_gain":0.0,"event_name":"The Library","player_choice":"Heal","floor":22.0,"gold_loss":0.0,"damage_taken":0.0},{"damage_healed":0.0,"max_hp_gain":0.0,"max_hp_loss":0.0,"gold_gain":0.0,"event_name":"N\u0027loth","player_choice":"Ignored","floor":23.0,"gold_loss":0.0,"damage_taken":0.0},{"damage_healed":0.0,"max_hp_gain":0.0,"max_hp_loss":0.0,"gold_gain":0.0,"event_name":"Ghosts","player_choice":"Ignored","floor":25.0,"gold_loss":0.0,"damage_taken":0.0}],"is_beta":false,"boss_relics":[{"not_picked":["Pandora\u0027s Box","HoveringKite"],"picked":"WristBlade"}],"items_purged_floors":[12],"is_endless":false,"potions_floor_spawned":[5,7,14,19,21,24],"killed_by":"Sentry and Sphere","ascension_level":12}}