{"host":"khwpnvgc3av0w6xd","time":1614418999,"event":{"mods":["BaseMod","Block Reminder","Colored Map","DeckTracker","Highlight Path","Minty Spire (QoL Compilation)","Quick Restart"],"gold_per_floor":[113,126,47,8,8,41,41,51,51,70,70,80,109,124,124,223,223,242,242,19,19,19],"floor_reached":21,"language":"DEU","playtime":906,"items_purged":["Parasite"],"score":208,"play_id":"e071a847-d4cf-4d35-b4d5-a255599d0898","local_time":"20210227104319","is_ascension_mode":true,"campfire_choices":[{"data":"BattleHymn","floor":7,"key":"SMITH"},{"data":"Eruption","floor":11,"key":"SMITH"},{"data":"Alpha","floor":15,"key":"SMITH"}],"circlet_count":0,"master_deck":["Strike_P","Strike_P","Strike_P","Strike_P","Defend_P","Defend_P","Defend_P","Defend_P","Eruption+1","Vigilance","BowlingBash","FearNoEvil","PathToVictory","BattleHymn+1","Eruption","Tantrum","EmptyBody","DeceiveReality","EmptyBody","Prostrate","Alpha+1","LessonLearned"],"relics":["PureWater","Matryoshka","MealTicket","Potion Belt","Black Star","Darkstone Periapt","Frozen Eye"],"acts_visited":["Exordium","TheCity"],"potions_floor_usage":[6,18,21,21],"damage_taken":[{"damage":0,"enemies":"Small Slimes","floor":1,"turns":2},{"damage":0,"enemies":"Cultist","floor":2,"turns":2},{"damage":15,"enemies":"Lagavulin","floor":6,"turns":6},{"damage":7,"enemies":"2 Louse","floor":8,"turns":2},{"damage":0,"enemies":"Looter","floor":10,"turns":2},{"damage":9,"enemies":"Blue Slaver","floor":12,"turns":4},{"damage":2,"enemies":"3 Sentries","floor":13,"turns":3},{"damage":0,"enemies":"Large Slime","floor":14,"turns":2},{"damage":15,"enemies":"Slime Boss","floor":16,"turns":6},{"damage":32,"enemies":"2 Thieves","floor":18,"turns":3},{"damage":68,"enemies":"Masked Bandits","floor":21,"turns":3}],"seed_played":"7992351122217141190","potions_obtained":[{"floor":1,"key":"Block Potion"},{"floor":8,"key":"LiquidBronze"},{"floor":16,"key":"ColorlessPotion"},{"floor":18,"key":"LiquidBronze"}],"is_trial":false,"path_per_floor":["M","M","$","?","?","E","R","M","T","M","R","M","E","M","R","B",null,"M","?","$","?"],"character_chosen":"WATCHER","items_purchased":["BattleHymn","Frozen Eye"],"campfire_rested":0,"item_purchase_floors":[3,20],"current_hp_per_floor":[72,72,72,72,72,57,57,50,50,50,50,41,39,39,39,24,72,40,40,55,0,0],"gold":19,"neow_bonus":"THREE_CARDS","is_daily":false,"chose_seed":false,"campfire_upgraded":3,"win_rate":0.0,"timestamp":1614418999,"path_taken":["M","M","$","?","?","E","R","?","T","M","R","M","E","M","R","BOSS","M","?","$","?"],"items_purchased_type":["Card","Relic"],"build_version":"2020-12-22","purchased_purges":1,"victory":false,"max_hp_per_floor":[72,72,72,72,72,72,72,72,72,72,72,72,72,72,72,72,72,72,72,69,69,69],"card_choices":[{"not_picked":["Evaluate","CrushJoints"],"picked":"BowlingBash","floor":0},{"not_picked":["FollowUp","ClearTheMind"],"picked":"FearNoEvil","floor":1},{"not_picked":["CrushJoints","JustLucky"],"picked":"PathToVictory","floor":2},{"not_picked":["TalkToTheHand","BowlingBash"],"picked":"Tantrum","floor":6},{"not_picked":["Perseverance","FlyingSleeves"],"picked":"EmptyBody","floor":8},{"not_picked":["Fasting2","Evaluate"],"picked":"DeceiveReality","floor":10},{"not_picked":["FlyingSleeves","JustLucky"],"picked":"EmptyBody","floor":12},{"not_picked":["EmptyFist","Crescendo"],"picked":"Prostrate","floor":13},{"not_picked":["EmptyBody","CrushJoints"],"picked":"Alpha","floor":14},{"not_picked":["Judgement","Blasphemy"],"picked":"LessonLearned","floor":16},{"not_picked":["DeceiveReality","Evaluate","CutThroughFate"],"picked":"SKIP","floor":18}],"player_experience":131265,"relics_obtained":[{"floor":6,"key":"Matryoshka"},{"floor":9,"key":"MealTicket"},{"floor":13,"key":"Potion Belt"}],"event_choices":[{"damage_healed":0,"gold_gain":0,"player_choice":"Left Gold","damage_taken":0,"max_hp_gain":0,"max_hp_loss":0,"event_name":"World of Goop","floor":4,"gold_loss":39},{"damage_healed":0,"gold_gain":0,"player_choice":"2 cards matched","damage_taken":0,"max_hp_gain":0,"max_hp_loss":0,"event_name":"Match and Keep!","floor":5,"gold_loss":0,"cards_obtained":["Parasite","Eruption"]},{"damage_healed":0,"gold_gain":0,"player_choice":"Opened","damage_taken":0,"relics_obtained":["Darkstone Periapt"],"max_hp_gain":0,"max_hp_loss":0,"event_name":"The Mausoleum","floor":19,"gold_loss":0},{"damage_healed":0,"gold_gain":0,"player_choice":"Fought Bandits","damage_taken":0,"max_hp_gain":0,"max_hp_loss":0,"event_name":"Masked Bandits","floor":21,"gold_loss":0}],"is_beta":false,"boss_relics":[{"not_picked":["Velvet Choker","Tiny House"],"picked":"Black Star"}],"items_purged_floors":[20],"is_endless":false,"potions_floor_spawned":[1,8,16,18],"killed_by":"Masked Bandits","ascension_level":2}}