{"host":"qiddgr1lyn3b7c88","time":1614396862,"event":{"mods":["Aspiration","BaseMod","Colored Map","Highlight Path","Minty Spire (QoL Compilation)","Replay The Spire","Shop Mod","StSLib","Synergy Search","The Alterego","egg"],"gold_per_floor":[116,126,138,138,152,152,186,186,257,20,20,0,18,36,36,134,134,146,164,183,200,200,226,226,251,300,316,316,327,357,145,145,243,243,263,263,263,283,300,300,325,336,359,96,112,112,138,154,154,154],"floor_reached":51,"language":"ENG","playtime":2833,"items_purged":["Sickly","Parasite"],"score":1632,"play_id":"458c8463-d304-4614-ae7c-55bae80e49cb","local_time":"20210226223422","is_ascension_mode":true,"campfire_choices":[{"data":"Defragment","floor":6,"key":"SMITH"},{"floor":8,"key":"REST"},{"data":"FIFO Queue","floor":11,"key":"SMITH"},{"data":"Strike_B","floor":15,"key":"PURGE"},{"floor":24,"key":"REST"},{"floor":32,"key":"DIG"},{"data":"ReplayUltimateDefense","floor":49,"key":"SMITH"}],"circlet_count":0,"master_deck":["AscendersBane","Defend_B","Zap","Compile Driver","Defragment+1","FIFO Queue+1","BootSequence","Glacier","Coolheaded","Barrage","Steam Power","Electrodynamics","ReplayTheSpireMod:Faulty Equipment","Coolheaded","Reboot+1","Defragment+1","Machine Learning","Echo Form","Self Repair+1","ReplayUltimateDefense+1","Rip and Tear","Recycle"],"relics":["Cracked Core","aspiration:Nostalgia","Burning Blood","Lantern","aspiration:HummingbirdHeart","Replay:Frozen Program","Replay:Grab Bag","Fusion Hammer","Runic Dome","Kintsugi","alterego_mod:SomeoneToFightFor","Pet Ghost","Replay:Wax Seal","Oddly Smooth Stone","aspiration:RitualStick","Replay:Multitool","Ginger","Snecko Eye","Gremlin Horn","ReplayFunnel","Golden Egg"],"acts_visited":["Exordium","TheCity","TheBeyond"],"potions_floor_usage":[7,23,50,50,50],"damage_taken":[{"damage":0,"enemies":"2 Louse","floor":1,"turns":4},{"damage":10,"enemies":"Small Slimes","floor":2,"turns":3},{"damage":7,"enemies":"Jaw Worm","floor":3,"turns":3},{"damage":11,"enemies":"2 Fungi Beasts","floor":5,"turns":4},{"damage":58,"enemies":"Gremlin Nob","floor":7,"turns":5},{"damage":0,"enemies":"Looter","floor":12,"turns":4},{"damage":0,"enemies":"Gremlin Gang","floor":13,"turns":5},{"damage":0,"enemies":"Exordium Thugs","floor":14,"turns":5},{"damage":0,"enemies":"Hexaghost","floor":16,"turns":11},{"damage":0,"enemies":"3 Byrds","floor":18,"turns":3},{"damage":0,"enemies":"Chosen","floor":19,"turns":5},{"damage":25,"enemies":"Shelled Parasite and Fungi","floor":20,"turns":5},{"damage":0,"enemies":"Sentry and Sphere","floor":21,"turns":4},{"damage":10,"enemies":"Slavers","floor":23,"turns":4},{"damage":0,"enemies":"Book of Stabbing","floor":25,"turns":6},{"damage":0,"enemies":"Snake Plant","floor":27,"turns":4},{"damage":0,"enemies":"Shelled Parasite and Fungi","floor":29,"turns":4},{"damage":5,"enemies":"Slavers","floor":30,"turns":4},{"damage":13,"enemies":"Pondfish","floor":33,"turns":7},{"damage":11,"enemies":"3 Darklings","floor":35,"turns":3},{"damage":18,"enemies":"Orb Walker","floor":38,"turns":4},{"damage":28,"enemies":"Writhing Mass","floor":39,"turns":7},{"damage":17,"enemies":"Nemesis","floor":41,"turns":7},{"damage":4,"enemies":"4 Shapes","floor":42,"turns":3},{"damage":10,"enemies":"Transient","floor":45,"turns":5},{"damage":0,"enemies":"R_Hoarder","floor":47,"turns":6},{"damage":0,"enemies":"3 Darklings","floor":48,"turns":3},{"damage":0,"enemies":"Donu and Deca","floor":50,"turns":9}],"seed_played":"-1676008008471514500","potions_obtained":[{"floor":2,"key":"Dexterity Potion"},{"floor":5,"key":"Adrenaline Potion"},{"floor":7,"key":"Strength Potion"},{"floor":13,"key":"AttackPotion"},{"floor":19,"key":"FocusPotion"},{"floor":25,"key":"Languid Potion"},{"floor":27,"key":"Regen Potion"},{"floor":30,"key":"SteroidPotion"},{"floor":45,"key":"DuplicationPotion"}],"is_trial":false,"path_per_floor":["M","M","M","?","M","R","E","R","T","$","R","M","M","M","R_BF","B",null,"M","M","M","M","?","E","R","E","T","M","?","M","E","$","R","B",null,"M","?","?","M","M","R","E","M","T","$","M","R","E","M","R_BF","B",null],"character_chosen":"DEFECT","items_purchased":["Replay:Frozen Program","Glacier","Coolheaded","Machine Learning","ReplayUltimateDefense"],"campfire_rested":2,"item_purchase_floors":[10,10,10,31,44],"current_hp_per_floor":[74,70,69,69,64,64,12,34,34,34,34,40,46,52,52,58,71,75,75,56,62,62,58,75,75,75,75,60,66,67,67,67,75,75,70,70,70,58,36,57,56,71,71,68,68,68,68,68,68,68],"gold":154,"neow_bonus":"NOSTALGIA","is_daily":false,"chose_seed":false,"campfire_upgraded":3,"win_rate":0.0,"timestamp":1614396862,"path_taken":["M","M","M","?","M","R","E","R","T","$","R","M","M","M","R_BF","BOSS","M","M","M","M","?","E","R","E","T","M","?","M","E","$","R","BOSS","M","?","?","M","M","R","E","M","T","$","M","R","E","M","R_BF","BOSS"],"items_purchased_type":["Relic","Card","Card","Card","Card"],"build_version":"2020-12-22","purchased_purges":2,"victory":true,"max_hp_per_floor":[75,75,75,75,75,75,75,75,75,75,75,75,75,75,75,75,75,75,75,75,75,75,75,75,75,75,75,75,75,75,75,75,75,75,75,71,71,71,71,71,71,71,71,68,68,68,68,68,68,68],"card_choices":[{"not_picked":["BasicCrystalCard","Go for the Eyes"],"picked":"Compile Driver","floor":1},{"not_picked":["Reprogram","Sweeping Beam"],"picked":"Defragment","floor":2},{"not_picked":["Compile Driver","Rebound"],"picked":"FIFO Queue","floor":3},{"not_picked":["ReplaySort","Storm","Compile Driver"],"picked":"SKIP","floor":5},{"not_picked":["BasicCrystalCard","Redo"],"picked":"BootSequence","floor":7},{"not_picked":["Steam","Stack"],"picked":"Barrage","floor":12},{"not_picked":["Auto Shields","Redo"],"picked":"Steam Power","floor":13},{"not_picked":["Leap","Hologram","Panic Button"],"picked":"SKIP","floor":14},{"not_picked":["Biased Cognition","Fission"],"picked":"Electrodynamics","floor":16},{"not_picked":["Sweeping Beam","Stack","BasicCrystalCard"],"picked":"SKIP","floor":18},{"not_picked":["Hologram","Undo"],"picked":"Coolheaded","floor":19},{"not_picked":["Hello World","Panic Button","Redo"],"picked":"SKIP","floor":20},{"not_picked":["BasicCrystalCard","Leap","ReplaySolidLightProjector+1"],"picked":"SKIP","floor":21},{"not_picked":["Conserve Battery","Streamline","Darkness"],"picked":"SKIP","floor":23},{"not_picked":["Panic Button","Beam Cell"],"picked":"Reboot","floor":25},{"not_picked":["Leap","Turbo","Skim"],"picked":"SKIP","floor":27},{"not_picked":["FIFO Queue","Steam"],"picked":"Defragment+1","floor":29},{"not_picked":["Beam Cell","Barrage","Panic Button+1"],"picked":"SKIP","floor":30},{"not_picked":["All For One","Multi-Cast"],"picked":"Echo Form","floor":33},{"not_picked":["Stack+1","Storm","Sweeping Beam"],"picked":"SKIP","floor":35},{"not_picked":["Coolheaded+1","Go for the Eyes","Scrape+1"],"picked":"SKIP","floor":38},{"not_picked":["Compile Driver","BootSequence+1"],"picked":"Self Repair+1","floor":39},{"not_picked":["ReplaySort","Turbo","Gash+1"],"picked":"SKIP","floor":41},{"not_picked":["Cold Snap","Redo+1","White Noise+1"],"picked":"SKIP","floor":42},{"not_picked":["Rebound","ReplaySort","Panic Button+1"],"picked":"SKIP","floor":45},{"not_picked":["Rebound","Blizzard+1"],"picked":"Recycle","floor":47},{"not_picked":["Cold Snap","Compile Driver+1","Steam+1"],"picked":"SKIP","floor":48}],"player_experience":1083299,"relics_obtained":[{"floor":7,"key":"Lantern"},{"floor":9,"key":"aspiration:HummingbirdHeart"},{"floor":23,"key":"Pet Ghost"},{"floor":25,"key":"Replay:Wax Seal"},{"floor":26,"key":"Oddly Smooth Stone"},{"floor":30,"key":"Replay:Multitool"},{"floor":32,"key":"Ginger"},{"floor":41,"key":"Gremlin Horn"},{"floor":43,"key":"ReplayFunnel"},{"floor":47,"key":"Golden Egg"}],"event_choices":[{"damage_healed":0,"gold_gain":0,"player_choice":"Choice 2","damage_taken":0,"relics_obtained":["alterego_mod:SomeoneToFightFor"],"max_hp_gain":0,"max_hp_loss":0,"event_name":"Secret Garden","floor":22,"gold_loss":0},{"damage_healed":0,"gold_gain":0,"player_choice":"Max HP","damage_taken":0,"max_hp_gain":0,"max_hp_loss":4,"event_name":"Winding Halls","floor":36,"gold_loss":0},{"damage_healed":0,"gold_gain":0,"player_choice":"Ignored","damage_taken":0,"max_hp_gain":0,"max_hp_loss":0,"event_name":"Tomb of Lord Red Mask","floor":37,"gold_loss":0}],"is_beta":false,"boss_relics":[{"not_picked":["aspiration:BursterCore","aspiration:RitualDagger"],"picked":"Replay:Grab Bag"},{"not_picked":["Ectoplasm","Busted Crown"],"picked":"Fusion Hammer"},{"not_picked":["aspiration:FutureDiary","ChewingGum"],"picked":"Runic Dome"},{"not_picked":["aspiration:WatcherSkillbook","Calling Bell"],"picked":"Kintsugi"},{"not_picked":["Tiny House","Runic Pyramid"],"picked":"Snecko Eye"}],"items_purged_floors":[31,44],"is_endless":false,"potions_floor_spawned":[2,5,7,13,19,25,27,30,33,38,45,47],"ascension_level":10}}