{"host":"fybjbjipkr3lrybm","time":1614388354,"event":{"mods":["BaseMod","Colored Map","Colored Powertips","DeckTracker","Hermit","Highlight Path","Minty Spire (QoL Compilation)","Quick Restart","Relic Stats","StSLib","The Bladedancer","The Bug Knight","The Cursed","The Disciple","The Druid","The Gatherer","The Hierophant","The Judge","The Necromancer","The Poker Player","The Runesmith","The Servant 0.9.4"],"gold_per_floor":[118,118,141,141,216,216,216,229,275,318,342,355,255,279,279,407,407,426,326,326,349,349,349],"floor_reached":22,"language":"ENG","playtime":1940,"items_purged":["hermit:Covet","hermit:Strike_Hermit"],"score":186,"play_id":"41adb742-f793-43b7-a58d-9d229d03181b","local_time":"20210226171234","is_ascension_mode":false,"campfire_choices":[{"floor":6,"key":"REST"},{"floor":15,"key":"REST"}],"circlet_count":0,"master_deck":["hermit:Strike_Hermit","hermit:Strike_Hermit","hermit:Strike_Hermit","hermit:Defend_Hermit","hermit:Defend_Hermit","hermit:Defend_Hermit","hermit:Snapshot","hermit:GhostlyPresence","hermit:Vantage","hermit:CalledShot","hermit:WideOpen","hermit:Combo","hermit:Ricochet","hermit:Snipe","hermit:Dive"],"relics":["hermit:Momento","NeowsBlessing","Golden Idol","Ice Cream","Omamori","Happy Flower","Black Star"],"acts_visited":["Exordium","TheCity"],"potions_floor_usage":[16,16],"damage_taken":[{"damage":0,"enemies":"Small Slimes","floor":1,"turns":1},{"damage":0,"enemies":"2 Louse","floor":3,"turns":2},{"damage":0,"enemies":"Jaw Worm","floor":8,"turns":1},{"damage":6,"enemies":"HollowMod:MossKnight","floor":10,"turns":19},{"damage":9,"enemies":"Lots of Slimes","floor":11,"turns":4},{"damage":14,"enemies":"Gremlin Gang","floor":12,"turns":5},{"damage":8,"enemies":"Red Slaver","floor":14,"turns":3},{"damage":38,"enemies":"The Guardian","floor":16,"turns":10},{"damage":35,"enemies":"3 Byrds","floor":18,"turns":8},{"damage":26,"enemies":"Snake Plant","floor":21,"turns":8},{"damage":16,"enemies":"Shelled Parasite and Fungi","floor":22,"turns":5}],"seed_played":"8899745931650389421","potions_obtained":[{"floor":3,"key":"Dexterity Potion"},{"floor":8,"key":"EssenceOfSteel"},{"floor":12,"key":"SpeedPotion"},{"floor":21,"key":"Dexterity Potion"}],"is_trial":false,"path_per_floor":["M","?","M","?","?","R","?","M","T","E","M","M","$","M","R","B",null,"M","$","?","M","M"],"character_chosen":"HERMIT","items_purchased":["hermit:Ricochet"],"campfire_rested":2,"item_purchase_floors":[13],"current_hp_per_floor":[75,57,57,50,39,61,61,61,61,55,46,32,32,24,46,8,75,40,40,40,14,0,0],"gold":349,"neow_bonus":"THREE_ENEMY_KILL","is_daily":false,"chose_seed":false,"campfire_upgraded":0,"win_rate":0.0,"timestamp":1614388354,"path_taken":["M","?","M","?","?","R","?","?","T","E","?","?","?","M","R","BOSS","M","$","?","M","M"],"items_purchased_type":["Card"],"build_version":"2020-12-22","purchased_purges":2,"victory":false,"max_hp_per_floor":[75,75,75,75,75,75,75,75,75,75,75,75,75,75,75,75,75,75,75,75,75,75,75],"relic_stats":{"Happy Flower":[14],"counters":[11,66],"Golden Idol":65,"Black Star":0,"obtain_stats":[{"Ice Cream":4,"NeowsBlessing":0,"Happy Flower":10,"Golden Idol":2,"Omamori":9,"Black Star":17,"hermit:Momento":0},{"Ice Cream":2,"NeowsBlessing":0,"Happy Flower":4,"Golden Idol":1,"Omamori":3,"Black Star":8,"hermit:Momento":0},{"Ice Cream":3,"NeowsBlessing":0,"Happy Flower":23,"Golden Idol":1,"Omamori":4,"Black Star":45,"hermit:Momento":0}]},"card_choices":[{"not_picked":["hermit:Glare","hermit:Misfire"],"picked":"hermit:GhostlyPresence","floor":1},{"not_picked":["hermit:SprayPray","hermit:HoleUp"],"picked":"hermit:Vantage","floor":3},{"not_picked":["hermit:BodyArmor","hermit:Spite"],"picked":"hermit:CalledShot","floor":8},{"not_picked":["hermit:Virtue","hermit:SprayPray"],"picked":"hermit:WideOpen","floor":10},{"not_picked":["hermit:Coalescence","hermit:Roulette","hermit:BodyArmor"],"picked":"SKIP","floor":11},{"not_picked":["hermit:SprayPray","hermit:TakeCover"],"picked":"hermit:Combo","floor":12},{"not_picked":["hermit:Roulette","hermit:Deadeye"],"picked":"hermit:Snipe","floor":14},{"not_picked":["hermit:Misfire","hermit:Manifest"],"picked":"hermit:Dive","floor":18},{"not_picked":["hermit:Vantage+1","hermit:Coalescence","hermit:Virtue"],"picked":"SKIP","floor":21}],"player_experience":45603,"relics_obtained":[{"floor":9,"key":"Omamori"},{"floor":10,"key":"Happy Flower"}],"event_choices":[{"damage_healed":0,"gold_gain":0,"player_choice":"Take Damage","damage_taken":18,"relics_obtained":["Golden Idol"],"max_hp_gain":0,"max_hp_loss":0,"event_name":"Golden Idol","floor":2,"gold_loss":0},{"damage_healed":0,"gold_gain":0,"player_choice":"Success","damage_taken":7,"relics_obtained":["Ice Cream"],"max_hp_gain":0,"max_hp_loss":0,"event_name":"Scrap Ooze","floor":4,"gold_loss":0},{"damage_healed":0,"gold_gain":75,"player_choice":"Gather Gold","damage_taken":11,"max_hp_gain":0,"max_hp_loss":0,"event_name":"World of Goop","floor":5,"gold_loss":0},{"cards_removed":["hermit:Defend_Hermit"],"damage_healed":0,"gold_gain":0,"player_choice":"Forget","damage_taken":0,"max_hp_gain":0,"max_hp_loss":0,"event_name":"Living Wall","floor":7,"gold_loss":0},{"damage_healed":0,"gold_gain":0,"player_choice":"Ignored","damage_taken":0,"max_hp_gain":0,"max_hp_loss":0,"event_name":"Duplicator","floor":20,"gold_loss":0}],"is_beta":false,"boss_relics":[{"not_picked":["Empty Cage","Fusion Hammer"],"picked":"Black Star"}],"items_purged_floors":[13,19],"is_endless":false,"potions_floor_spawned":[3,8,12,14,21],"killed_by":"Shelled Parasite and Fungi","ascension_level":0}}