{"host":"sc0o2qwpf9j16a4i","time":1614433988,"event":{"mods":["AchievementEnabler","BaseMod","BetterRewards","Block Reminder","Colored Map","Colored Powertips","Custom Start","Highlight Path","Minty Spire (QoL Compilation)","Relic Stats"],"gold_per_floor":[119,17,36,36,56,82,82,111,111,150,150,186,202,276,276,392,392,402,433,466,484,496,550,29,64,73,104,113,138,138,177,186,291,318,331,1348,1366,382,391,432,432,474,507,507,545,545,576,589,589,598],"floor_reached":51,"language":"ENG","playtime":2311,"items_purged":[],"score":1535,"play_id":"89b641bb-808e-4fbe-ac6b-fddaaa3dcf3b","local_time":"20210227155308","daily_mods":["Cursed Run","Vintage","Elite Swarm"],"is_ascension_mode":false,"campfire_choices":[{"data":"Envenom","floor":7,"key":"SMITH"},{"data":"Tools of the Trade","floor":11,"key":"SMITH"},{"data":"Glass Knife","floor":15,"key":"SMITH"},{"floor":32,"key":"REST"},{"floor":41,"key":"DIG"},{"floor":44,"key":"DIG"},{"floor":46,"key":"DIG"},{"floor":49,"key":"DIG"}],"circlet_count":0,"master_deck":["Strike_G","Strike_G+1","Strike_G+1","Defend_G","Defend_G","Defend_G","Defend_G","Survivor","Neutralize","Bane","Envenom+1","Corpse Explosion","Doubt","Tools of the Trade+1","Glass Knife+1","Blade Dance+1","Regret","Corpse Explosion","Writhe","Wraith Form v2","Apotheosis","Enlightenment","Leg Sweep","Prepared+1","Catalyst+1","Catalyst+1","Adrenaline","Clumsy","Shame","Envenom","Riddle With Holes+1","Clumsy","Distraction+1","Glass Knife+1","Adrenaline+1","Normality","Normality","Sadistic Nature","Shame","Venomology","After Image","Decay","After Image","Clumsy"],"relics":["Cursed Key","Darkstone Periapt","Du-Vu Doll","Snake Skull","Mango","CultistMask","Blood Vial","Blue Candle","Pantograph","Bottled Lightning","CeramicFish","Tiny Chest","Potion Belt","Letter Opener","Fusion Hammer","Shuriken","Red Mask","Dream Catcher","Happy Flower","MawBank","The Courier","Orrery","Gremlin Horn","StoneCalendar","Shovel","FossilizedHelix","Regal Pillow","Gambling Chip","Incense Burner","Astrolabe","Bag of Marbles","Ancient Tea Set","Anchor","Whetstone","Thread and Needle","Oddly Smooth Stone","Ginger","StrikeDummy","Bottled Flame","Ninja Scroll","White Beast Statue","PreservedInsect","War Paint","Ornamental Fan","Akabeko","Bird Faced Urn","Toy Ornithopter","Sundial"],"acts_visited":["Exordium","TheCity","TheBeyond"],"potions_floor_usage":[6,6,12,13,16,19,25,33,33,40,45,45,45,45,45,45,45,48,50,50,50,50,50,50],"damage_taken":[{"damage":0,"enemies":"Small Slimes","floor":1,"turns":4},{"damage":0,"enemies":"2 Louse","floor":3,"turns":2},{"damage":0,"enemies":"Cultist","floor":5,"turns":4},{"damage":4,"enemies":"3 Sentries","floor":6,"turns":9},{"damage":20,"enemies":"Gremlin Nob","floor":8,"turns":4},{"damage":11,"enemies":"Lagavulin","floor":10,"turns":7},{"damage":15,"enemies":"3 Sentries","floor":12,"turns":3},{"damage":4,"enemies":"Exordium Wildlife","floor":13,"turns":2},{"damage":8,"enemies":"Lagavulin Event","floor":14,"turns":5},{"damage":0,"enemies":"Slime Boss","floor":16,"turns":5},{"damage":0,"enemies":"2 Thieves","floor":18,"turns":1},{"damage":1,"enemies":"Masked Bandits","floor":19,"turns":2},{"damage":2,"enemies":"Chosen","floor":21,"turns":3},{"damage":0,"enemies":"Centurion and Healer","floor":22,"turns":3},{"damage":18,"enemies":"Book of Stabbing","floor":23,"turns":4},{"damage":2,"enemies":"Slavers","floor":25,"turns":2},{"damage":0,"enemies":"Gremlin Leader","floor":27,"turns":3},{"damage":36,"enemies":"Slavers","floor":29,"turns":3},{"damage":0,"enemies":"Book of Stabbing","floor":31,"turns":4},{"damage":0,"enemies":"Collector","floor":33,"turns":6},{"damage":0,"enemies":"3 Darklings","floor":35,"turns":1},{"damage":0,"enemies":"Orb Walker","floor":37,"turns":2},{"damage":35,"enemies":"Nemesis","floor":40,"turns":5},{"damage":0,"enemies":"Reptomancer","floor":42,"turns":3},{"damage":0,"enemies":"Giant Head","floor":45,"turns":3},{"damage":0,"enemies":"Reptomancer","floor":47,"turns":1},{"damage":0,"enemies":"Sphere and 2 Shapes","floor":48,"turns":1},{"damage":1,"enemies":"Donu and Deca","floor":50,"turns":4}],"seed_played":"-5809472300925374955","potions_obtained":[{"floor":3,"key":"ColorlessPotion"},{"floor":8,"key":"AttackPotion"},{"floor":10,"key":"CultistPotion"},{"floor":12,"key":"Swift Potion"},{"floor":16,"key":"Block Potion"},{"floor":18,"key":"GhostInAJar"},{"floor":21,"key":"Weak Potion"},{"floor":27,"key":"CultistPotion"},{"floor":29,"key":"DuplicationPotion"},{"floor":31,"key":"PowerPotion"},{"floor":35,"key":"AttackPotion"},{"floor":37,"key":"Poison Potion"},{"floor":40,"key":"Fire Potion"},{"floor":45,"key":"Swift Potion"},{"floor":47,"key":"Dexterity Potion"},{"floor":48,"key":"Strength Potion"}],"is_trial":true,"path_per_floor":["M","$","M","?","M","E","R","E","T","E","R","E","M","?","R","B",null,"M","?","T","M","M","E","$","E","T","E","?","E","?","E","R","B",null,"M","?","M","$","T","E","R","E","T","R","E","R","E","M","R","B",null],"character_chosen":"THE_SILENT","items_purchased":["AttackPotion","Bane","Apotheosis","Enlightenment","Orrery","Catalyst","Gremlin Horn","Anchor","Sadistic Nature","Whetstone","Thread and Needle","Oddly Smooth Stone","Ginger"],"campfire_rested":1,"item_purchase_floors":[2,2,24,24,24,24,24,38,38,38,38,38,38],"current_hp_per_floor":[70,70,84,84,84,80,80,62,68,59,59,46,44,38,38,71,96,96,95,101,100,102,84,84,84,90,92,98,64,64,66,114,120,120,120,132,132,132,138,103,103,105,111,111,113,113,115,117,117,150],"gold":598,"neow_bonus":"","is_daily":false,"chose_seed":false,"campfire_upgraded":3,"win_rate":0.0,"timestamp":1614433988,"path_taken":["M","$","M","?","M","E","R","E","T","E","R","E","?","?","R","BOSS","M","?","?","M","M","E","$","E","T","E","?","E","?","E","R","BOSS","M","?","M","$","?","E","R","E","T","R","E","R","E","M","R","BOSS"],"items_purchased_type":["Potion","Card","Card","Card","Relic","Card","Relic","Relic","Card","Relic","Relic","Relic","Relic"],"build_version":"2020-12-22","purchased_purges":0,"victory":true,"max_hp_per_floor":[70,70,84,84,84,84,84,84,90,90,90,90,90,90,90,96,96,96,96,102,102,102,102,102,102,108,108,114,114,114,114,114,120,120,120,132,132,132,138,138,138,138,144,144,144,144,144,144,144,150],"relic_stats":{"Darkstone Periapt":66,"Regal Pillow":14,"Gremlin Horn":[9,9],"CeramicFish":279,"StoneCalendar":[0],"Snake Skull":[151],"Whetstone":["Strike_G","Strike_G"],"Ginger":[4],"Cursed Key":5,"Blood Vial":33,"Dream Catcher":1,"Shovel":4,"Sundial":[0],"Pantograph":50,"Gambling Chip":[36],"Tiny Chest":2,"Happy Flower":[15],"counters":[28,96],"Blue Candle":[19],"Astrolabe":["Distraction","Glass Knife","Adrenaline"],"PreservedInsect":184,"Letter Opener":[191],"War Paint":["Catalyst","Blade Dance"],"MawBank":24,"Shuriken":[13],"Ornamental Fan":[12],"Bird Faced Urn":[0],"obtain_stats":[{"Darkstone Periapt":0,"Regal Pillow":28,"Gremlin Horn":24,"CeramicFish":10,"Mango":3,"StoneCalendar":25,"Snake Skull":1,"Incense Burner":31,"Whetstone":38,"Ginger":38,"Cursed Key":0,"Ancient Tea Set":37,"Blood Vial":5,"Dream Catcher":20,"Shovel":26,"Ninja Scroll":41,"Sundial":49,"Pantograph":8,"Gambling Chip":29,"Tiny Chest":12,"Fusion Hammer":17,"Red Mask":19,"Potion Belt":13,"Happy Flower":21,"Blue Candle":6,"Astrolabe":34,"Oddly Smooth Stone":38,"Thread and Needle":38,"The Courier":23,"PreservedInsect":43,"Letter Opener":14,"War Paint":44,"MawBank":22,"White Beast Statue":42,"Akabeko":46,"Du-Vu Doll":0,"Anchor":38,"Bottled Flame":40,"Shuriken":18,"Ornamental Fan":45,"Bird Faced Urn":47,"Orrery":24,"CultistMask":4,"Bag of Marbles":35,"Bottled Lightning":9,"StrikeDummy":39,"FossilizedHelix":27,"Toy Ornithopter":48},{"Darkstone Periapt":0,"Regal Pillow":17,"Gremlin Horn":15,"CeramicFish":6,"Mango":2,"StoneCalendar":16,"Snake Skull":1,"Incense Burner":19,"Whetstone":22,"Ginger":22,"Cursed Key":0,"Ancient Tea Set":22,"Blood Vial":3,"Dream Catcher":12,"Shovel":16,"Ninja Scroll":23,"Sundial":27,"Pantograph":5,"Gambling Chip":18,"Tiny Chest":7,"Fusion Hammer":10,"Red Mask":12,"Potion Belt":8,"Happy Flower":13,"Blue Candle":4,"Astrolabe":20,"Oddly Smooth Stone":22,"Thread and Needle":22,"The Courier":15,"PreservedInsect":24,"Letter Opener":9,"War Paint":24,"MawBank":14,"White Beast Statue":24,"Akabeko":25,"Du-Vu Doll":0,"Anchor":22,"Bottled Flame":23,"Shuriken":11,"Ornamental Fan":25,"Bird Faced Urn":26,"Orrery":15,"CultistMask":2,"Bag of Marbles":21,"Bottled Lightning":5,"StrikeDummy":22,"FossilizedHelix":17,"Toy Ornithopter":27},{"Darkstone Periapt":0,"Regal Pillow":63,"Gremlin Horn":58,"CeramicFish":30,"Mango":6,"StoneCalendar":60,"Snake Skull":4,"Incense Burner":70,"Whetstone":79,"Ginger":79,"Cursed Key":0,"Ancient Tea Set":79,"Blood Vial":10,"Dream Catcher":48,"Shovel":60,"Ninja Scroll":84,"Sundial":92,"Pantograph":23,"Gambling Chip":66,"Tiny Chest":33,"Fusion Hammer":45,"Red Mask":48,"Potion Belt":35,"Happy Flower":51,"Blue Candle":19,"Astrolabe":76,"Oddly Smooth Stone":79,"Thread and Needle":79,"The Courier":58,"PreservedInsect":87,"Letter Opener":40,"War Paint":87,"MawBank":54,"White Beast Statue":87,"Akabeko":90,"Du-Vu Doll":0,"Anchor":79,"Bottled Flame":84,"Shuriken":46,"Ornamental Fan":90,"Bird Faced Urn":91,"Orrery":58,"CultistMask":6,"Bag of Marbles":77,"Bottled Lightning":23,"StrikeDummy":79,"FossilizedHelix":63,"Toy Ornithopter":92}],"Toy Ornithopter":1},"card_choices":[{"not_picked":["Venomology","Malaise"],"picked":"Envenom","floor":6},{"not_picked":["After Image","A Thousand Cuts"],"picked":"Corpse Explosion","floor":8},{"not_picked":["Phantasmal Killer","Grand Finale"],"picked":"Tools of the Trade","floor":10},{"not_picked":["Burst","Adrenaline"],"picked":"Glass Knife","floor":12},{"not_picked":["Deflect","Quick Slash"],"picked":"Blade Dance","floor":14},{"not_picked":["Phantasmal Killer","Unload"],"picked":"Corpse Explosion","floor":16},{"not_picked":["Venomology","Envenom"],"picked":"Wraith Form v2","floor":23},{"not_picked":["Flechettes","Poisoned Stab"],"picked":"Leg Sweep","floor":24},{"not_picked":["Flechettes","Dagger Throw+1"],"picked":"Prepared+1","floor":24},{"not_picked":["Prepared+1","Dash+1"],"picked":"Catalyst+1","floor":24},{"not_picked":["Corpse Explosion","Phantasmal Killer"],"picked":"Adrenaline","floor":25},{"not_picked":["Glass Knife","Corpse Explosion","Bullet Time"],"picked":"SKIP","floor":27},{"not_picked":["Die Die Die","Storm of Steel","After Image"],"picked":"SKIP","floor":29},{"not_picked":["Glass Knife","Bullet Time"],"picked":"Envenom","floor":31},{"not_picked":["Slice+1","Blade Dance"],"picked":"Riddle With Holes+1","floor":32},{"not_picked":["A Thousand Cuts","Die Die Die"],"picked":"Venomology","floor":40},{"not_picked":["Grand Finale","Bullet Time"],"picked":"After Image","floor":42},{"not_picked":["Grand Finale","Phantasmal Killer"],"picked":"After Image","floor":45},{"not_picked":["Storm of Steel","Malaise","A Thousand Cuts"],"picked":"SKIP","floor":47}],"player_experience":1594517,"relics_obtained":[{"floor":1,"key":"Snake Skull"},{"floor":3,"key":"Mango"},{"floor":5,"key":"Blood Vial"},{"floor":6,"key":"Blue Candle"},{"floor":8,"key":"Pantograph"},{"floor":9,"key":"Bottled Lightning"},{"floor":10,"key":"CeramicFish"},{"floor":12,"key":"Tiny Chest"},{"floor":13,"key":"Potion Belt"},{"floor":14,"key":"Letter Opener"},{"floor":18,"key":"Shuriken"},{"floor":19,"key":"Red Mask"},{"floor":20,"key":"Dream Catcher"},{"floor":21,"key":"Happy Flower"},{"floor":22,"key":"MawBank"},{"floor":23,"key":"The Courier"},{"floor":25,"key":"StoneCalendar"},{"floor":26,"key":"Shovel"},{"floor":27,"key":"FossilizedHelix"},{"floor":29,"key":"Gambling Chip"},{"floor":31,"key":"Incense Burner"},{"floor":35,"key":"Bag of Marbles"},{"floor":37,"key":"Ancient Tea Set"},{"floor":39,"key":"StrikeDummy"},{"floor":40,"key":"Bottled Flame"},{"floor":41,"key":"Ninja Scroll"},{"floor":42,"key":"White Beast Statue"},{"floor":43,"key":"PreservedInsect"},{"floor":44,"key":"War Paint"},{"floor":45,"key":"Ornamental Fan"},{"floor":46,"key":"Akabeko"},{"floor":47,"key":"Bird Faced Urn"},{"floor":48,"key":"Toy Ornithopter"},{"floor":49,"key":"Sundial"}],"event_choices":[{"damage_healed":0,"gold_gain":0,"player_choice":"Trade","damage_taken":0,"relics_obtained":["CultistMask"],"max_hp_gain":0,"max_hp_loss":0,"event_name":"FaceTrader","floor":4,"gold_loss":0},{"damage_healed":0,"gold_gain":0,"player_choice":"Searched \u00271\u0027 times","damage_taken":0,"max_hp_gain":0,"max_hp_loss":0,"event_name":"Dead Adventurer","floor":14,"gold_loss":0},{"damage_healed":0,"gold_gain":0,"player_choice":"Fought Bandits","damage_taken":0,"max_hp_gain":0,"max_hp_loss":0,"event_name":"Masked Bandits","floor":19,"gold_loss":0},{"damage_healed":0,"gold_gain":0,"player_choice":"Stole Relic","damage_taken":0,"relics_obtained":["Regal Pillow"],"max_hp_gain":0,"max_hp_loss":0,"event_name":"Addict","floor":28,"gold_loss":0,"cards_obtained":["Shame"]},{"damage_healed":0,"gold_gain":0,"player_choice":"Ignored","damage_taken":0,"max_hp_gain":0,"max_hp_loss":0,"event_name":"Vampires","floor":30,"gold_loss":0},{"damage_healed":0,"gold_gain":999,"player_choice":"Gold","damage_taken":0,"max_hp_gain":0,"max_hp_loss":0,"event_name":"MindBloom","floor":36,"gold_loss":0,"cards_obtained":["Normality","Normality"]}],"is_beta":false,"boss_relics":[{"not_picked":["Coffee Dripper","Philosopher\u0027s Stone"],"picked":"Fusion Hammer"},{"not_picked":["WristBlade","Black Star"],"picked":"Astrolabe"}],"items_purged_floors":[],"is_endless":false,"potions_floor_spawned":[3,8,10,12,16,18,21,27,29,31,35,37,40,45,47,48],"ascension_level":0}}