{"host":"q9qwbotttpvtd6fn","time":1614447334,"event":{"mods":["BaseMod","Colored Map","Colored Powertips","Highlight Path","Minty Spire (QoL Compilation)","Relic Stats","StSLib"],"gold_per_floor":[118,118,137,151,151,151,151,151],"floor_reached":7,"language":"ENG","playtime":323,"items_purged":[],"score":64,"play_id":"606b6af2-007a-49f9-a336-7c0626606a8d","local_time":"20210227123534","is_ascension_mode":true,"campfire_choices":[{"data":"Fission","floor":6,"key":"SMITH"}],"circlet_count":0,"master_deck":["AscendersBane","Strike_B","Strike_B","Strike_B","Strike_B","Defend_B","Defend_B","Defend_B","Defend_B","Zap","Dualcast","Fission+1","Defragment","BootSequence","Defragment"],"relics":["Cracked Core","Blue Candle"],"acts_visited":["Exordium"],"potions_floor_usage":[3,7],"damage_taken":[{"damage":13,"enemies":"Jaw Worm","floor":1,"turns":4},{"damage":10,"enemies":"Small Slimes","floor":3,"turns":4},{"damage":6,"enemies":"Cultist","floor":4,"turns":3},{"damage":47,"enemies":"3 Sentries","floor":7,"turns":8}],"seed_played":"-7202532487691347288","potions_obtained":[{"floor":1,"key":"ColorlessPotion"},{"floor":3,"key":"BlessingOfTheForge"}],"is_trial":false,"path_per_floor":["M","?","M","M","?","R","E"],"character_chosen":"DEFECT","items_purchased":[],"campfire_rested":0,"item_purchase_floors":[],"current_hp_per_floor":[37,62,52,46,39,39,0,0],"gold":151,"neow_bonus":"THREE_RARE_CARDS","is_daily":false,"chose_seed":false,"campfire_upgraded":1,"win_rate":0.0,"timestamp":1614447334,"path_taken":["M","?","M","M","?","R","E"],"items_purchased_type":[],"build_version":"2020-12-22","purchased_purges":0,"victory":false,"max_hp_per_floor":[75,75,75,75,75,75,75,75],"relic_stats":{"counters":[4,19],"Blue Candle":[0],"obtain_stats":[{"Blue Candle":5,"Cracked Core":0},{"Blue Candle":3,"Cracked Core":0},{"Blue Candle":11,"Cracked Core":0}]},"card_choices":[{"not_picked":["Rainbow","Multi-Cast"],"picked":"Fission","floor":0},{"not_picked":["Storm","Scrape"],"picked":"Defragment","floor":1},{"not_picked":["Turbo","Stack"],"picked":"BootSequence","floor":3},{"not_picked":["Beam Cell","Leap"],"picked":"Defragment","floor":4}],"player_experience":516218,"relics_obtained":[],"event_choices":[{"damage_healed":25,"gold_gain":0,"player_choice":"Banana","damage_taken":0,"max_hp_gain":0,"max_hp_loss":0,"event_name":"Big Fish","floor":2,"gold_loss":0},{"damage_healed":0,"gold_gain":0,"player_choice":"Success","damage_taken":7,"relics_obtained":["Blue Candle"],"max_hp_gain":0,"max_hp_loss":0,"event_name":"Scrap Ooze","floor":5,"gold_loss":0}],"is_beta":false,"boss_relics":[],"items_purged_floors":[],"is_endless":false,"potions_floor_spawned":[1,3],"killed_by":"3 Sentries","ascension_level":11}}