{"host":"dgzcrkpp5hmi1639","time":1614457775,"event":{"mods":["AchievementEnabler","Act Like it!","BaseMod","BetterRewards","Conspire","DeckTracker","Defuse TimeMaze Blight","Energized Spire","GifTheSpireLib","Hubris","Infinite Spire","Koishi","Marisa????????","Minty Spire (QoL Compilation)","Quick Restart","Remilia??????","Replay The Spire","Shop Mod","Spicy Shops","StSLib","Stuff the Spire","The Jungle","The Servant 0.9.4"],"gold_per_floor":[117,117,128,141,156,188,207,221,221,221,221],"floor_reached":10,"language":"ENG","playtime":412,"items_purged":[],"score":76,"play_id":"43e41e3d-0042-4269-aa13-538d960876e0","local_time":"20210227212935","is_ascension_mode":true,"campfire_choices":[],"circlet_count":0,"master_deck":["Strike_S","Strike_S","Strike_S","Strike_S","Defend_S","Defend_S","Defend_S","KidneyShot","Exchange","SilverBlades","DoubleEdge","ShatteredReality","Barrier","MoonPhase","TimeWarp","Luminosity","Moonlight"],"relics":["Uniform","NeowsBlessing","Nunchaku","infinitespire:BottledMercury"],"acts_visited":["Exordium"],"potions_floor_usage":[6,6,8],"damage_taken":[{"damage":0,"enemies":"Cultist","floor":1,"turns":1},{"damage":0,"enemies":"Small Slimes","floor":3,"turns":1},{"damage":0,"enemies":"2 Louse","floor":4,"turns":1},{"damage":11,"enemies":"Looter","floor":5,"turns":2},{"damage":14,"enemies":"Lagavulin","floor":6,"turns":8},{"damage":0,"enemies":"Red Slaver","floor":7,"turns":3},{"damage":27,"enemies":"Gremlin Gang","floor":8,"turns":4},{"damage":7,"enemies":"3 Sentries","floor":10,"turns":2}],"seed_played":"3384131620985864691","potions_obtained":[{"floor":4,"key":"Explosive Potion"},{"floor":5,"key":"AttackPotion"},{"floor":7,"key":"PowerPotion"},{"floor":8,"key":"GamblersBrew"}],"is_trial":false,"path_per_floor":["M","?","M","M","M","E","M","M","T","E"],"character_chosen":"THE_SERVANT","items_purchased":[],"campfire_rested":0,"item_purchase_floors":[],"current_hp_per_floor":[65,65,65,65,54,40,40,13,13,6,6],"gold":221,"neow_bonus":"THREE_ENEMY_KILL","is_daily":false,"chose_seed":false,"campfire_upgraded":0,"win_rate":0.0,"timestamp":1614457775,"path_taken":["M","?","?","M","M","E","M","?","T","E"],"items_purchased_type":[],"build_version":"2020-12-22","purchased_purges":0,"victory":false,"max_hp_per_floor":[65,65,65,65,65,65,65,65,65,65,65],"card_choices":[{"not_picked":["Comet","ShatteredReality"],"picked":"SilverBlades","floor":1},{"not_picked":["Ricochet","FastForward"],"picked":"ShatteredReality","floor":3},{"not_picked":["BottledTime","Manipulate"],"picked":"Barrier","floor":4},{"not_picked":["Collapse","Moondial"],"picked":"MoonPhase","floor":5},{"not_picked":["Replace","DoubleEdge"],"picked":"TimeWarp","floor":6},{"not_picked":["TimeWarp","ShiftingGears"],"picked":"Luminosity","floor":7},{"not_picked":["TimeWarp","Manipulate"],"picked":"Moonlight","floor":8}],"player_experience":42087,"relics_obtained":[{"floor":6,"key":"Nunchaku"},{"floor":9,"key":"infinitespire:BottledMercury"}],"event_choices":[{"damage_healed":0,"gold_gain":0,"cards_transformed":["Defend_S"],"player_choice":"Transformed","damage_taken":0,"max_hp_gain":0,"max_hp_loss":0,"event_name":"Transmorgrifier","floor":2,"gold_loss":0,"cards_obtained":["DoubleEdge"]}],"is_beta":false,"boss_relics":[],"items_purged_floors":[],"is_endless":false,"potions_floor_spawned":[4,5,7,8],"killed_by":"3 Sentries","ascension_level":1}}