{"host":"2lo6hma6kymb0g9i","time":1614416602,"event":{"mods":["BaseMod","Colored Map","DeckTracker","Minty Spire (QoL Compilation)","SuperFastMode"],"gold_per_floor":[118,118,118,0,16,50,50,50,50,68,83,99,138,159,159,255,255,275,299,314,314,314],"floor_reached":21,"language":"JPN","playtime":1222,"items_purged":["Strike_G"],"score":786,"play_id":"d2b75c9d-1bde-4c3a-a568-75e63054cd22","local_time":"20210227180322","is_ascension_mode":true,"campfire_choices":[{"floor":7,"key":"REST"},{"data":"Accuracy","floor":15,"key":"SMITH"}],"circlet_count":0,"master_deck":["AscendersBane","Strike_G","Strike_G","Strike_G","Strike_G","Defend_G","Defend_G","Defend_G","Defend_G","Defend_G","Survivor","Neutralize","Blade Dance","Dash","Dagger Throw","Blade Dance","Accuracy+1","Blade Dance","Leg Sweep","PiercingWail","Die Die Die","Dodge and Roll+1","Distraction+1"],"relics":["SlaversCollar","Golden Idol","Boot","Eternal Feather","Lizard Tail","Black Star"],"acts_visited":["Exordium","TheCity"],"potions_floor_usage":[12,18,18],"damage_taken":[{"damage":9,"enemies":"Jaw Worm","floor":1,"turns":5},{"damage":4,"enemies":"Small Slimes","floor":5,"turns":3},{"damage":40,"enemies":"Gremlin Nob","floor":6,"turns":5},{"damage":0,"enemies":"Cultist","floor":10,"turns":2},{"damage":1,"enemies":"2 Fungi Beasts","floor":11,"turns":3},{"damage":11,"enemies":"3 Louse","floor":12,"turns":2},{"damage":10,"enemies":"3 Sentries","floor":13,"turns":6},{"damage":1,"enemies":"Looter","floor":14,"turns":4},{"damage":9,"enemies":"Slime Boss","floor":16,"turns":6},{"damage":14,"enemies":"Spheric Guardian","floor":18,"turns":5},{"damage":7,"enemies":"3 Byrds","floor":19,"turns":5},{"damage":17,"enemies":"Centurion and Healer","floor":20,"turns":6},{"damage":12,"enemies":"Shelled Parasite and Fungi","floor":21,"turns":3}],"seed_played":"2317245844616921780","potions_obtained":[{"floor":5,"key":"Dexterity Potion"},{"floor":6,"key":"Weak Potion"},{"floor":11,"key":"Regen Potion"},{"floor":14,"key":"Energy Potion"}],"is_trial":false,"path_per_floor":["M","?","?","$","M","E","R","$","T","M","M","M","E","M","R","B",null,"M","M","M","M"],"character_chosen":"THE_SILENT","items_purchased":["Dash"],"campfire_rested":1,"item_purchase_floors":[4],"current_hp_per_floor":[50,50,55,55,51,11,30,30,30,30,29,23,13,12,24,15,53,39,32,15,3,3],"gold":314,"neow_bonus":"BOSS_RELIC","is_daily":false,"chose_seed":false,"campfire_upgraded":1,"win_rate":0.0,"timestamp":1614416602,"path_taken":["M","?","?","$","M","E","R","?","T","M","M","M","E","M","R","BOSS","M","?","M","M"],"items_purchased_type":["Card"],"build_version":"2020-12-22","purchased_purges":1,"victory":false,"max_hp_per_floor":[66,60,65,65,65,65,65,65,65,65,65,65,65,65,65,65,65,65,65,65,65,65],"card_choices":[{"not_picked":["Bane","Outmaneuver"],"picked":"Blade Dance","floor":1},{"not_picked":["Crippling Poison","Prepared"],"picked":"Dagger Throw","floor":5},{"not_picked":["Tactician","Quick Slash"],"picked":"Blade Dance","floor":6},{"not_picked":["Adrenaline","Quick Slash"],"picked":"Accuracy","floor":10},{"not_picked":["Bane","Escape Plan"],"picked":"Blade Dance","floor":11},{"not_picked":["Setup","Heel Hook"],"picked":"Leg Sweep","floor":12},{"not_picked":["Masterful Stab","Dagger Spray"],"picked":"PiercingWail","floor":13},{"not_picked":["Poisoned Stab","Flying Knee","Slice"],"picked":"SKIP","floor":14},{"not_picked":["Unload","Grand Finale"],"picked":"Die Die Die","floor":16},{"not_picked":["Dagger Spray","Concentrate"],"picked":"Dodge and Roll+1","floor":18},{"not_picked":["Dash","Dagger Throw"],"picked":"Distraction+1","floor":19},{"not_picked":["Flying Knee","Backflip","Prepared"],"picked":"SKIP","floor":20}],"player_experience":1268050,"relics_obtained":[{"floor":6,"key":"Boot"},{"floor":9,"key":"Eternal Feather"},{"floor":13,"key":"Lizard Tail"}],"event_choices":[{"damage_healed":0,"gold_gain":0,"player_choice":"Lose Max HP","damage_taken":0,"relics_obtained":["Golden Idol"],"max_hp_gain":0,"max_hp_loss":6,"event_name":"Golden Idol","floor":2,"gold_loss":0},{"damage_healed":0,"gold_gain":0,"player_choice":"Donut","damage_taken":0,"max_hp_gain":5,"max_hp_loss":0,"event_name":"Big Fish","floor":3,"gold_loss":0}],"is_beta":false,"boss_relics":[{"not_picked":["Busted Crown","Ectoplasm"],"picked":"Black Star"}],"items_purged_floors":[4],"is_endless":false,"potions_floor_spawned":[5,6,11,14],"killed_by":"Shelled Parasite and Fungi","ascension_level":20}}