{"host":"0z6l31g9ps0v9zzp","time":1614401797,"event":{"mods":["Act Like it!","BaseMod","CapriCore","Library of Ruina","Library of Ruina Extra","Minty Spire (QoL Compilation)","StSLib"],"gold_per_floor":[119,119,44,44,63,96,96,125,125,155,168,178,178,195,195,300,300,319,10,110,130,143,143,158,185,185,41,41,373,126,160,160,257,257,268,35,45,45,45,76,76,102,129,154,207,207,224,234,234,234,234,234,234,38,64,64],"floor_reached":57,"language":"ZHS","playtime":2779,"items_purged":["LightAttack","LightAttack"],"score":1785,"play_id":"2b59e527-7566-4603-a2ef-d7246c4bdbb5","local_time":"20210227125637","is_ascension_mode":true,"campfire_choices":[{"data":"HandlingWork","floor":7,"key":"SMITH"},{"data":"SomberProcuration","floor":13,"key":"SMITH"},{"data":"SerpentSwordTechnique","floor":15,"key":"SMITH"},{"data":"CleanUp","floor":23,"key":"SMITH"},{"data":"TrashDisposal","floor":28,"key":"SMITH"},{"data":"ChargeAndCover","floor":32,"key":"SMITH"},{"data":"UnforgettableMelody","floor":41,"key":"SMITH"},{"data":"SharpenedBlade","floor":46,"key":"SMITH"},{"floor":49,"key":"RECALL"},{"data":"GaleKick","floor":53,"key":"PURGE"}],"circlet_count":0,"master_deck":["LightDefense+1","LightDefense+1","ChargeAndCover+1","FocusedStrikes","TrashDisposal+1","BlindFaith+1","HandlingWork+1","SomberProcuration+1","SerpentSwordTechnique+1","Eradication","CleanUp+1","HighSpeedStabbing+1","SharpenedBlade+1","UnforgettableMelody+1","Multislash+1","SilentMist+1","WillOfThePrescript"],"relics":["PageOfLibrarian","InkBottle","War Paint","Pear","PageOfAlriune","Kunai","Black Star","PageOfSpiderBud","PageOfBloodbath","Lantern","PageOfDeadButterflies","Shuriken","Omamori","Old Coin","HornCleat","Centennial Puzzle","Letter Opener","Ancient Tea Set","Empty Cage","PageOfPorccubus","Sundial","Anchor","Smiling Mask","Regal Pillow","PageOfApocalypseBird","Blue Candle","Peace Pipe","PageOfSingingMachine","Oddly Smooth Stone","Pocketwatch"],"acts_visited":["Exordium","TheCity","TheBeyond","TheEnding"],"potions_floor_usage":[6,8,44,51,51,56,56],"damage_taken":[{"damage":2,"enemies":"Jaw Worm","floor":1,"turns":4},{"damage":0,"enemies":"Small Slimes","floor":5,"turns":3},{"damage":5,"enemies":"3 Sentries","floor":6,"turns":6},{"damage":14,"enemies":"Lagavulin","floor":8,"turns":7},{"damage":5,"enemies":"Gremlin Nob","floor":10,"turns":6},{"damage":0,"enemies":"Cultist","floor":11,"turns":3},{"damage":0,"enemies":"Blue Slaver","floor":12,"turns":4},{"damage":5,"enemies":"Red Slaver","floor":14,"turns":2},{"damage":0,"enemies":"Slime Boss","floor":16,"turns":8},{"damage":8,"enemies":"2 Thieves","floor":18,"turns":2},{"damage":0,"enemies":"3 Byrds","floor":21,"turns":5},{"damage":0,"enemies":"Cultist and Chosen","floor":22,"turns":6},{"damage":0,"enemies":"Snecko","floor":24,"turns":1},{"damage":18,"enemies":"Slavers","floor":25,"turns":7},{"damage":0,"enemies":"Book of Stabbing","floor":29,"turns":2},{"damage":0,"enemies":"Gremlin Leader","floor":31,"turns":1},{"damage":7,"enemies":"Champ","floor":33,"turns":4},{"damage":8,"enemies":"3 Shapes","floor":35,"turns":3},{"damage":0,"enemies":"3 Darklings","floor":37,"turns":1},{"damage":30,"enemies":"Nemesis","floor":40,"turns":3},{"damage":0,"enemies":"Giant Head","floor":42,"turns":1},{"damage":0,"enemies":"Nemesis","floor":44,"turns":1},{"damage":0,"enemies":"2 Orb Walkers","floor":45,"turns":3},{"damage":0,"enemies":"Writhing Mass","floor":47,"turns":1},{"damage":0,"enemies":"Maw","floor":48,"turns":2},{"damage":4,"enemies":"Awakened One","floor":50,"turns":8},{"damage":53,"enemies":"Awakened One","floor":51,"turns":6},{"damage":0,"enemies":"Shield and Spear","floor":55,"turns":2},{"damage":61,"enemies":"The Heart","floor":56,"turns":6}],"seed_played":"-1347707007629621564","potions_obtained":[{"floor":1,"key":"Fire Potion"},{"floor":5,"key":"BlessingOfTheForge"},{"floor":8,"key":"ColorlessPotion"},{"floor":10,"key":"AttackPotion"},{"floor":16,"key":"SkillPotion"},{"floor":35,"key":"PowerPotion"},{"floor":44,"key":"Fruit Juice"},{"floor":45,"key":"Swift Potion"}],"is_trial":false,"path_per_floor":["M","?","$","?","M","E","R","E","T","E","M","M","R","M","R","B",null,"M","$","?","M","M","R","M","E","T","$","R","E","$","E","R","B",null,"M","$","M","?","$","E","R","E","T","E","?","R","M","M","R","B",null,null,"R","$","E","B",null],"character_chosen":"Librarian","items_purchased":["PageOfSpiderBud","PageOfBloodbath","Omamori","Centennial Puzzle","SharpenedBlade","PageOfPorccubus","PageOfSingingMachine","PowerPotion"],"campfire_rested":0,"item_purchase_floors":[19,19,27,30,36,36,54,54],"current_hp_per_floor":[58,40,40,40,50,55,55,69,69,68,72,72,72,67,67,71,98,90,90,90,94,98,98,98,80,80,80,80,84,84,84,84,87,98,90,90,90,90,90,71,71,71,71,76,80,80,80,80,80,80,39,89,89,89,89,40],"gold":64,"neow_bonus":"TRANSFORM_CARD","is_daily":false,"chose_seed":false,"campfire_upgraded":8,"win_rate":0.0,"timestamp":1614401797,"path_taken":["M","?","$","?","M","E","R","E","T","E","M","?","R","M","R","BOSS","M","$","?","M","M","R","?","E","T","$","R","E","$","E","R","BOSS","M","$","M","?","$","E","R","E","T","E","?","R","M","M","R","BOSS","R","$","E","BOSS"],"items_purchased_type":["Relic","Relic","Relic","Relic","Card","Relic","Relic","Potion"],"build_version":"2020-12-22","purchased_purges":2,"victory":true,"max_hp_per_floor":[89,89,89,89,89,89,89,99,99,99,99,99,99,99,99,98,98,98,98,98,98,98,98,98,98,98,98,98,98,98,98,98,98,98,98,98,98,98,98,98,98,98,98,103,89,89,89,89,89,89,89,89,89,89,89,89],"card_choices":[{"not_picked":["MindCrush","AsThePrescriptOrders","DriedUp","UpbeatPerformance","SpearedSweep","GatherIntel","EnergyCycle","DefenseOrder"],"picked":"BlindFaith","floor":1},{"not_picked":["TendonChords","FieryDragonSlash","SmokingPipe","EndlessBattle","WaitUp","HandleRequest","UnavoidableGaze","Parry"],"picked":"HandlingWork","floor":5},{"not_picked":["Rewind","Pound","EnergyShield","Rampage_lor","SharpSwipe","Unlock1","GrazeTheGrass","EnergyStrike","FervidEmotions"],"picked":"SKIP","floor":6},{"not_picked":["FlowOfTheSword","CutIn","WillProduceFineSilk","StrikeDown","MindPrepared","FlashOfSunup","CoordinatedAssault","Leap_lor","FervidEmotions"],"picked":"SKIP","floor":8},{"not_picked":["StrikeDown","GuardingStance","InkOver","SnakesPrey","FeatherShield","Faith","SuppressingShot","ChargeUp","DesperateStruggle"],"picked":"SKIP","floor":10},{"not_picked":["Reload","SuppressingShot","SpearedSweep","Track","FleetEdge","BulkyImpact","EndlessBattle","DarkCloud"],"picked":"SomberProcuration","floor":11},{"not_picked":["Thrust","Rewind","PinpointShot","FrontalAssault","StructuralAnalysis","TheRedNotes","Overpower","Bvapour"],"picked":"GaleKick","floor":12},{"not_picked":["OminousPower","Rewind","EnergyCycle","Unlock1","YourShield","SpearedSweep","Pound","ViolentFlame"],"picked":"SerpentSwordTechnique","floor":14},{"not_picked":["BoundaryOfDeath","CrackOfDawn"],"picked":"Eradication","floor":16},{"not_picked":["Wallop_lor","FleetEdge","SerpentSwordTechnique","StrongStrike","MindPrepared+1","Parry+1","SetFire+1","SharpSwipe","NightInTheBackstreets+1"],"picked":"SKIP","floor":18},{"not_picked":["SharpSwipe+1","Duel_lor","SummaryJudgment","DefenseOrder","GrazeTheGrass","SpearedSweep","CoordinatedAssault","GreatSerpentsImpact","StrongStrike"],"picked":"SKIP","floor":21},{"not_picked":["UpbeatPerformance","Rewind+1","UnavoidableGaze","ProselytesBlade","Faith","EnergyStrike","FlyingSword","TimeForALittleTest+1"],"picked":"CleanUp","floor":22},{"not_picked":["FlowOfTheSword","Thirst","Concentration","HeavyPeaks","ShockRound","DarkCloud","Thrust","HiddenBlade+1","ButterflySlash+1"],"picked":"SKIP","floor":24},{"not_picked":["OminousPower","ExtractFuel","StructuralAnalysis","StartinOutLightly","TheWillOfTheCity","ShockingBlow","Rewind","Decapitation","UncannyStrike"],"picked":"SKIP","floor":25},{"not_picked":["CookingPrep+1","SinglePointStab","PinpointShot","HeavyPeaks","BiteOff+1","DeepDrag","BlazingStrike","FaintMemories+1","Thirst"],"picked":"SKIP","floor":29},{"not_picked":["CombatPreparation","AsThePrescriptOrders+1","PinpointShot","FlashingStrike","Diversion","ShockRound","BiteOff+1","Feast","Outburst+1"],"picked":"SKIP","floor":31},{"not_picked":["TendonChords+1","Parry","DevastatingThrash","SkyClearingCut","SmokingPipe","Faith+1","MindPrepared","Juggling+1"],"picked":"HighSpeedStabbing+1","floor":35},{"not_picked":["TheWillOfTheCity","EnergyStrike","Juggling","WillOfThePrescript","SerpentSwordTechnique+1","Multislash+1","SharpSwipe+1","StructuralAnalysis+1"],"picked":"UnforgettableMelody","floor":37},{"not_picked":["AsThePrescriptOrders+1","EnergyCycle+1","EnergyStrike","FlyingSword+1","RatsGuideToSurvival","Thrust","Standoff","Leap_lor+1"],"picked":"Multislash+1","floor":40},{"not_picked":["QuickAttack","DesperateStruggle","GrazeTheGrass+1","EnergyConversion+1","SavageMode","BackAttack+1","Outburst","NightInTheBackstreets+1","BayonetCombat+1"],"picked":"SKIP","floor":42},{"not_picked":["Observe","Collision","ViolentFlame+1","BlindFaith","CircusKnives+1","Parry","GuidanceOfTheGears","Struggle+1","BackstreetsDash"],"picked":"SKIP","floor":44},{"not_picked":["TrimTheIngredients","DriedUp","DimensionalRift","GutHarvesting","HighKick+1","MindWhip","Pound+1","Leap_lor"],"picked":"SilentMist+1","floor":45},{"not_picked":["Ripple+1","FleetFootsteps","Rewind","Multislash","DimensionalRift+1","BlindFaith","InnerArdor","Eradication","TheWillOfTheCity+1"],"picked":"SKIP","floor":47},{"not_picked":["HardRehearsal","FrontalAssault","BlindFaith+1","StrikeDown+1","SunsetBlade","HiddenBlade+1","TheArtOfRapidSteps+1","Thrust","FleetEdge+1"],"picked":"SKIP","floor":48},{"not_picked":["DarkCloud","SunsetBlade+1","QuickAttack+1","TendonChords+1","Thrust","EnergyBeam","UpbeatPerformance+1","DevastatingThrash"],"picked":"WillOfThePrescript","floor":55}],"player_experience":305553,"relics_obtained":[{"floor":6,"key":"War Paint"},{"floor":8,"key":"Pear"},{"floor":9,"key":"PageOfAlriune"},{"floor":10,"key":"Kunai"},{"floor":25,"key":"Lantern"},{"floor":25,"key":"PageOfDeadButterflies"},{"floor":26,"key":"Shuriken"},{"floor":29,"key":"Old Coin"},{"floor":29,"key":"HornCleat"},{"floor":31,"key":"Letter Opener"},{"floor":31,"key":"Ancient Tea Set"},{"floor":40,"key":"Sundial"},{"floor":40,"key":"Anchor"},{"floor":42,"key":"Smiling Mask"},{"floor":42,"key":"Regal Pillow"},{"floor":44,"key":"PageOfApocalypseBird"},{"floor":44,"key":"Blue Candle"},{"floor":45,"key":"Peace Pipe"},{"floor":55,"key":"Oddly Smooth Stone"},{"floor":55,"key":"Pocketwatch"}],"event_choices":[{"damage_healed":0,"gold_gain":0,"player_choice":"Success","damage_taken":18,"relics_obtained":["InkBottle"],"max_hp_gain":0,"max_hp_loss":0,"event_name":"Scrap Ooze","floor":2,"gold_loss":0},{"damage_healed":0,"gold_gain":0,"player_choice":"Upgraded","damage_taken":0,"max_hp_gain":0,"max_hp_loss":0,"event_name":"Upgrade Shrine","floor":4,"gold_loss":0,"cards_upgraded":["BlindFaith"]},{"damage_healed":0,"gold_gain":100,"player_choice":"Pray","damage_taken":0,"max_hp_gain":0,"max_hp_loss":0,"event_name":"Golden Shrine","floor":20,"gold_loss":0},{"cards_removed":["LightDefense"],"damage_healed":0,"gold_gain":0,"player_choice":"Removed Skill","damage_taken":0,"max_hp_gain":0,"max_hp_loss":0,"event_name":"Falling","floor":38,"gold_loss":0},{"damage_healed":0,"gold_gain":0,"player_choice":"Fight","damage_taken":0,"max_hp_gain":0,"max_hp_loss":0,"event_name":"Mysterious Sphere","floor":45,"gold_loss":0}],"is_beta":false,"boss_relics":[{"not_picked":["Snecko Eye","Cursed Key"],"picked":"Black Star"},{"not_picked":["Runic Pyramid","Tiny House"],"picked":"Empty Cage"}],"items_purged_floors":[3,30],"is_endless":false,"potions_floor_spawned":[1,5,8,10,16,18,25,31,33,35,44,45,48],"ascension_level":2}}