{"host":"338bkdl2yirdp2ct","time":1614452883,"event":{"mods":["AchievementEnabler","BaseMod","Challenge The Spire","Colored Powertips","Custom Start","Dark Map","DeckTracker","Highlight Path","Minty Spire (QoL Compilation)","Quick Restart","Random Character Button","Relic Sorter","Relic Stats","Uncapped","Unceasing Turn Reminder","slay the spire mod where everything is the same but ironclad has a cowboy hat"],"gold_per_floor":[551,102,131,131,131],"floor_reached":4,"language":"ENG","playtime":172,"items_purged":[],"score":53,"play_id":"f11da798-157e-4511-bd05-6624fc180c8a","local_time":"20210227110803","daily_mods":["challengethespire:Gold Difficulty","challengethespire:Elite Rush","Uncertain Future"],"is_ascension_mode":true,"campfire_choices":[],"circlet_count":0,"master_deck":["AscendersBane","Strike_R","Strike_R","Strike_R","Strike_R","Strike_R","Defend_R","Defend_R","Defend_R","Defend_R","Bash","Offering","Shrug It Off","Dark Embrace","Power Through","Flame Barrier"],"relics":["Burning Blood","Black Star","Sling","PreservedInsect","Calipers","Strawberry","Kunai"],"acts_visited":["Exordium"],"potions_floor_usage":[],"damage_taken":[{"damage":21,"enemies":"3 Sentries","floor":3,"turns":8},{"damage":62,"enemies":"Lagavulin","floor":4,"turns":11}],"seed_played":"5611680651239804248","potions_obtained":[],"is_trial":true,"path_per_floor":["$","$","E","E"],"character_chosen":"IRONCLAD","items_purchased":["Offering","Shrug It Off","Dark Embrace","Power Through","Calipers"],"campfire_rested":0,"item_purchase_floors":[1,1,2,2,2],"current_hp_per_floor":[68,68,60,0,0],"gold":131,"neow_bonus":"","is_daily":false,"chose_seed":false,"campfire_upgraded":0,"win_rate":0.0,"timestamp":1614452883,"path_taken":["$","$","E","E"],"items_purchased_type":["Card","Card","Card","Card","Relic"],"build_version":"2020-12-22","purchased_purges":0,"victory":false,"max_hp_per_floor":[75,75,82,82,82],"relic_stats":{"counters":[2,19],"PreservedInsect":68,"Black Star":1,"Kunai":[2],"obtain_stats":[{"Calipers":2,"Strawberry":3,"PreservedInsect":0,"Black Star":0,"Kunai":3,"Sling":0,"Burning Blood":0},{"Calipers":0,"Strawberry":1,"PreservedInsect":0,"Black Star":0,"Kunai":1,"Sling":0,"Burning Blood":0},{"Calipers":0,"Strawberry":8,"PreservedInsect":0,"Black Star":0,"Kunai":8,"Sling":0,"Burning Blood":0}],"Burning Blood":6},"card_choices":[],"player_experience":1185356,"relics_obtained":[{"floor":3,"key":"Strawberry"},{"floor":3,"key":"Kunai"}],"event_choices":[],"is_beta":false,"boss_relics":[],"items_purged_floors":[],"is_endless":false,"potions_floor_spawned":[],"killed_by":"Lagavulin","ascension_level":15}}