{"host":"qcf259yvvmr1jh6w","time":1614432461,"event":{"mods":["AchievementEnabler","Always Whale","BaseMod","BetterRewards","Colored Map","Downfall","Energized Spire","Hubris","Infinite Spire","Jorbs\u0027s Wanderer Trilogy","Minty Spire (QoL Compilation)","Quick Restart","Relic Sorter","Replay The Spire","Shop Mod","StSLib","SuperFastMode"],"gold_per_floor":[111,286,286,298,310,310,345,345,397,29,45,45,45,65,65,170,170,187,207,207,224,224,224,259,7,7,7,39,39,59,71,71,166,166,86,86,101,55,67,94,108,108,108,108,118,151,176,186,186,291,291,301,29,40,50,66,87,87,5,5,32,46,77,94,106,106,199,199,206,216,216,229,238,261,261,283,310,7,20,20,112,125,125,219,319,335,335,335,341,332,355,355,355,355,384,396,401,411,422,422,504,504,522,522,531,531,546,570,570,570,570,415,446,446,446],"floor_reached":114,"language":"ENG","playtime":4668,"items_purged":["Doubt","Sickly","Injury","Hemogenesis","Armaments+1"],"score":1408,"play_id":"cf691ee7-bb85-440b-b60e-adc5782a59ab","local_time":"20210227142741","is_ascension_mode":false,"campfire_choices":[{"data":"Twin Strike","floor":6.0,"key":"SMITH"},{"floor":12.0,"key":"REST"},{"floor":15.0,"key":"REST"},{"data":"Armaments","floor":23.0,"key":"SMITH"},{"floor":32.0,"key":"REST"},{"data":"Flex","floor":42.0,"key":"SMITH"},{"data":"Uppercut","floor":49.0,"key":"SMITH"},{"floor":58.0,"key":"RECALL"},{"data":"Perfected Strike","floor":66.0,"key":"SMITH"},{"data":"Bash","floor":75.0,"key":"SMITH"},{"data":"Strike_R","floor":80.0,"key":"SMITH"},{"data":"Strike_R","floor":83.0,"key":"SMITH"},{"data":"Strike_R","floor":100.0,"key":"SMITH"},{"data":"Defend_R","floor":109.0,"key":"SMITH"}],"circlet_count":0,"master_deck":["Strike_R+1","Strike_R+1","Strike_R+1","Strike_R+1","Strike_R+1","Defend_R+1","Defend_R","Defend_R","Defend_R+1","Bash+1","Seeing Red+1","Twin Strike+1","Twin Strike+1","Uppercut+1","Pommel Strike+1","CurseOfTheBell","Heavy Blade+1","Twin Strike+1","infinitespire:SevenWalls+1","hubris:DuctTapeCard"],"relics":["Burning Blood","infinitespire:Beetle Shell","hubris:CuriousFeather","hubris:SphereOfDissonance","Bag of Preparation","Toolbox","Orichalcum","Replay:Ancient Bell","Red Skull","hubris:Metronome","hubris:Potato","Ring of Hypnosis","Ring of Fury","Replay:Wax Seal","Brimstone","Bottled Flame","ReplayTheSpireMod:TigerMarble","Question Card","Calling Bell","Pen Nib","InkBottle","Magic Flower","Ginger","Bag of Marbles","Thread and Needle","Iron Hammer","PreservedInsect","hubris:RunicObelisk","hubris:SlimyHat","infinitespire:Joker Card","Blood Vial","War Paint","Omamori","Painkiller Herb","MealTicket","Durian","Happy Flower","Guide Book","infinitespire:CursedDice","infinitespire:BottledMercury","Replay:Wanted Poster","hubris:DuctTape","hubris:Icosahedron","hubris:CrystalStatue","Replay:Towering Pillar of Hats","CaptainsWheel","infinitespire:Burning Sword","infinitespire:PuzzleCube","Peace Pipe","hubris:OldNail","Regal Pillow"],"acts_visited":["Exordium","TheCity","TheBeyond","Exordium","TheCity","TheBeyond","Exordium"],"potions_floor_usage":[114,114,114],"damage_taken":[{"damage":14.0,"enemies":"2 Louse","floor":1.0,"turns":4.0},{"damage":11.0,"enemies":"Jaw Worm","floor":4.0,"turns":5.0},{"damage":5.0,"enemies":"Cultist","floor":5.0,"turns":4.0},{"damage":36.0,"enemies":"Replay:BlueRogue","floor":7.0,"turns":6.0},{"damage":5.0,"enemies":"Looter","floor":11.0,"turns":3.0},{"damage":4.0,"enemies":"Large Slime","floor":14.0,"turns":5.0},{"damage":37.0,"enemies":"Fading Forest","floor":16.0,"turns":11.0},{"damage":0.0,"enemies":"Chosen","floor":18.0,"turns":4.0},{"damage":4.0,"enemies":"Spheric Guardian","floor":19.0,"turns":3.0},{"damage":22.0,"enemies":"Chosen and Byrds","floor":21.0,"turns":6.0},{"damage":0.0,"enemies":"Slavers","floor":24.0,"turns":2.0},{"damage":29.0,"enemies":"Gremlin Leader","floor":28.0,"turns":5.0},{"damage":2.0,"enemies":"Snecko","floor":30.0,"turns":3.0},{"damage":16.0,"enemies":"3 Cultists","floor":31.0,"turns":4.0},{"damage":70.0,"enemies":"Champ","floor":33.0,"turns":5.0},{"damage":0.0,"enemies":"3 Shapes","floor":35.0,"turns":3.0},{"damage":31.0,"enemies":"3 Darklings","floor":37.0,"turns":3.0},{"damage":0.0,"enemies":"2 Orb Walkers","floor":38.0,"turns":2.0},{"damage":0.0,"enemies":"Maw","floor":39.0,"turns":3.0},{"damage":8.0,"enemies":"R_Hoarder","floor":40.0,"turns":3.0},{"damage":7.0,"enemies":"4 Shapes","floor":41.0,"turns":3.0},{"damage":0.0,"enemies":"Sphere and 2 Shapes","floor":45.0,"turns":2.0},{"damage":15.0,"enemies":"Nightmare","floor":46.0,"turns":3.0},{"damage":6.0,"enemies":"Spire Growth","floor":48.0,"turns":2.0},{"damage":53.0,"enemies":"infinitespire:MassOfShapes","floor":50.0,"turns":4.0},{"damage":0.0,"enemies":"2 Louse","floor":52.0,"turns":1.0},{"damage":0.0,"enemies":"Small Slimes","floor":54.0,"turns":1.0},{"damage":0.0,"enemies":"Cultist","floor":55.0,"turns":1.0},{"damage":0.0,"enemies":"Exordium Thugs","floor":56.0,"turns":1.0},{"damage":0.0,"enemies":"Lagavulin","floor":57.0,"turns":1.0},{"damage":0.0,"enemies":"3 Sentries","floor":61.0,"turns":1.0},{"damage":0.0,"enemies":"Gremlin Gang","floor":62.0,"turns":1.0},{"damage":0.0,"enemies":"Gremlin Nob","floor":63.0,"turns":1.0},{"damage":0.0,"enemies":"Looter","floor":64.0,"turns":1.0},{"damage":0.0,"enemies":"3 Louse","floor":65.0,"turns":1.0},{"damage":0.0,"enemies":"The Guardian","floor":67.0,"turns":2.0},{"damage":0.0,"enemies":"3 Byrds","floor":69.0,"turns":2.0},{"damage":0.0,"enemies":"2 Thieves","floor":70.0,"turns":1.0},{"damage":0.0,"enemies":"Snecko","floor":72.0,"turns":1.0},{"damage":0.0,"enemies":"Centurion and Healer","floor":73.0,"turns":1.0},{"damage":0.0,"enemies":"Gremlin Leader","floor":74.0,"turns":1.0},{"damage":0.0,"enemies":"Book of Stabbing","floor":76.0,"turns":1.0},{"damage":0.0,"enemies":"3 Cultists","floor":79.0,"turns":2.0},{"damage":0.0,"enemies":"Colosseum Slavers","floor":81.0,"turns":1.0},{"damage":0.0,"enemies":"Colosseum Nobs","floor":81.0,"turns":1.0},{"damage":0.0,"enemies":"Cultist and Chosen","floor":82.0,"turns":1.0},{"damage":0.0,"enemies":"Collector","floor":84.0,"turns":1.0},{"damage":0.0,"enemies":"Orb Walker","floor":86.0,"turns":1.0},{"damage":0.0,"enemies":"3 Darklings","floor":89.0,"turns":1.0},{"damage":0.0,"enemies":"Transient","floor":90.0,"turns":5.0},{"damage":0.0,"enemies":"R_Hoarder","floor":91.0,"turns":2.0},{"damage":0.0,"enemies":"Reptomancer","floor":95.0,"turns":1.0},{"damage":0.0,"enemies":"Maw","floor":96.0,"turns":2.0},{"damage":0.0,"enemies":"3 Darklings","floor":97.0,"turns":1.0},{"damage":0.0,"enemies":"Transient","floor":98.0,"turns":5.0},{"damage":0.0,"enemies":"Writhing Mass","floor":99.0,"turns":1.0},{"damage":47.0,"enemies":"infinitespire:MassOfShapes","floor":101.0,"turns":4.0},{"damage":0.0,"enemies":"Cultist","floor":103.0,"turns":1.0},{"damage":0.0,"enemies":"Small Slimes","floor":105.0,"turns":1.0},{"damage":0.0,"enemies":"Jaw Worm","floor":107.0,"turns":1.0},{"damage":0.0,"enemies":"Lagavulin","floor":108.0,"turns":1.0},{"damage":0.0,"enemies":"3 Sentries","floor":113.0,"turns":1.0},{"damage":0,"enemies":"Looter","floor":114,"turns":1}],"seed_played":"5237517753399780019","potions_obtained":[{"floor":1.0,"key":"ColorlessPotion"},{"floor":4.0,"key":"FearPotion"},{"floor":7.0,"key":"Weak Potion"},{"floor":19.0,"key":"Adrenaline Potion"},{"floor":21.0,"key":"Swift Potion"},{"floor":28.0,"key":"BloodPotion"},{"floor":33.0,"key":"Swift Potion"},{"floor":35.0,"key":"Adrenaline Potion"},{"floor":38.0,"key":"Regen Potion"},{"floor":48.0,"key":"SkillPotion"},{"floor":54.0,"key":"Dexterity Potion"},{"floor":55.0,"key":"hexamod:SoulburnPotion"},{"floor":63.0,"key":"DuplicationPotion"},{"floor":65.0,"key":"infinitespire:BlackPotion"},{"floor":95.0,"key":"Swift Potion"},{"floor":96.0,"key":"infinitespire:BlackPotion"},{"floor":98.0,"key":"Regen Potion"},{"floor":101.0,"key":"Block Potion"},{"floor":108.0,"key":"SpeedPotion"},{"floor":113.0,"key":"Adrenaline Potion"}],"is_trial":false,"path_per_floor":["M","?","?","M","M","R","E","?","T","$","M","R","$","M","R","B",null,"M","M","?","M","?","R","E","$","T","?","E","AVR","M","M","R","B",null,"M","$","M","?","M","E","M","R","T","?","M","NM","T","M","R","B",null,"M","$","M","M","M","E","R","?","T","E","M","E","M","M","R","B",null,"?","?","?","?","?","E","T","E","T","T","?","T","?","?","T","B",null,"?","?","T","?","?","E","?","T","T","E","?","?","?","?","T","B",null,"?","?","?","?","?","E","T","?","T","T","E","?"],"character_chosen":"IRONCLAD","items_purchased":["Toolbox","Orichalcum","Brimstone","hubris:SlimyHat","Guide Book","hubris:OldNail"],"campfire_rested":3,"item_purchase_floors":[10,10,25,53,78,112],"current_hp_per_floor":[72,72,72,67,68,68,38,26,26,26,27,51,51,53,77,46,80,80,80,80,68,68,68,74,74,74,74,51,51,62,52,76,12,80,80,80,58,67,76,77,79,79,79,79,80,74,74,77,77,47,80,80,80,80,80,80,80,80,80,80,80,80,80,80,80,80,80,80,80,80,80,80,80,80,80,85,85,85,85,85,85,85,85,85,85,85,85,85,85,85,85,85,85,85,85,85,85,85,85,85,85,85,85,85,85,85,85,85,85,85,85,85,85,85,85],"gold":446,"neow_bonus":"RANDOM_COMMON_RELIC","is_daily":false,"chose_seed":false,"campfire_upgraded":10,"win_rate":0.0,"timestamp":1614432461,"path_taken":["M","?","?","M","M","R","E","?","T","$","M","R","?","M","R","BOSS","M","M","?","M","?","R","E","$","T","?","E","AVR","?","M","R","BOSS","M","$","?","?","M","E","M","R","T","?","M","NM","?","M","R","BOSS","M","$","M","M","M","E","R","?","T","E","?","E","M","?","R","BOSS","?","?","?","?","?","E","T","E","T","?","?","T","?","?","T","BOSS","?","?","T","?","?","E","?","?","T","E","?","?","?","?","T","BOSS","?","?","?","?","?","E","T","?","T","?","E","?"],"items_purchased_type":["Relic","Relic","Relic","Relic","Relic","Relic"],"build_version":"2020-12-22","purchased_purges":5,"victory":false,"max_hp_per_floor":[80,80,80,80,80,80,80,80,80,80,80,80,80,80,80,80,80,80,80,80,80,80,80,80,80,80,80,80,80,80,80,80,80,80,80,80,80,80,80,80,80,80,80,80,80,80,80,80,80,80,80,80,80,80,80,80,80,80,80,80,80,80,80,80,80,80,80,80,80,80,80,80,80,80,80,85,85,85,85,85,85,85,85,85,85,85,85,85,85,85,85,85,85,85,85,85,85,85,85,85,85,85,85,85,85,85,85,85,85,85,85,85,85,85,85],"card_choices":[{"not_picked":["Thunderclap","Wild Strike","Cleave"],"picked":"SKIP","floor":1.0},{"not_picked":["Sever Soul","ReplayTheSpireMod:Stacked"],"picked":"Twin Strike","floor":4.0},{"not_picked":["Wild Strike","Heavy Blade","Iron Wave"],"picked":"SKIP","floor":5.0},{"not_picked":["Reaper","Run Through","Replay:Undeath\u0027s Touch"],"picked":"SKIP","floor":7.0},{"not_picked":["Sentinel","Pommel Strike"],"picked":"Armaments","floor":11.0},{"not_picked":["True Grit","Sever Soul"],"picked":"Twin Strike","floor":14.0},{"not_picked":["Exhume","Impervious"],"picked":"Hemogenesis","floor":16.0},{"not_picked":["hubris:Envy","hubris:Lust"],"picked":"Injury","floor":17.0},{"not_picked":["Amnesia","CurseOfTheBell"],"picked":"ReplayTheSpireMod:IOU","floor":17.0},{"not_picked":["Normality","CurseOfTheBell"],"picked":"Sickly","floor":17.0},{"not_picked":["Twin Strike","Battle Trance"],"picked":"Flex","floor":18.0},{"not_picked":["Wild Strike","Armaments","Dark Embrace"],"picked":"SKIP","floor":19.0},{"not_picked":["True Grit","Wild Strike"],"picked":"Uppercut","floor":21.0},{"not_picked":["Clothesline","Sword Boomerang","Second Wind+1"],"picked":"SKIP","floor":24.0},{"not_picked":["Dropkick","Hemokinesis+1","Headbutt"],"picked":"SKIP","floor":28.0},{"not_picked":["Evolve","Feel No Pain","Thunderclap","Clothesline"],"picked":"SKIP","floor":30.0},{"not_picked":["hubris:ReadiedAction","Clothesline","Seeing Red+1"],"picked":"Pommel Strike+1","floor":31.0},{"not_picked":["Armaments","Flex","Defy Death"],"picked":"Perfected Strike+1","floor":35.0},{"not_picked":["ReplayTheSpireMod:Strike From Hell","Warcry","Bloodletting+1","Wild Strike"],"picked":"SKIP","floor":37.0},{"not_picked":["Flex","Iron Wave+1","True Grit","Ghostly Armor"],"picked":"SKIP","floor":39.0},{"not_picked":["Sword Boomerang","Havoc+1","Fire Breathing","hubris:ReadiedAction+1"],"picked":"SKIP","floor":40.0},{"not_picked":["ReplayTheSpireMod:Limb From Limb+1","ReplayReversal+1","Flex+1"],"picked":"Heavy Blade+1","floor":41.0},{"not_picked":["Cleave+1","Anger","Spot Weakness","ReplayTheSpireMod:Stacked"],"picked":"SKIP","floor":45.0},{"not_picked":["Cleave","Body Slam+1","Warcry"],"picked":"Twin Strike+1","floor":46.0},{"not_picked":["hubris:SharpeningStone+1","Wild Strike","Abandon+1","Body Slam"],"picked":"SKIP","floor":48.0},{"not_picked":["Infernal Blade","Flex","Iron Wave","Sever Soul"],"picked":"SKIP","floor":52.0},{"not_picked":["Sever Soul","Pommel Strike","ReplayTheSpireMod:Strike From Hell","Intimidate"],"picked":"SKIP","floor":54.0},{"not_picked":["Reckless Charge","Heavy Blade","Warcry","Pommel Strike"],"picked":"SKIP","floor":55.0},{"not_picked":["Reckless Charge","Heavy Blade","Warcry","Pommel Strike"],"picked":"SKIP","floor":55.0},{"not_picked":["Heavy Blade","hubris:SharpeningStone","Headbutt","Reckless Charge"],"picked":"SKIP","floor":56.0},{"not_picked":["Armaments","Shrug It Off","hubris:ReadiedAction","Cleave"],"picked":"SKIP","floor":57.0},{"not_picked":["Eclipse","Flame Barrier","Anger","Metallicize"],"picked":"SKIP","floor":61.0},{"not_picked":["Twin Strike","Fire Breathing","Defy Death"],"picked":"Perfected Strike","floor":62.0},{"not_picked":["Pommel Strike","True Grit","Sword Boomerang","Pummel"],"picked":"SKIP","floor":63.0},{"not_picked":["Wild Strike","Anger","Feed","Defy Death"],"picked":"SKIP","floor":64.0},{"not_picked":["Warcry","Blood for Blood","Run Through","Havoc"],"picked":"SKIP","floor":65.0},{"not_picked":["Twin Strike","infinitespire:OneForAll","Armaments","Shrug It Off"],"picked":"SKIP","floor":69.0},{"not_picked":["Sword Boomerang+1","ReplayTheSpireMod:Strike From Hell","ReplayTheSpireMod:Limb From Limb","Body Slam"],"picked":"SKIP","floor":70.0},{"not_picked":["Anger","Havoc+1","Replay:Undeath\u0027s Touch","Inflame+1"],"picked":"SKIP","floor":72.0},{"not_picked":["Shrug It Off","Shockwave","ReplayTheSpireMod:Corrosion Curse","Warcry"],"picked":"SKIP","floor":73.0},{"not_picked":["Seeing Red","Body Slam","Replay:Undeath\u0027s Touch","Uppercut"],"picked":"SKIP","floor":74.0},{"not_picked":["Warcry","Sword Boomerang+1","Havoc","Anger"],"picked":"SKIP","floor":76.0},{"not_picked":["Defy Death","Shockwave","ReplayReversal+1","Uppercut"],"picked":"SKIP","floor":79.0},{"not_picked":["Clothesline","Wild Strike","Body Slam","Blood for Blood+1"],"picked":"SKIP","floor":82.0},{"not_picked":["Cleave","Reckless Charge","Iron Wave","Replay:Undeath\u0027s Touch+1"],"picked":"SKIP","floor":86.0},{"not_picked":["Ghostly Armor+1","Heavy Blade","Warcry+1","Wild Strike"],"picked":"SKIP","floor":89.0},{"not_picked":["Run Through+1","Thunderclap","Perfected Strike","Armaments"],"picked":"SKIP","floor":90.0},{"not_picked":["Dual Wield+1","hubris:CleavingFinish+1","Clothesline+1","Reckless Charge"],"picked":"SKIP","floor":91.0},{"not_picked":["Sword Boomerang+1","Wild Strike","Barricade","Replay:Undeath\u0027s Touch+1"],"picked":"SKIP","floor":95.0},{"not_picked":["ReplayTheSpireMod:LeadingStrike+1","Armaments+1","Heavy Blade+1","ReplayTheSpireMod:Corrosion Curse"],"picked":"SKIP","floor":96.0},{"not_picked":["Havoc","ReplayTheSpireMod:Corrosion Curse+1","Immolate","Hemokinesis+1"],"picked":"SKIP","floor":97.0},{"not_picked":["Flex","Replay:Undeath\u0027s Touch+1","Pummel","Cleave"],"picked":"SKIP","floor":98.0},{"not_picked":["Power Through","Flex","Cleave","Perfected Strike"],"picked":"SKIP","floor":99.0},{"not_picked":["infinitespire:FutureSight","infinitespire:Execution"],"picked":"infinitespire:SevenWalls","floor":102.0},{"not_picked":["Clash","Armaments","Thunderclap","Replay:Undeath\u0027s Touch"],"picked":"SKIP","floor":103.0},{"not_picked":["True Grit","Second Wind","Warcry","Anger"],"picked":"SKIP","floor":105.0},{"not_picked":["Disarm","Cleave","hubris:ReadiedAction","Bloodletting"],"picked":"SKIP","floor":107.0},{"not_picked":["Reaper","Shockwave","Dark Embrace","Life Link"],"picked":"SKIP","floor":108.0},{"not_picked":["Feel No Pain","True Grit","Spot Weakness","Wild Strike"],"picked":"SKIP","floor":113.0}],"player_experience":147412,"relics_obtained":[{"floor":7.0,"key":"hubris:CuriousFeather"},{"floor":9.0,"key":"Bag of Preparation"},{"floor":22.0,"key":"Ring of Hypnosis"},{"floor":22.0,"key":"Ring of Fury"},{"floor":24.0,"key":"Replay:Wax Seal"},{"floor":26.0,"key":"Bottled Flame"},{"floor":28.0,"key":"ReplayTheSpireMod:TigerMarble"},{"floor":34.0,"key":"Pen Nib"},{"floor":34.0,"key":"InkBottle"},{"floor":34.0,"key":"Magic Flower"},{"floor":38.0,"key":"Ginger"},{"floor":40.0,"key":"Bag of Marbles"},{"floor":43.0,"key":"Thread and Needle"},{"floor":46.0,"key":"Iron Hammer"},{"floor":47.0,"key":"PreservedInsect"},{"floor":57.0,"key":"infinitespire:Joker Card"},{"floor":61.0,"key":"War Paint"},{"floor":63.0,"key":"Omamori"},{"floor":74.0,"key":"MealTicket"},{"floor":76.0,"key":"Durian"},{"floor":77.0,"key":"Happy Flower"},{"floor":81.0,"key":"infinitespire:CursedDice"},{"floor":81.0,"key":"infinitespire:BottledMercury"},{"floor":91.0,"key":"hubris:DuctTape"},{"floor":93.0,"key":"hubris:CrystalStatue"},{"floor":94.0,"key":"Replay:Towering Pillar of Hats"},{"floor":95.0,"key":"CaptainsWheel"},{"floor":108.0,"key":"infinitespire:PuzzleCube"},{"floor":111.0,"key":"Peace Pipe"},{"floor":113.0,"key":"Regal Pillow"}],"event_choices":[{"damage_healed":0.0,"max_hp_gain":0.0,"max_hp_loss":0.0,"gold_gain":175.0,"event_name":"Liars Game","player_choice":"AGREE","floor":2.0,"gold_loss":0.0,"damage_taken":0.0,"cards_obtained":["Doubt"]},{"damage_healed":0.0,"max_hp_gain":0.0,"max_hp_loss":0.0,"gold_gain":0.0,"event_name":"Scrap Ooze","player_choice":"Success","floor":8.0,"gold_loss":0.0,"damage_taken":12.0,"relics_obtained":["hubris:SphereOfDissonance"]},{"damage_healed":0.0,"max_hp_gain":0.0,"max_hp_loss":0.0,"gold_gain":0.0,"event_name":"Ghosts","player_choice":"Ignored","floor":20.0,"gold_loss":0.0,"damage_taken":0.0},{"damage_healed":0.0,"max_hp_gain":0.0,"max_hp_loss":0.0,"gold_gain":0.0,"event_name":"Mysterious Sphere","player_choice":"Fight","floor":38.0,"gold_loss":0.0,"damage_taken":0.0},{"damage_healed":0.0,"max_hp_gain":0.0,"max_hp_loss":0.0,"gold_gain":0.0,"event_name":"WeMeetAgain","player_choice":"Paid Gold","floor":59.0,"gold_loss":82.0,"damage_taken":0.0,"relics_obtained":["Blood Vial"]},{"damage_healed":0.0,"max_hp_gain":0.0,"max_hp_loss":0.0,"gold_gain":0.0,"event_name":"Accursed Blacksmith","player_choice":"Forge","floor":71.0,"gold_loss":0.0,"damage_taken":0.0,"cards_upgraded":["Twin Strike"]},{"damage_healed":0.0,"max_hp_gain":0.0,"max_hp_loss":0.0,"gold_gain":0.0,"event_name":"Colosseum","player_choice":"Fight","floor":81.0,"gold_loss":0.0,"damage_taken":0.0},{"damage_healed":0.0,"max_hp_gain":0.0,"max_hp_loss":0.0,"gold_gain":0.0,"event_name":"Colosseum","player_choice":"Fought Nobs","floor":81.0,"gold_loss":0.0,"damage_taken":0.0},{"damage_healed":0.0,"max_hp_gain":0.0,"max_hp_loss":0.0,"gold_gain":0.0,"event_name":"Tomb of Lord Red Mask","player_choice":"Ignored","floor":87.0,"gold_loss":0.0,"damage_taken":0.0},{"cards_removed":["Flex"],"damage_healed":0.0,"max_hp_gain":0.0,"max_hp_loss":0.0,"gold_gain":0.0,"event_name":"Living Wall","player_choice":"Forget","floor":106.0,"gold_loss":0.0,"damage_taken":0.0},{"damage_healed":0.0,"max_hp_gain":0.0,"max_hp_loss":0.0,"gold_gain":0.0,"event_name":"Shining Light","player_choice":"Ignored","floor":110.0,"gold_loss":0.0,"damage_taken":0.0}],"is_beta":false,"boss_relics":[{"not_picked":["hubris:Stopwatch","ChewingGum"],"picked":"Replay:Ancient Bell"},{"not_picked":["Replay:Rubber Ducky","hubris:SlimyHat"],"picked":"Red Skull"},{"not_picked":["hubris:MobiusCoin","hubris:PeanutButter"],"picked":"hubris:Metronome"},{"not_picked":["CaptainsWheel","Replay:Towering Pillar of Hats"],"picked":"hubris:Potato"},{"not_picked":["Replay:Grab Bag","energizedSpire:DeadBattery"],"picked":"Calling Bell"},{"not_picked":["bronze:MakeshiftBattery","Coffee Dripper"],"picked":"hubris:RunicObelisk"},{"not_picked":["hubris:HollowSoul","energizedSpire:DeadBattery"],"picked":"Painkiller Herb"},{"not_picked":["Kintsugi","Velvet Choker"],"picked":"Replay:Wanted Poster"},{"not_picked":["bronze:MakeshiftBattery","hubris:GrandSneckoEye"],"picked":"infinitespire:Burning Sword"}],"items_purged_floors":[10,25,29,53,78],"is_endless":true,"potions_floor_spawned":[1,4,7,19,21,28,33,35,37,38,41,48,54,55,62,63,65,67,69,72,73,81,81,95,96,97,98,99,101,108,113],"killed_by":"Looter","ascension_level":0}}