{"host":"928gv66myv2vlnsd","time":1614384001,"event":{"mods":["BaseMod","Highlight Path","Minty Spire (QoL Compilation)","Relic Stats","StSLib"],"gold_per_floor":[409,334,334,352,371,371,404,423,423,143,155,155,171,202,202,278,278,230,21,21,38,38,38,38],"floor_reached":23,"language":"ENG","playtime":947,"items_purged":["Normality","Strike_R","Heavy Blade"],"score":402,"play_id":"9f42d06a-f0bc-4c8c-b8a2-ef86eb8a2173","local_time":"20210226190001","is_ascension_mode":true,"campfire_choices":[{"data":"Cleave","floor":6,"key":"SMITH"},{"data":"True Grit","floor":12,"key":"SMITH"},{"floor":15,"key":"REST"}],"circlet_count":0,"master_deck":["AscendersBane","Strike_R","Strike_R","Strike_R","Strike_R","Defend_R","Defend_R","Defend_R","Defend_R","Bash+1","Cleave+1","Ghostly Armor","Fiend Fire","Pummel","True Grit+1","Dropkick","Pommel Strike","Limit Break","Shrug It Off","Impervious","Heavy Blade+1","Flame Barrier","Feel No Pain","Disarm","Spot Weakness","Writhe"],"relics":["Burning Blood","Old Coin","Shuriken","Membership Card","Molten Egg 2","Black Star","Oddly Smooth Stone","Vajra"],"acts_visited":["Exordium","TheCity"],"potions_floor_usage":[7,23,23],"damage_taken":[{"damage":8,"enemies":"2 Louse","floor":1,"turns":3},{"damage":9,"enemies":"Jaw Worm","floor":4,"turns":4},{"damage":5,"enemies":"Small Slimes","floor":5,"turns":3},{"damage":15,"enemies":"3 Sentries","floor":7,"turns":4},{"damage":12,"enemies":"Exordium Wildlife","floor":8,"turns":3},{"damage":1,"enemies":"2 Fungi Beasts","floor":11,"turns":2},{"damage":7,"enemies":"Large Slime","floor":13,"turns":4},{"damage":20,"enemies":"Lagavulin","floor":14,"turns":4},{"damage":58,"enemies":"The Guardian","floor":16,"turns":13},{"damage":14,"enemies":"2 Thieves","floor":18,"turns":5},{"damage":0,"enemies":"3 Byrds","floor":21,"turns":4},{"damage":60,"enemies":"Gremlin Leader","floor":23,"turns":8}],"seed_played":"-2111193763877716263","potions_obtained":[{"floor":4,"key":"DuplicationPotion"},{"floor":7,"key":"Weak Potion"},{"floor":11,"key":"Explosive Potion"}],"is_trial":false,"path_per_floor":["M","$","?","M","M","R","E","M","T","$","M","R","M","E","R","B",null,"M","$","?","M","?","E"],"character_chosen":"IRONCLAD","items_purchased":["Membership Card","True Grit","Dropkick","Oddly Smooth Stone","Flame Barrier","Feel No Pain"],"campfire_rested":1,"item_purchase_floors":[10,10,10,19,19,19],"current_hp_per_floor":[66,66,66,63,64,64,55,49,49,49,54,54,53,39,61,9,59,51,51,51,57,57,0,0],"gold":38,"neow_bonus":"ONE_RARE_RELIC","is_daily":false,"chose_seed":false,"campfire_upgraded":2,"win_rate":0.0,"timestamp":1614384001,"path_taken":["M","$","?","M","M","R","E","M","T","$","M","R","M","E","R","BOSS","M","$","?","M","?","E"],"items_purchased_type":["Relic","Card","Card","Relic","Card","Card"],"build_version":"2020-12-22","purchased_purges":3,"victory":false,"max_hp_per_floor":[75,75,75,75,75,75,75,75,75,75,75,75,75,75,75,75,75,75,75,75,75,75,75,75],"relic_stats":{"counters":[12,57],"Shuriken":[8],"Black Star":0,"obtain_stats":[{"Shuriken":7,"Oddly Smooth Stone":19,"Vajra":22,"Molten Egg 2":14,"Black Star":17,"Membership Card":10,"Burning Blood":0,"Old Coin":0},{"Shuriken":4,"Oddly Smooth Stone":10,"Vajra":11,"Molten Egg 2":8,"Black Star":9,"Membership Card":5,"Burning Blood":0,"Old Coin":0},{"Shuriken":14,"Oddly Smooth Stone":45,"Vajra":49,"Molten Egg 2":27,"Black Star":40,"Membership Card":17,"Burning Blood":0,"Old Coin":0}],"Burning Blood":66},"card_choices":[{"not_picked":["Havoc","Perfected Strike"],"picked":"Heavy Blade","floor":1},{"not_picked":["Clash","Pommel Strike"],"picked":"Cleave","floor":4},{"not_picked":["Flex","Dual Wield"],"picked":"Ghostly Armor","floor":5},{"not_picked":["Pommel Strike","Havoc"],"picked":"Fiend Fire","floor":7},{"not_picked":["Thunderclap","True Grit"],"picked":"Pummel","floor":8},{"not_picked":["Thunderclap","Headbutt"],"picked":"Pommel Strike","floor":11},{"not_picked":["Heavy Blade","Rupture"],"picked":"Limit Break","floor":13},{"not_picked":["True Grit","Fiend Fire+1"],"picked":"Shrug It Off","floor":14},{"not_picked":["Fiend Fire+1","Corruption"],"picked":"Impervious","floor":16},{"not_picked":["Iron Wave+1","Pommel Strike+1"],"picked":"Heavy Blade+1","floor":18},{"not_picked":["Twin Strike+1","Armaments"],"picked":"Spot Weakness","floor":21}],"player_experience":1488212,"relics_obtained":[{"floor":7,"key":"Shuriken"},{"floor":14,"key":"Molten Egg 2"}],"event_choices":[{"damage_healed":0,"gold_gain":0,"player_choice":"Grow","damage_taken":0,"max_hp_gain":0,"max_hp_loss":0,"event_name":"Living Wall","floor":3,"gold_loss":0,"cards_upgraded":["Bash"]},{"damage_healed":0,"gold_gain":0,"player_choice":"Read","damage_taken":0,"max_hp_gain":0,"max_hp_loss":0,"event_name":"The Library","floor":20,"gold_loss":0,"cards_obtained":["Disarm"]},{"damage_healed":0,"gold_gain":0,"player_choice":"Opened","damage_taken":0,"relics_obtained":["Vajra"],"max_hp_gain":0,"max_hp_loss":0,"event_name":"The Mausoleum","floor":22,"gold_loss":0,"cards_obtained":["Writhe"]}],"is_beta":false,"boss_relics":[{"not_picked":["Runic Cube","Busted Crown"],"picked":"Black Star"}],"items_purged_floors":[2,10,19],"is_endless":false,"potions_floor_spawned":[4,7,11,16],"killed_by":"Gremlin Leader","ascension_level":20}}