{"host":"2qv44oxt58ptq59r","time":1614436455,"event":{"mods":["AchievementEnabler","BaseMod","Colored Powertips","Highlight Path","Minty Spire (QoL Compilation)","Permanent Neow","StSLib"],"gold_per_floor":[219,237,255,265,440,467,467,467,549,566,1,11,31,31,31,132,132,151,20,37,37,37,37,47,47,47,47,58,7,7,27,27,131,131,149,161,161,161,177,177,204,204,204],"floor_reached":42,"language":"ENG","playtime":8403,"items_purged":["Doubt"],"score":606,"play_id":"69ef3115-084d-414e-8d62-b7640331b5bf","local_time":"20210227143415","is_ascension_mode":true,"campfire_choices":[{"floor":15.0,"key":"REST"},{"floor":23.0,"key":"RECALL"},{"data":"Noxious Fumes","floor":30.0,"key":"SMITH"},{"data":"Venomology","floor":32.0,"key":"SMITH"},{"floor":40,"key":"REST"}],"circlet_count":0,"master_deck":["Strike_G","Strike_G","Strike_G","Strike_G","Strike_G","Defend_G","Defend_G","Defend_G","Defend_G","Defend_G","Survivor","Neutralize","Noxious Fumes+1","PiercingWail","Backstab","Dash","Cloak And Dagger","Venomology","Backstab","Venomology+1","Dagger Spray","After Image","Caltrops","Leg Sweep","Catalyst+1","Acrobatics+1","Doppelganger","Setup+1","Deadly Poison"],"relics":["Ring of the Snake","Tingsha","FaceOfCleric","Blood Vial","Potion Belt","Busted Crown","Omamori","Bag of Preparation","MutagenicStrength","WristBlade","Shovel","Lantern"],"acts_visited":["Exordium","TheCity","TheBeyond"],"potions_floor_usage":[33,33,33,33,33,35,35,35,39,39,39,41,41],"damage_taken":[{"damage":0.0,"enemies":"2 Louse","floor":1.0,"turns":4.0},{"damage":0.0,"enemies":"Jaw Worm","floor":2.0,"turns":4.0},{"damage":0.0,"enemies":"Cultist","floor":3.0,"turns":4.0},{"damage":3.0,"enemies":"3 Louse","floor":4.0,"turns":5.0},{"damage":41.0,"enemies":"Gremlin Nob","floor":6.0,"turns":5.0},{"damage":2.0,"enemies":"Looter","floor":10.0,"turns":4.0},{"damage":0.0,"enemies":"2 Fungi Beasts","floor":12.0,"turns":2.0},{"damage":10.0,"enemies":"Large Slime","floor":13.0,"turns":5.0},{"damage":10.0,"enemies":"The Guardian","floor":16.0,"turns":10.0},{"damage":0.0,"enemies":"2 Thieves","floor":18.0,"turns":5.0},{"damage":2.0,"enemies":"3 Byrds","floor":20.0,"turns":4.0},{"damage":14.0,"enemies":"Snecko","floor":24.0,"turns":5.0},{"damage":3.0,"enemies":"Chosen and Byrds","floor":28.0,"turns":8.0},{"damage":4.0,"enemies":"Sentry and Sphere","floor":31.0,"turns":6.0},{"damage":48,"enemies":"Automaton","floor":33,"turns":10},{"damage":35,"enemies":"3 Darklings","floor":35,"turns":6},{"damage":5,"enemies":"3 Shapes","floor":36,"turns":5},{"damage":22,"enemies":"Maw","floor":39,"turns":7},{"damage":42,"enemies":"Nemesis","floor":41,"turns":9},{"damage":5,"enemies":"4 Shapes","floor":42,"turns":2}],"seed_played":"7473630753597266849","potions_obtained":[{"floor":1.0,"key":"Strength Potion"},{"floor":6.0,"key":"BlessingOfTheForge"},{"floor":10.0,"key":"BlessingOfTheForge"},{"floor":13.0,"key":"Dexterity Potion"},{"floor":16.0,"key":"PowerPotion"},{"floor":33,"key":"Weak Potion"},{"floor":36,"key":"Poison Potion"},{"floor":41,"key":"DistilledChaos"}],"is_trial":false,"path_per_floor":["M","M","M","M","?","E","?","?","T","M","$","M","M","$","R","B",null,"M","$","M","?","?","R","M","?","T","?","M","$","R","M","R","B",null,"M","M","T","?","M","R","E","M"],"character_chosen":"THE_SILENT","items_purchased":["Blood Vial","Potion Belt","Venomology","Backstab","Weak Potion","Caltrops","SkillPotion","Strength Potion"],"campfire_rested":2,"item_purchase_floors":[11,11,11,11,11,19,19,29],"current_hp_per_floor":[63,63,63,60,60,19,24,24,24,23,23,26,19,19,42,35,68,71,71,72,72,72,72,61,61,61,61,61,61,61,60,60,15,68,36,34,34,34,15,41,2,0,0],"gold":204,"neow_bonus":"HUNDRED_GOLD","is_daily":false,"chose_seed":false,"campfire_upgraded":2,"win_rate":0.0,"timestamp":1614436455,"path_taken":["M","M","M","M","?","E","?","?","T","?","$","M","M","$","R","BOSS","M","$","M","?","?","R","M","?","T","?","M","?","R","?","R","BOSS","M","M","?","?","M","R","E","M"],"items_purchased_type":["Relic","Relic","Card","Card","Potion","Card","Potion","Potion"],"build_version":"2020-12-22","purchased_purges":1,"victory":false,"max_hp_per_floor":[70,70,70,70,70,70,75,75,75,76,76,77,78,78,78,79,79,80,80,81,81,81,81,82,82,82,82,83,83,83,84,84,85,85,86,87,87,87,88,88,89,89,89],"card_choices":[{"not_picked":["Distraction","Acrobatics","Underhanded Strike"],"picked":"SKIP","floor":1.0},{"not_picked":["Poisoned Stab","Dagger Spray"],"picked":"Noxious Fumes","floor":2.0},{"not_picked":["Prepared","Dagger Throw"],"picked":"PiercingWail","floor":3.0},{"not_picked":["Calculated Gamble","Dagger Throw"],"picked":"Backstab","floor":4.0},{"not_picked":["Poisoned Stab","Deadly Poison"],"picked":"Dash","floor":6.0},{"not_picked":["Quick Slash","Backflip"],"picked":"Cloak And Dagger","floor":10.0},{"not_picked":["Underhanded Strike","Escape Plan"],"picked":"Venomology","floor":12.0},{"not_picked":["Backflip","Deadly Poison"],"picked":"Dagger Spray","floor":13.0},{"not_picked":["Unload","Phantasmal Killer"],"picked":"After Image","floor":16.0},{"not_picked":["Underhanded Strike"],"picked":"SKIP","floor":18.0},{"not_picked":[],"picked":"Leg Sweep","floor":20.0},{"not_picked":["Slice"],"picked":"SKIP","floor":24.0},{"not_picked":[],"picked":"Catalyst+1","floor":28.0},{"not_picked":[],"picked":"Acrobatics+1","floor":31.0},{"not_picked":[],"picked":"Doppelganger","floor":33},{"not_picked":[],"picked":"Setup+1","floor":35},{"not_picked":[],"picked":"Deadly Poison","floor":36},{"not_picked":["Quick Slash"],"picked":"SKIP","floor":39},{"not_picked":["Glass Knife"],"picked":"SKIP","floor":41}],"player_experience":5864440,"relics_obtained":[{"floor":6.0,"key":"Tingsha"},{"floor":26.0,"key":"Bag of Preparation"},{"floor":37,"key":"Shovel"},{"floor":41,"key":"Lantern"}],"event_choices":[{"damage_healed":0.0,"max_hp_gain":0.0,"max_hp_loss":0.0,"gold_gain":175.0,"event_name":"Liars Game","player_choice":"AGREE","floor":5.0,"gold_loss":0.0,"damage_taken":0.0,"cards_obtained":["Doubt"]},{"damage_healed":0.0,"max_hp_gain":5.0,"max_hp_loss":0.0,"gold_gain":0.0,"event_name":"Big Fish","player_choice":"Donut","floor":7.0,"gold_loss":0.0,"damage_taken":0.0},{"damage_healed":0.0,"max_hp_gain":0.0,"max_hp_loss":0.0,"gold_gain":0.0,"event_name":"FaceTrader","player_choice":"Trade","floor":8.0,"gold_loss":0.0,"damage_taken":0.0,"relics_obtained":["FaceOfCleric"]},{"damage_healed":0.0,"max_hp_gain":0.0,"max_hp_loss":0.0,"gold_gain":0.0,"event_name":"Ghosts","player_choice":"Ignored","floor":21.0,"gold_loss":0.0,"damage_taken":0.0},{"damage_healed":0.0,"max_hp_gain":0.0,"max_hp_loss":0.0,"gold_gain":0.0,"event_name":"The Mausoleum","player_choice":"Opened","floor":22.0,"gold_loss":0.0,"damage_taken":0.0,"relics_obtained":["Omamori"]},{"damage_healed":0.0,"max_hp_gain":0.0,"max_hp_loss":0.0,"gold_gain":0.0,"event_name":"Drug Dealer","player_choice":"Inject Mutagens","floor":27.0,"gold_loss":0.0,"damage_taken":0.0,"relics_obtained":["MutagenicStrength"]},{"damage_healed":0,"gold_gain":0,"player_choice":"Ignored","damage_taken":0,"max_hp_gain":0,"max_hp_loss":0,"event_name":"The Moai Head","floor":38,"gold_loss":0}],"is_beta":false,"boss_relics":[{"not_picked":["Runic Dome","Black Star"],"picked":"Busted Crown"},{"not_picked":["Coffee Dripper","Runic Pyramid"],"picked":"WristBlade"}],"items_purged_floors":[11],"is_endless":false,"potions_floor_spawned":[1,6,10,13,16,20,33,36,41],"killed_by":"4 Shapes","ascension_level":7}}