{"host":"08yfhu6uhosdn245","time":1614406060,"event":{"mods":["2.2 Compatiblity","AchievementEnabler","BaseMod","Bestiary","Colored Map","Colored Powertips","Curses Come First","Highlight Path","Minty Spire (QoL Compilation)","Quick Restart","Relic Stats","StSLib"],"gold_per_floor":[116,116,134,134,148,178,25,57,57,57,74,85,140,153,153,257,257,269,189,189,189,189,215,215,230,278,311,321,321,341,360,360,457,457,477,493,186,197,208,239,253,253,253,287,306,306,306,360,360,360,360,360,27,52,52,52],"floor_reached":55,"language":"ENG","playtime":4611,"items_purged":[],"score":1015,"play_id":"45580623-02fc-40a0-9719-ad4c340b89f3","local_time":"20210227010740","is_ascension_mode":true,"campfire_choices":[{"floor":10,"key":"REST"},{"data":"Deadly Poison","floor":15,"key":"SMITH"},{"data":"Envenom","floor":24,"key":"SMITH"},{"data":"Wraith Form v2","floor":29,"key":"SMITH"},{"data":"Eviscerate","floor":32,"key":"SMITH"},{"data":"Infinite Blades","floor":42,"key":"SMITH"},{"floor":49,"key":"RECALL"},{"data":"Endless Agony","floor":52,"key":"SMITH"}],"circlet_count":0,"master_deck":["Survivor","Neutralize","Venomology+1","Masterful Stab+1","Escape Plan","Dagger Spray","Backflip","Venomology+1","Deadly Poison+1","Deadly Poison+1","Reflex+1","Adrenaline+1","Prepared+1","Wraith Form v2+1","Concentrate+1","Setup+1","Endless Agony+1","Envenom+1","Expertise+1","Expertise+1","Backflip+1","Escape Plan+1","Acrobatics+1","Eviscerate+1","Bite","Bite","Bite","Bite","Bite","Outmaneuver+1","Leg Sweep+1","Calculated Gamble+1","Deflect+1","Setup+1","Night Terror+1","Infinite Blades+1","Escape Plan+1","Metamorphosis+1","Tactician+1","Terror+1","Catalyst+1","Setup+1","Crippling Poison+1","Prepared+1"],"relics":["Ring of the Serpent","Omamori","DollysMirror","Peace Pipe","Toxic Egg 2","Smiling Mask","Pandora\u0027s Box","Dream Catcher","Ancient Tea Set","Akabeko","Bronze Scales","StrikeDummy","Regal Pillow","Unceasing Top","Bag of Preparation","Lantern","Boot"],"acts_visited":["Exordium","TheCity","TheBeyond","TheEnding"],"potions_floor_usage":[5,6,6,8,8,8,8,12,14,14,16,16,18,23,23,25,27,27,27,27,30,30,31,33,33,33,35,35,36,36,38,38,39,39,40,40,40,40,41,44,44,44,44,44,45,45,45,48,48,48,50,50,50,54,55,55,55],"damage_taken":[{"damage":9,"enemies":"2 Louse","floor":1,"turns":4},{"damage":0,"enemies":"Cultist","floor":3,"turns":3},{"damage":0,"enemies":"Jaw Worm","floor":5,"turns":3},{"damage":14,"enemies":"3 Sentries","floor":6,"turns":6},{"damage":12,"enemies":"Lagavulin","floor":8,"turns":3},{"damage":0,"enemies":"Gremlin Gang","floor":11,"turns":4},{"damage":0,"enemies":"Red Slaver","floor":12,"turns":3},{"damage":0,"enemies":"3 Louse","floor":14,"turns":1},{"damage":0,"enemies":"Slime Boss","floor":16,"turns":6},{"damage":0,"enemies":"Spheric Guardian","floor":18,"turns":2},{"damage":2,"enemies":"Slavers","floor":23,"turns":5},{"damage":0,"enemies":"Shell Parasite","floor":25,"turns":2},{"damage":13,"enemies":"Book of Stabbing","floor":27,"turns":4},{"damage":0,"enemies":"Snecko","floor":28,"turns":2},{"damage":0,"enemies":"Sentry and Sphere","floor":30,"turns":3},{"damage":0,"enemies":"3 Cultists","floor":31,"turns":4},{"damage":6,"enemies":"Automaton","floor":33,"turns":7},{"damage":2,"enemies":"3 Darklings","floor":35,"turns":4},{"damage":12,"enemies":"Orb Walker","floor":36,"turns":3},{"damage":0,"enemies":"Jaw Worm Horde","floor":38,"turns":2},{"damage":0,"enemies":"Spire Growth","floor":39,"turns":3},{"damage":4,"enemies":"Giant Head","floor":40,"turns":6},{"damage":9,"enemies":"Maw","floor":41,"turns":5},{"damage":18,"enemies":"Reptomancer","floor":44,"turns":5},{"damage":4,"enemies":"4 Shapes","floor":45,"turns":4},{"damage":9,"enemies":"2 Orb Walkers","floor":48,"turns":5},{"damage":38,"enemies":"Donu and Deca","floor":50,"turns":6},{"damage":30,"enemies":"Shield and Spear","floor":54,"turns":7},{"damage":84,"enemies":"The Heart","floor":55,"turns":3}],"seed_played":"6318322040197498422","potions_obtained":[{"floor":3,"key":"Block Potion"},{"floor":18,"key":"ColorlessPotion"},{"floor":23,"key":"PowerPotion"},{"floor":31,"key":"Block Potion"},{"floor":33,"key":"SteroidPotion"},{"floor":40,"key":"Dexterity Potion"},{"floor":44,"key":"Fire Potion"}],"is_trial":false,"path_per_floor":["M","?","M","?","M","E","$","E","T","R","M","M","T","M","R","B",null,"M","$","?","?","?","E","R","M","T","E","M","R","M","M","R","B",null,"M","M","$","M","M","E","M","R","T","E","M","?","?","?","R","B",null,"R","$","E","B"],"character_chosen":"THE_SILENT","items_purchased":["DollysMirror","Eviscerate","Bronze Scales","Metamorphosis+1","Bag of Preparation","Lantern","Crippling Poison+1"],"campfire_rested":1,"item_purchase_floors":[7,19,37,37,53,53,53],"current_hp_per_floor":[40,40,40,40,40,26,26,14,14,35,35,35,35,35,35,35,70,70,70,49,49,49,49,49,49,49,39,47,47,49,49,49,49,49,49,45,45,45,49,49,44,44,44,49,47,47,47,44,44,16,49,49,49,37,0,0],"gold":52,"neow_bonus":"THREE_RARE_CARDS","is_daily":false,"chose_seed":false,"campfire_upgraded":6,"win_rate":0.0,"timestamp":1614406060,"path_taken":["M","?","M","?","M","E","$","E","T","R","?","M","?","?","R","BOSS","M","$","?","?","?","E","R","M","T","E","M","R","M","M","R","BOSS","M","M","$","M","M","E","M","R","T","E","M","?","?","?","R","BOSS","R","$","E","BOSS"],"items_purchased_type":["Relic","Card","Relic","Card","Relic","Relic","Card"],"build_version":"2020-12-22","purchased_purges":0,"victory":false,"max_hp_per_floor":[70,70,70,70,70,70,70,70,70,70,70,70,70,70,70,70,70,70,70,49,49,49,49,49,49,49,49,49,49,49,49,49,49,49,49,49,49,49,49,49,49,49,49,49,49,49,49,49,49,49,49,49,49,49,49,49],"relic_stats":{"Peace Pipe":0,"Dream Catcher":0,"Regal Pillow":0,"counters":[29,115],"Bronze Scales":[171],"Pandora\u0027s Box":["Prepared","Wraith Form v2","Concentrate","Setup","Endless Agony","Envenom","Expertise","Expertise","Backflip","Escape Plan"],"Bag of Preparation":[4],"Smiling Mask":0,"Boot":[5],"obtain_stats":[{"Regal Pillow":44,"Lantern":53,"Omamori":6,"Bag of Preparation":53,"Smiling Mask":13,"Ancient Tea Set":26,"Boot":54,"Akabeko":27,"Peace Pipe":8,"Dream Catcher":23,"DollysMirror":7,"Bronze Scales":37,"Pandora\u0027s Box":17,"Toxic Egg 2":9,"StrikeDummy":40,"Ring of the Serpent":34,"Unceasing Top":48,"Ring of the Snake":0},{"Regal Pillow":24,"Lantern":27,"Omamori":4,"Bag of Preparation":27,"Smiling Mask":7,"Ancient Tea Set":12,"Boot":28,"Akabeko":13,"Peace Pipe":5,"Dream Catcher":11,"DollysMirror":4,"Bronze Scales":19,"Pandora\u0027s Box":9,"Toxic Egg 2":5,"StrikeDummy":22,"Ring of the Serpent":17,"Unceasing Top":26,"Ring of the Snake":0},{"Regal Pillow":90,"Lantern":105,"Omamori":16,"Bag of Preparation":105,"Smiling Mask":26,"Ancient Tea Set":42,"Boot":112,"Akabeko":46,"Peace Pipe":19,"Dream Catcher":40,"DollysMirror":16,"Bronze Scales":69,"Pandora\u0027s Box":33,"Toxic Egg 2":19,"StrikeDummy":80,"Ring of the Serpent":62,"Unceasing Top":99,"Ring of the Snake":0}],"Unceasing Top":[25]},"card_choices":[{"not_picked":["Doppelganger","A Thousand Cuts"],"picked":"Venomology","floor":0},{"not_picked":["Underhanded Strike","Flying Knee"],"picked":"Masterful Stab","floor":1},{"not_picked":["Bouncing Flask","Prepared"],"picked":"Escape Plan","floor":3},{"not_picked":["Flying Knee","Poisoned Stab"],"picked":"Dagger Spray","floor":5},{"not_picked":["Dodge and Roll","Cloak And Dagger"],"picked":"Backflip","floor":6},{"not_picked":["Flechettes","Outmaneuver"],"picked":"Deadly Poison","floor":8},{"not_picked":["Tactician+1","Bane"],"picked":"Prepared+1","floor":11},{"not_picked":["Blade Dance+1","Backflip+1"],"picked":"Deadly Poison+1","floor":12},{"not_picked":["Flying Knee","Prepared+1"],"picked":"Reflex+1","floor":14},{"not_picked":["Bullet Time+1","Die Die Die"],"picked":"Adrenaline+1","floor":16},{"not_picked":["Dagger Throw","Quick Slash"],"picked":"Acrobatics+1","floor":18},{"not_picked":["Blade Dance+1","All Out Attack"],"picked":"Outmaneuver+1","floor":23},{"not_picked":["Bouncing Flask+1","Blade Dance+1"],"picked":"Leg Sweep+1","floor":25},{"not_picked":["Dagger Spray","Dagger Throw","Expertise+1"],"picked":"SKIP","floor":27},{"not_picked":["Flying Knee","Outmaneuver+1"],"picked":"Calculated Gamble+1","floor":28},{"not_picked":["Dash","Unload"],"picked":"Deflect+1","floor":30},{"not_picked":["Caltrops","Dagger Throw"],"picked":"Setup+1","floor":31},{"not_picked":["Bullet Time+1","Venomology+1"],"picked":"Night Terror+1","floor":33},{"not_picked":["Backflip+1","Bane+1"],"picked":"Infinite Blades","floor":35},{"not_picked":["Sucker Punch","Dagger Spray+1"],"picked":"Escape Plan+1","floor":36},{"not_picked":["All Out Attack","Slice+1"],"picked":"Tactician+1","floor":38},{"not_picked":["Accuracy+1","Deadly Poison+1","Dagger Spray+1"],"picked":"SKIP","floor":39},{"not_picked":["Choke","Crippling Poison+1","Acrobatics+1"],"picked":"SKIP","floor":40},{"not_picked":["Deadly Poison+1","Heel Hook"],"picked":"Terror+1","floor":41},{"not_picked":["Accuracy","Quick Slash"],"picked":"Catalyst+1","floor":44},{"not_picked":["Choke","Leg Sweep+1"],"picked":"Setup+1","floor":45},{"not_picked":["Bouncing Flask+1","Eviscerate"],"picked":"Prepared+1","floor":54}],"player_experience":437447,"relics_obtained":[{"floor":6,"key":"Omamori"},{"floor":8,"key":"Peace Pipe"},{"floor":9,"key":"Toxic Egg 2"},{"floor":13,"key":"Smiling Mask"},{"floor":23,"key":"Dream Catcher"},{"floor":26,"key":"Ancient Tea Set"},{"floor":27,"key":"Akabeko"},{"floor":40,"key":"StrikeDummy"},{"floor":44,"key":"Regal Pillow"},{"floor":48,"key":"Unceasing Top"},{"floor":54,"key":"Boot"}],"event_choices":[{"damage_healed":0,"gold_gain":0,"player_choice":"Grow","damage_taken":0,"max_hp_gain":0,"max_hp_loss":0,"event_name":"Living Wall","floor":2,"gold_loss":0,"cards_upgraded":["Venomology"]},{"damage_healed":0,"gold_gain":0,"player_choice":"Forge","damage_taken":0,"max_hp_gain":0,"max_hp_loss":0,"event_name":"Accursed Blacksmith","floor":4,"gold_loss":0,"cards_upgraded":["Masterful Stab"]},{"damage_healed":0,"gold_gain":0,"player_choice":"Became a vampire","damage_taken":0,"max_hp_gain":0,"max_hp_loss":21,"event_name":"Vampires","floor":20,"gold_loss":0,"cards_obtained":["Bite","Bite","Bite","Bite","Bite"]},{"cards_removed":["Prepared"],"damage_healed":0,"gold_gain":0,"player_choice":"Elegance","damage_taken":0,"max_hp_gain":0,"max_hp_loss":0,"event_name":"Back to Basics","floor":21,"gold_loss":0},{"damage_healed":0,"gold_gain":0,"player_choice":"0 cards matched","damage_taken":0,"max_hp_gain":0,"max_hp_loss":0,"event_name":"Match and Keep!","floor":22,"gold_loss":0,"cards_obtained":[]},{"damage_healed":0,"gold_gain":0,"player_choice":"Ignored","damage_taken":0,"max_hp_gain":0,"max_hp_loss":0,"event_name":"Tomb of Lord Red Mask","floor":46,"gold_loss":0},{"damage_healed":0,"gold_gain":0,"player_choice":"Memory 1","damage_taken":0,"max_hp_gain":0,"max_hp_loss":0,"event_name":"SensoryStone","floor":47,"gold_loss":0},{"damage_healed":0,"gold_gain":0,"player_choice":"Fight","damage_taken":0,"max_hp_gain":0,"max_hp_loss":0,"event_name":"Mysterious Sphere","floor":48,"gold_loss":0}],"is_beta":false,"boss_relics":[{"not_picked":["Tiny House","Runic Dome"],"picked":"Pandora\u0027s Box"},{"not_picked":["Fusion Hammer","SlaversCollar"],"picked":"Ring of the Serpent"}],"items_purged_floors":[],"is_endless":false,"potions_floor_spawned":[3,5,14,18,23,28,31,33,35,40,44],"killed_by":"The Heart","ascension_level":4}}