{"host":"t4v9ql4vaq3tgzms","time":1614433135,"event":{"mods":["AchievementEnabler","Aspiration","BaseMod","Colored Map","Conspire","Decade(王小明)","Highlight Path","KomeijiMod","LagranYue(拉格朗・月)","Marisa（F雨　魔理沙）","Minty Spire (QoL Compilation)","Replay The Spire","RumiaBox-露米娅的神秘盒子","StSLib","The Administrix","The Animator","The Bug Knight","The Cursed","The Runesmith","The Servant 0.9.4","【功能Mod】混沌之环修复补丁"],"gold_per_floor":[117,117,42,55,55,81,95,95,95,95,122,147,164,183,183,286,286,297,17,57,57,57,57],"floor_reached":22,"language":"ZHS","playtime":4785,"items_purged":["HollowMod:NailStrikeStart","HollowMod:NailStrikeStart"],"score":192,"play_id":"84fe3fe5-1a41-49b6-a6cd-ab9cc9ec3a52","local_time":"20210227213855","is_ascension_mode":false,"campfire_choices":[{"data":"HollowMod:HuntersJournal","floor":8,"key":"SMITH"},{"data":"HollowMod:FocusHealStart","floor":10,"key":"SMITH"},{"floor":15,"key":"REST"}],"circlet_count":0,"master_deck":["HollowMod:NailStrikeStart","HollowMod:NailStrikeStart","HollowMod:QuickDashStart+1","HollowMod:QuickDashStart","HollowMod:QuickDashStart","HollowMod:QuickDashStart","HollowMod:FocusHealStart+1","HollowMod:PogoStrike","HollowMod:CycloneSlash+1","HollowMod:InfectedCysts","HollowMod:HuntersJournal+1","HollowMod:HuntersJournal","HollowMod:CornifersMapStart","HollowMod:DescendingDark","HollowMod:Weaversong","Searching","HollowMod:SoulSplash+1"],"relics":["HollowMod:VesselMask","LagranYue:RandomDrawCardRelic","Oddly Smooth Stone","Gremlin Food","Replay:Wax Seal","aspiration:MobileForge","Iron Hammer"],"acts_visited":["Exordium","TheCity"],"potions_floor_usage":[6,16],"damage_taken":[{"damage":0,"enemies":"Small Slimes","floor":1,"turns":3},{"damage":0,"enemies":"2 Louse","floor":4,"turns":3},{"damage":46,"enemies":"Lagavulin","floor":6,"turns":9},{"damage":0,"enemies":"Cultist","floor":7,"turns":3},{"damage":18,"enemies":"Gremlin Nob","floor":12,"turns":4},{"damage":11,"enemies":"Exordium Thugs","floor":13,"turns":5},{"damage":8,"enemies":"HollowMod:HuskWarrior","floor":14,"turns":5},{"damage":51,"enemies":"Fading Forest","floor":16,"turns":11},{"damage":8,"enemies":"Chosen","floor":18,"turns":4},{"damage":61,"enemies":"conspire:MimicChest","floor":20,"turns":9}],"seed_played":"7188169297521334307","potions_obtained":[{"floor":4,"key":"Reflective Coating"},{"floor":13,"key":"Death Potion"}],"is_trial":false,"path_per_floor":["M","?","$","M","?","E","M","R","T","R","T","E","M","M","R_BF","B",null,"M","$","?","?","?"],"character_chosen":"THE_BUGKNIGHT","items_purchased":["Searching"],"campfire_rested":1,"item_purchase_floors":[19],"current_hp_per_floor":[82,82,82,82,82,48,58,58,58,58,58,40,41,43,67,40,82,80,80,21,5,0,0],"gold":57,"neow_bonus":"TEN_PERCENT_HP_BONUS","is_daily":false,"chose_seed":false,"campfire_upgraded":2,"win_rate":0.0,"timestamp":1614433135,"path_taken":["M","?","$","M","?","E","?","R","T","R","?","E","M","?","R_BF","BOSS","M","$","?","?","?"],"items_purchased_type":["Card"],"build_version":"2020-12-22","purchased_purges":2,"victory":false,"max_hp_per_floor":[82,82,82,82,82,82,82,82,82,82,82,82,82,82,82,82,82,82,82,82,87,87,87],"card_choices":[{"not_picked":["HollowMod:SharpenedShadows","HollowMod:DescendingDark"],"picked":"HollowMod:CycloneSlash","floor":1},{"not_picked":["HollowMod:InfectedAttack","HollowMod:DescendingDark"],"picked":"HollowMod:InfectedCysts","floor":4},{"not_picked":["HollowMod:PureNailStrike","HollowMod:LifebloodCore"],"picked":"HollowMod:HuntersJournal","floor":6},{"not_picked":["HollowMod:HeavyBlow","HollowMod:HuntersJournal","HollowMod:CycloneSlash"],"picked":"SKIP","floor":7},{"not_picked":["HollowMod:FastStrike","HollowMod:GrimmsGift"],"picked":"HollowMod:HuntersJournal","floor":12},{"not_picked":["HollowMod:GoodIntentions","HollowMod:Grubsong"],"picked":"HollowMod:CornifersMapStart","floor":13},{"not_picked":["HollowMod:SoulStrike","HollowMod:GoodIntentions"],"picked":"HollowMod:DescendingDark","floor":14},{"not_picked":["HollowMod:ZotesMagnificence","HollowMod:MidwifesHunger"],"picked":"HollowMod:Weaversong","floor":16},{"not_picked":["HollowMod:HuntersJournal","HollowMod:NewGlowingWomb","HollowMod:SoulSplash"],"picked":"SKIP","floor":18},{"not_picked":["HollowMod:InfectionAssault+1","HollowMod:SoulStrike"],"picked":"HollowMod:SoulSplash+1","floor":20}],"player_experience":96184,"relics_obtained":[{"floor":6,"key":"Oddly Smooth Stone"},{"floor":11,"key":"Gremlin Food"},{"floor":12,"key":"Replay:Wax Seal"},{"floor":20,"key":"Iron Hammer"}],"event_choices":[{"damage_healed":0,"gold_gain":0,"player_choice":"Forge","damage_taken":0,"max_hp_gain":0,"max_hp_loss":0,"event_name":"Accursed Blacksmith","floor":5,"gold_loss":0,"cards_upgraded":["HollowMod:CycloneSlash"]},{"damage_healed":0,"gold_gain":0,"player_choice":"Shed Blood","damage_taken":21,"max_hp_gain":5,"max_hp_loss":0,"event_name":"Forgotten Altar","floor":21,"gold_loss":0}],"is_beta":false,"boss_relics":[{"not_picked":["Runesmith:UraniumAnvil","Snecko Eye"],"picked":"aspiration:MobileForge"}],"items_purged_floors":[3,19],"is_endless":false,"potions_floor_spawned":[4,13],"ascension_level":0}}