{"host":"5sw3zovcv0q4yiho","time":1614390997,"event":{"mods":["BaseMod","Gremlin Mod","Minty Spire (QoL Compilation)","Replay The Spire","StSLib"],"gold_per_floor":[144,189,189,80,125,125,215,215,240,330,330,375,82,127,127,427,427,472,517,562,607,607,607],"floor_reached":22,"language":"ENG","playtime":3276,"items_purged":["Defend_P","Defend_P"],"score":223,"play_id":"7bd69076-9cec-480f-b826-5da0ee5abe1c","local_time":"20210226195637","daily_mods":["Cursed Run","Diverse","Midas"],"is_ascension_mode":false,"campfire_choices":[{"floor":6,"key":"REST"},{"floor":8,"key":"REST"},{"floor":11,"key":"REST"},{"data":"Defend_P","floor":15,"key":"PURGE"}],"circlet_count":0,"master_deck":["Strike_P","Strike_P","Strike_P","Strike_P+1","Eruption","Vigilance","Disarm","Reinforced Body","Footwork","Replay:Hum","Clumsy","Flying Knee","Leg Sweep","Barricade","Reinforced Body","DevaForm","Replay:Cycle"],"relics":["Cursed Key","Darkstone Periapt","Du-Vu Doll","Gremlin Horn","Regal Pillow","Akabeko","Empty Cage"],"acts_visited":["Exordium","TheCity"],"potions_floor_usage":[7,18,20,20],"damage_taken":[{"damage":0,"enemies":"Small Slimes","floor":1,"turns":3},{"damage":0,"enemies":"Cultist","floor":2,"turns":3},{"damage":0,"enemies":"2 Louse","floor":5,"turns":2},{"damage":58,"enemies":"3 Sentries","floor":7,"turns":6},{"damage":11,"enemies":"Replay:BlueRogue","floor":10,"turns":5},{"damage":0,"enemies":"Large Slime","floor":12,"turns":3},{"damage":0,"enemies":"Exordium Thugs","floor":14,"turns":5},{"damage":5,"enemies":"Hexaghost","floor":16,"turns":15},{"damage":1,"enemies":"Shell Parasite","floor":18,"turns":5},{"damage":6,"enemies":"2 Thieves","floor":19,"turns":4},{"damage":43,"enemies":"3 Cultists","floor":20,"turns":11},{"damage":16,"enemies":"Shelled Parasite and Fungi","floor":21,"turns":7},{"damage":21,"enemies":"Snake Plant","floor":22,"turns":1}],"seed_played":"-2463471341485849212","potions_obtained":[{"floor":1,"key":"ColorlessPotion"},{"floor":14,"key":"Dexterity Potion"},{"floor":16,"key":"Block Potion"},{"floor":19,"key":"StancePotion"}],"is_trial":false,"path_per_floor":["M","M","?","$","M","R","E","R","T","E","R","M","$","M","R","B",null,"M","M","M","M","M"],"character_chosen":"WATCHER","items_purchased":["Footwork","Barricade","Reinforced Body"],"campfire_rested":3,"item_purchase_floors":[4,13,13],"current_hp_per_floor":[72,72,72,72,72,72,14,35,41,30,68,68,68,68,68,69,84,83,77,34,18,0,0],"gold":607,"neow_bonus":"","is_daily":true,"chose_seed":false,"campfire_upgraded":0,"win_rate":0.0,"timestamp":1614390997,"path_taken":["M","M","?","$","M","R","E","R","T","E","R","M","$","M","R","BOSS","M","M","M","M","M"],"items_purchased_type":["Card","Card","Card"],"build_version":"2020-12-22","purchased_purges":2,"victory":false,"max_hp_per_floor":[72,72,72,72,72,72,72,72,78,78,78,78,78,78,78,84,84,84,84,84,84,84,84],"card_choices":[{"not_picked":["Gremlin:Whiz","FlyingSleeves"],"picked":"Disarm","floor":1},{"not_picked":["Gremlin:GlitterGuard","Compile Driver"],"picked":"Reinforced Body","floor":2},{"not_picked":["Sucker Punch","ReplaySort"],"picked":"Replay:Hum","floor":5},{"not_picked":["Replay:Battleflow","Gremlin:Pinprick","Beam Cell"],"picked":"SKIP","floor":7},{"not_picked":["Perfected Strike","Infinite Blades"],"picked":"Flying Knee","floor":10},{"not_picked":["Gremlin:TwistTheKnife","Halt"],"picked":"Leg Sweep","floor":12},{"not_picked":["ReplayGash","Leap","Glass Knife"],"picked":"SKIP","floor":14},{"not_picked":["Gremlin:Nob","Replay:AllIn"],"picked":"DevaForm","floor":16},{"not_picked":["Doom and Gloom","Combust"],"picked":"Replay:Cycle","floor":18},{"not_picked":["Bloodletting","Draining Mist","Halt"],"picked":"SKIP","floor":19},{"not_picked":["Gremlin:Tadah","Swivel","InnerPeace"],"picked":"SKIP","floor":20},{"not_picked":["Clothesline+1","Gremlin:Tadah","Gremlin:TwistTheKnife"],"picked":"SKIP","floor":21}],"player_experience":379607,"relics_obtained":[{"floor":7,"key":"Gremlin Horn"},{"floor":9,"key":"Regal Pillow"},{"floor":10,"key":"Akabeko"}],"event_choices":[],"is_beta":false,"boss_relics":[{"not_picked":["Sozu","Runic Dome"],"picked":"Empty Cage"}],"items_purged_floors":[4,13],"is_endless":false,"potions_floor_spawned":[1,14,16,19],"killed_by":"Snake Plant","ascension_level":0}}