{"host":"uv231blk40vjdojr","time":1614437334,"event":{"mods":["BaseMod","Minty Spire (QoL Compilation)","Relic Stats","ojb\u0027s Info Mod"],"gold_per_floor":[111,61,61,61,7,35,35,68,95,95,95,113,113,193,193,312,312,326,344,344,357,382,382,1,1,1,1,34,34,34],"floor_reached":29,"language":"ENG","playtime":568,"items_purged":[],"score":521,"play_id":"c938bcd7-fca1-426c-abb2-0dee28a62188","local_time":"20210227154854","is_ascension_mode":true,"campfire_choices":[{"data":"Eruption","floor":7.0,"key":"SMITH"},{"data":"Wallop","floor":10.0,"key":"SMITH"},{"data":"CarveReality","floor":15.0,"key":"SMITH"},{"data":"Tantrum","floor":23,"key":"SMITH"},{"data":"Conclude","floor":25,"key":"SMITH"},{"data":"Devotion","floor":27,"key":"SMITH"}],"circlet_count":0,"master_deck":["AscendersBane","Strike_P","Strike_P+1","Defend_P+1","Defend_P+1","Defend_P","Defend_P+1","Eruption+1","Vigilance","Study","Consecrate","BowlingBash","CutThroughFate","Wallop+1","CarveReality+1","Devotion+1","Pray","Tantrum+1","Indignation","Conclude+1","Ragnarok"],"relics":["PureWater","NeowsBlessing","Juzu Bracelet","Ice Cream","Anchor","Golden Idol","Meat on the Bone","Coffee Dripper","White Beast Statue","War Paint","Eternal Feather","Smiling Mask"],"acts_visited":["Exordium","TheCity"],"potions_floor_usage":[21,21,21],"damage_taken":[{"damage":0.0,"enemies":"Small Slimes","floor":1.0,"turns":1.0},{"damage":0.0,"enemies":"3 Sentries","floor":6.0,"turns":2.0},{"damage":0.0,"enemies":"Lagavulin","floor":8.0,"turns":1.0},{"damage":0.0,"enemies":"2 Louse","floor":12.0,"turns":3.0},{"damage":16.0,"enemies":"Gremlin Nob","floor":14.0,"turns":3.0},{"damage":0.0,"enemies":"Slime Boss","floor":16.0,"turns":5.0},{"damage":26.0,"enemies":"3 Byrds","floor":18.0,"turns":4.0},{"damage":0.0,"enemies":"Spheric Guardian","floor":19.0,"turns":2.0},{"damage":27,"enemies":"Snake Plant","floor":21,"turns":4},{"damage":14,"enemies":"Cultist and Chosen","floor":22,"turns":4},{"damage":26,"enemies":"Slavers","floor":28,"turns":4},{"damage":16,"enemies":"Colosseum Slavers","floor":29,"turns":1}],"seed_played":"-3440240359191571102","potions_obtained":[{"floor":6.0,"key":"AttackPotion"},{"floor":14.0,"key":"LiquidBronze"},{"floor":18.0,"key":"Block Potion"},{"floor":19.0,"key":"EssenceOfSteel"},{"floor":21,"key":"Ancient Potion"},{"floor":28,"key":"LiquidBronze"}],"is_trial":false,"path_per_floor":["M","$","?","?","$","E","R","E","T","R","?","M","?","?","R","B",null,"M","M","?","M","M","R","$","R","T","R","E","?"],"character_chosen":"WATCHER","items_purchased":["Consecrate","BowlingBash","White Beast Statue","War Paint"],"campfire_rested":0,"item_purchase_floors":[2,5,24,24],"current_hp_per_floor":[65,65,58,58,58,58,58,58,58,58,44,44,44,28,28,40,60,34,34,34,19,17,17,17,17,17,29,15,0,0],"gold":34,"neow_bonus":"THREE_ENEMY_KILL","is_daily":false,"chose_seed":false,"campfire_upgraded":6,"win_rate":0.0,"timestamp":1614437334,"path_taken":["M","$","?","?","$","E","R","E","T","R","?","M","?","?","R","BOSS","M","M","?","M","M","R","$","R","T","R","E","?"],"items_purchased_type":["Card","Card","Relic","Relic"],"build_version":"2020-12-22","purchased_purges":0,"victory":false,"max_hp_per_floor":[72,72,72,72,72,72,72,72,72,72,72,72,67,67,67,67,67,67,67,67,67,67,67,67,67,67,67,67,67,67],"relic_stats":{"counters":[12,34],"Golden Idol":71,"Eternal Feather":12,"Juzu Bracelet":2,"War Paint":["Defend_P","Defend_P"],"Smiling Mask":0,"obtain_stats":[{"Ice Cream":8,"Anchor":9,"NeowsBlessing":0,"Golden Idol":13,"Eternal Feather":26,"Juzu Bracelet":6,"Coffee Dripper":17,"PureWater":0,"War Paint":24,"Smiling Mask":28,"White Beast Statue":24,"Meat on the Bone":14},{"Ice Cream":3,"Anchor":3,"NeowsBlessing":0,"Golden Idol":4,"Eternal Feather":10,"Juzu Bracelet":2,"Coffee Dripper":6,"PureWater":0,"War Paint":10,"Smiling Mask":11,"White Beast Statue":10,"Meat on the Bone":5},{"Ice Cream":4,"Anchor":4,"NeowsBlessing":0,"Golden Idol":7,"Eternal Feather":29,"Juzu Bracelet":3,"Coffee Dripper":15,"PureWater":0,"War Paint":29,"Smiling Mask":33,"White Beast Statue":29,"Meat on the Bone":10}],"Meat on the Bone":48},"card_choices":[{"not_picked":["CrushJoints","Crescendo"],"picked":"Study","floor":1.0},{"not_picked":["SashWhip","FlyingSleeves"],"picked":"CutThroughFate","floor":6.0},{"not_picked":["Evaluate","CrushJoints"],"picked":"Wallop","floor":8.0},{"not_picked":["BowlingBash","FollowUp","ClearTheMind"],"picked":"SKIP","floor":12.0},{"not_picked":["Halt","BowlingBash"],"picked":"CarveReality","floor":14.0},{"not_picked":["Ragnarok","Blasphemy"],"picked":"Devotion","floor":16.0},{"not_picked":["Crescendo","FlyingSleeves"],"picked":"Pray","floor":18.0},{"not_picked":["ThirdEye","Evaluate"],"picked":"Tantrum","floor":19.0},{"not_picked":["PathToVictory","FlurryOfBlows"],"picked":"Indignation","floor":21},{"not_picked":["BattleHymn","Wireheading"],"picked":"Conclude","floor":22},{"not_picked":["SandsOfTime","CarveReality"],"picked":"Ragnarok","floor":28}],"player_experience":804781,"relics_obtained":[{"floor":6.0,"key":"Juzu Bracelet"},{"floor":8.0,"key":"Ice Cream"},{"floor":9.0,"key":"Anchor"},{"floor":14.0,"key":"Meat on the Bone"},{"floor":26,"key":"Eternal Feather"},{"floor":28,"key":"Smiling Mask"}],"event_choices":[{"cards_removed":["Strike_P"],"damage_healed":0.0,"max_hp_gain":0.0,"max_hp_loss":0.0,"gold_gain":0.0,"event_name":"Golden Wing","player_choice":"Card Removal","floor":3.0,"gold_loss":0.0,"damage_taken":7.0},{"damage_healed":0.0,"max_hp_gain":0.0,"max_hp_loss":0.0,"gold_gain":0.0,"event_name":"NoteForYourself","player_choice":"Ignored","floor":4.0,"gold_loss":0.0,"damage_taken":0.0},{"damage_healed":0.0,"max_hp_gain":0.0,"max_hp_loss":0.0,"gold_gain":0.0,"event_name":"Shining Light","player_choice":"Entered Light","floor":11.0,"gold_loss":0.0,"damage_taken":14.0,"cards_upgraded":["Defend_P","Strike_P"]},{"damage_healed":0.0,"max_hp_gain":0.0,"max_hp_loss":5.0,"gold_gain":0.0,"event_name":"Golden Idol","player_choice":"Lose Max HP","floor":13.0,"gold_loss":0.0,"damage_taken":0.0,"relics_obtained":["Golden Idol"]},{"damage_healed":0.0,"max_hp_gain":0.0,"max_hp_loss":0.0,"gold_gain":0.0,"event_name":"Dead Adventurer","player_choice":"Searched \u00272\u0027 times","floor":14.0,"gold_loss":0.0,"damage_taken":0.0},{"cards_removed":["Strike_P"],"damage_healed":0.0,"max_hp_gain":0.0,"max_hp_loss":0.0,"gold_gain":0.0,"event_name":"Purifier","player_choice":"Purged","floor":20.0,"gold_loss":0.0,"damage_taken":0.0},{"damage_healed":0,"gold_gain":0,"player_choice":"Fight","damage_taken":0,"max_hp_gain":0,"max_hp_loss":0,"event_name":"Colosseum","floor":29,"gold_loss":0}],"is_beta":false,"boss_relics":[{"not_picked":["Runic Pyramid","Snecko Eye"],"picked":"Coffee Dripper"}],"items_purged_floors":[],"is_endless":false,"potions_floor_spawned":[6,14,18,19,21,28],"killed_by":"Colosseum Slavers","ascension_level":10}}