{"host":"7wwmf5ihvdzput8s","time":1614454411,"event":{"mods":["BaseMod","Minty Spire (QoL Compilation)","Quick Restart","Replay The Spire","StSLib","UnlockEverythingMod"],"gold_per_floor":[118,118,118,118,118,153,153,187,212,230,249,277,41,68,68,139,139,155,174,46,64,64,93,128,128,128,162,187,187,213,240,240,311,311,321,241,266,225,242,268,302,334,334,366,385,415,749,767,767,767,767],"floor_reached":52,"language":"ZHS","playtime":757,"items_purged":["Replay:Cycle","Consecrate"],"score":3240,"play_id":"4f18a27d-5f8a-4221-a013-f29e423cd1af","local_time":"20210228033331","daily_mods":["SealedDeck","Vintage","Green Cards","Purple Cards","Heirloom","Time Dilation","Flight","DeadlyEvents","Elite Swarm","Lethality","Night Terrors"],"is_ascension_mode":true,"campfire_choices":[{"floor":7,"key":"REST"},{"data":"Scrawl","floor":25,"key":"SMITH"},{"data":"CutThroughFate","floor":32,"key":"SMITH"},{"floor":49,"key":"DIG"}],"circlet_count":0,"master_deck":["AscendersBane","Dagger Throw+1","Clash","Clash","Flex+1","CutThroughFate+1","Pommel Strike","Heavy Blade+1","Crescendo+1","Scrawl+1","Clash","Scrawl"],"relics":["Unceasing Top","Durian","Replay:Rubber Ducky","NeowsBlessing","Paper Frog","InkBottle","StoneCalendar","Bag of Marbles","Vajra","Replay:Ringing Soul","Counterbalance","War Paint","White Beast Statue","Ooze Armor","Mummified Hand","The Courier","Omamori","ReplayTheSpireMod:Lightbulb","Replay:Bottled Flurry","Pen Nib","Tiny Chest","Iron Hammer","King of Hearts","Replay:Wax Seal","Du-Vu Doll","Runic Pyramid","ReplayTheSpireMod:TigerMarble","Another Sword","Toy Ornithopter","Happy Flower","Turnip","Replay:Arrowhead","Replay:PocketPolymizer","Thread and Needle","PreservedInsect","Divine Protection","Old Coin","Ancient Tea Set","Lantern"],"acts_visited":["Exordium","TheCity","TheBeyond"],"potions_floor_usage":[14,16,33,33,50,51],"damage_taken":[{"damage":0,"enemies":"Jaw Worm","floor":1,"turns":1},{"damage":0,"enemies":"Gremlin Nob","floor":6,"turns":1},{"damage":0,"enemies":"3 Sentries","floor":8,"turns":2},{"damage":0,"enemies":"2 Louse","floor":10,"turns":1},{"damage":0,"enemies":"Small Slimes","floor":11,"turns":1},{"damage":0,"enemies":"Gremlin Nob","floor":12,"turns":1},{"damage":0,"enemies":"3 Sentries","floor":14,"turns":2},{"damage":0,"enemies":"The Guardian","floor":16,"turns":1},{"damage":0,"enemies":"Shell Parasite","floor":18,"turns":1},{"damage":0,"enemies":"2 Thieves","floor":19,"turns":1},{"damage":0,"enemies":"Snake Plant","floor":21,"turns":1},{"damage":0,"enemies":"Slavers","floor":23,"turns":1},{"damage":0,"enemies":"Book of Stabbing","floor":24,"turns":1},{"damage":0,"enemies":"Slavers","floor":27,"turns":1},{"damage":0,"enemies":"Book of Stabbing","floor":28,"turns":1},{"damage":0,"enemies":"Slavers","floor":30,"turns":1},{"damage":0,"enemies":"Gremlin Leader","floor":31,"turns":1},{"damage":0,"enemies":"Collector","floor":33,"turns":1},{"damage":0,"enemies":"3 Darklings","floor":35,"turns":1},{"damage":0,"enemies":"Mind Bloom Boss Battle","floor":37,"turns":1},{"damage":0,"enemies":"Orb Walker","floor":39,"turns":1},{"damage":0,"enemies":"R_Hoarder","floor":40,"turns":1},{"damage":0,"enemies":"Giant Head","floor":41,"turns":1},{"damage":0,"enemies":"R_Hoarder","floor":42,"turns":1},{"damage":0,"enemies":"Giant Head","floor":44,"turns":1},{"damage":0,"enemies":"4 Shapes","floor":45,"turns":1},{"damage":0,"enemies":"R_Hoarder","floor":46,"turns":1},{"damage":0,"enemies":"Nemesis","floor":47,"turns":1},{"damage":0,"enemies":"Maw","floor":48,"turns":1},{"damage":0,"enemies":"Time Eater","floor":50,"turns":1},{"damage":0,"enemies":"Awakened One","floor":51,"turns":2}],"seed_played":"8201057096278763283","potions_obtained":[{"floor":6,"key":"ColorlessPotion"},{"floor":11,"key":"Energy Potion"},{"floor":16,"key":"BloodPotion"},{"floor":18,"key":"Elixir"},{"floor":21,"key":"SteroidPotion"},{"floor":33,"key":"Strength Potion"},{"floor":35,"key":"Adrenaline Potion"},{"floor":45,"key":"SteroidPotion"}],"is_trial":true,"path_per_floor":["M","WH","WH","?","?","E","R","E","T","M","M","E","$","E","R","B",null,"M","M","$","M","WH","E","E","R","T","E","E","WH","E","E","R","B",null,"M","$","?","$","M","E","E","E","T","E","M","E","E","M","R","B","B",null],"character_chosen":"IRONCLAD","items_purchased":["War Paint","Omamori","Clash"],"campfire_rested":1,"item_purchase_floors":[13,20,38],"current_hp_per_floor":[73,73,81,55,29,29,83,83,83,83,83,83,83,83,83,83,83,83,83,83,83,91,91,94,94,94,94,94,103,103,103,103,103,103,103,103,103,106,106,106,109,109,109,109,109,109,109,109,109,109,109],"gold":767,"neow_bonus":"TEN_PERCENT_HP_BONUS","is_daily":false,"chose_seed":false,"campfire_upgraded":2,"win_rate":0.0,"timestamp":1614454411,"path_taken":["M","WH","WH","?","?","E","R","E","T","?","M","E","?","E","R","BOSS","M","?","$","?","WH","E","E","R","T","E","E","WH","E","E","R","BOSS","M","$","?","$","M","E","E","E","T","E","M","E","E","M","R","BOSS","BOSS"],"items_purchased_type":["Relic","Relic","Card"],"build_version":"2020-12-22","purchased_purges":2,"victory":true,"max_hp_per_floor":[80,80,88,88,88,88,83,83,83,83,83,83,83,83,83,83,83,83,83,83,83,91,91,94,94,94,94,94,103,103,103,103,103,103,103,103,103,106,106,106,109,109,109,109,109,109,109,109,109,109,109],"card_choices":[{"not_picked":["MasterReality","Bludgeon","Fiend Fire"],"picked":"SKIP","floor":6},{"not_picked":["Alpha","DevaForm","Unload"],"picked":"SKIP","floor":8},{"not_picked":["Phantasmal Killer","Grand Finale","Immolate"],"picked":"SKIP","floor":12},{"not_picked":["Impervious","DeusExMachina","Replay:Bag of Tricks"],"picked":"SKIP","floor":14},{"not_picked":["Berserk","Brutality","LessonLearned"],"picked":"SKIP","floor":23},{"not_picked":["Atom Bomb","Offering"],"picked":"Scrawl","floor":24},{"not_picked":["Corpse Explosion","ReplayTheSpireMod:From All Sides","Devotion"],"picked":"SKIP","floor":27},{"not_picked":["Envenom","Die Die Die","Double Tap"],"picked":"SKIP","floor":28},{"not_picked":["Exhume","Impervious","Scrawl"],"picked":"SKIP","floor":30},{"not_picked":["Wraith Form v2","Doppelganger","Wish"],"picked":"SKIP","floor":31},{"not_picked":["Feed","SpiritShield","Doppelganger"],"picked":"SKIP","floor":40},{"not_picked":["Judgement","LessonLearned"],"picked":"Scrawl","floor":41},{"not_picked":["Barricade","Alpha","Envenom"],"picked":"SKIP","floor":42},{"not_picked":["Glass Knife","Doppelganger","Bullet Time"],"picked":"SKIP","floor":44},{"not_picked":["Phantasmal Killer","Impervious","Poison Darts"],"picked":"SKIP","floor":46},{"not_picked":["Judgement","Storm of Steel","Tools of the Trade"],"picked":"SKIP","floor":47}],"player_experience":91123,"relics_obtained":[{"floor":1,"key":"Replay:Rubber Ducky"},{"floor":6,"key":"InkBottle"},{"floor":8,"key":"StoneCalendar"},{"floor":9,"key":"Bag of Marbles"},{"floor":10,"key":"Vajra"},{"floor":11,"key":"Replay:Ringing Soul"},{"floor":12,"key":"Counterbalance"},{"floor":14,"key":"White Beast Statue"},{"floor":18,"key":"Mummified Hand"},{"floor":19,"key":"The Courier"},{"floor":21,"key":"ReplayTheSpireMod:Lightbulb"},{"floor":23,"key":"Replay:Bottled Flurry"},{"floor":24,"key":"Pen Nib"},{"floor":26,"key":"Tiny Chest"},{"floor":27,"key":"Iron Hammer"},{"floor":28,"key":"King of Hearts"},{"floor":30,"key":"Replay:Wax Seal"},{"floor":31,"key":"Du-Vu Doll"},{"floor":35,"key":"ReplayTheSpireMod:TigerMarble"},{"floor":37,"key":"Another Sword"},{"floor":39,"key":"Toy Ornithopter"},{"floor":40,"key":"Happy Flower"},{"floor":41,"key":"Turnip"},{"floor":42,"key":"Replay:Arrowhead"},{"floor":43,"key":"Replay:PocketPolymizer"},{"floor":44,"key":"Thread and Needle"},{"floor":45,"key":"PreservedInsect"},{"floor":46,"key":"Divine Protection"},{"floor":47,"key":"Old Coin"},{"floor":48,"key":"Ancient Tea Set"},{"floor":49,"key":"Lantern"}],"event_choices":[{"damage_healed":0,"gold_gain":0,"player_choice":"Entered Light","damage_taken":26,"max_hp_gain":0,"max_hp_loss":0,"event_name":"Shining Light","floor":4,"gold_loss":0,"cards_upgraded":["Heavy Blade","Dagger Throw"]},{"damage_healed":0,"gold_gain":0,"player_choice":"Success","damage_taken":26,"relics_obtained":["Paper Frog"],"max_hp_gain":0,"max_hp_loss":0,"event_name":"Scrap Ooze","floor":5,"gold_loss":0},{"damage_healed":0,"gold_gain":0,"player_choice":"0 cards matched","damage_taken":0,"max_hp_gain":0,"max_hp_loss":0,"event_name":"Match and Keep!","floor":15,"gold_loss":0,"cards_obtained":[]},{"damage_healed":0,"gold_gain":0,"player_choice":"Fight","damage_taken":0,"max_hp_gain":0,"max_hp_loss":0,"event_name":"MindBloom","floor":37,"gold_loss":0}],"is_beta":false,"boss_relics":[{"not_picked":["Replay:Ancient Bell","Kintsugi"],"picked":"Ooze Armor"},{"not_picked":["Runic Cube","Cursed Key"],"picked":"Runic Pyramid"}],"items_purged_floors":[13,36],"is_endless":false,"potions_floor_spawned":[6,11,12,16,18,19,21,23,24,27,28,30,31,33,35,37,39,40,41,42,44,45,46,47,48],"ascension_level":20}}