{"host":"nv1rw0372aj1kj6e","time":1614426692,"event":{"mods":["AchievementEnabler","BaseMod","Hubris","Minty Spire (QoL Compilation)","Rare Cards Sparkle","StSLib","everything is the same but u backflip on backflip"],"gold_per_floor":[115,115,115,135,151,184,203,48,48,76,101,132,132,152,152,248,248,258,275,275,275,275,294,294,294],"floor_reached":24,"language":"ENG","playtime":1677,"items_purged":["Strike_R"],"score":270,"play_id":"a62ab46a-5adc-4763-b11e-bc64591e6882","local_time":"20210227125132","is_ascension_mode":true,"campfire_choices":[{"data":"Armaments","floor":15,"key":"SMITH"}],"circlet_count":0,"master_deck":["Strike_R","Strike_R","Strike_R+1","Defend_R","Defend_R+1","Defend_R","Defend_R","Bash+1","Enlightenment+1","Blood for Blood","Iron Wave","Uppercut","Battle Trance","Carnage","Brutality","Armaments+1","hubris:StunningStrike","Clothesline"],"relics":["Burning Blood","hubris:Towel","Meat on the Bone","Paper Frog","Turnip","Odd Mushroom","War Paint","Runic Pyramid","hubris:BottledHeart"],"acts_visited":["Exordium","TheCity"],"potions_floor_usage":[6,11,12,16,18,24],"damage_taken":[{"damage":8,"enemies":"Small Slimes","floor":1,"turns":3},{"damage":0,"enemies":"2 Louse","floor":4,"turns":3},{"damage":2,"enemies":"Jaw Worm","floor":5,"turns":3},{"damage":52,"enemies":"Lagavulin","floor":6,"turns":8},{"damage":4,"enemies":"Red Slaver","floor":7,"turns":4},{"damage":20,"enemies":"3 Sentries","floor":10,"turns":8},{"damage":16,"enemies":"The Mushroom Lair","floor":11,"turns":5},{"damage":7,"enemies":"Gremlin Nob","floor":12,"turns":4},{"damage":8,"enemies":"3 Louse","floor":14,"turns":2},{"damage":21,"enemies":"Hexaghost","floor":16,"turns":5},{"damage":21,"enemies":"2 Thieves","floor":18,"turns":3},{"damage":4,"enemies":"Chosen","floor":19,"turns":3},{"damage":0,"enemies":"Snecko","floor":23,"turns":5},{"damage":18,"enemies":"Slavers","floor":24,"turns":3}],"seed_played":"-7462741757403436207","potions_obtained":[{"floor":4,"key":"Swift Potion"},{"floor":6,"key":"SpeedPotion"},{"floor":11,"key":"HeartOfIron"},{"floor":12,"key":"BlessingOfTheForge"},{"floor":14,"key":"SkillPotion"},{"floor":19,"key":"FairyPotion"},{"floor":23,"key":"SkillPotion"}],"is_trial":false,"path_per_floor":["M","?","?","M","M","E","M","$","T","E","?","E","?","M","R","B",null,"M","M","?","?","?","M","E"],"character_chosen":"IRONCLAD","items_purchased":["Uppercut"],"campfire_rested":0,"item_purchase_floors":[8],"current_hp_per_floor":[78,78,62,68,72,26,40,40,40,38,40,51,51,49,49,46,72,57,59,59,59,1,1,0,0],"gold":294,"neow_bonus":"RANDOM_COLORLESS","is_daily":false,"chose_seed":false,"campfire_upgraded":1,"win_rate":0.0,"timestamp":1614426692,"path_taken":["M","?","?","?","M","E","M","?","T","E","?","E","?","?","R","BOSS","M","M","?","?","?","M","E"],"items_purchased_type":["Card"],"build_version":"2020-12-22","purchased_purges":1,"victory":false,"max_hp_per_floor":[80,80,80,80,80,80,80,80,80,80,80,80,80,80,80,80,80,80,80,80,80,1,1,1,1],"card_choices":[{"not_picked":["Purity","hubris:Ssssneak"],"picked":"Enlightenment","floor":0},{"not_picked":["Evolve","Clash","Sever Soul"],"picked":"SKIP","floor":1},{"not_picked":["Headbutt","Power Through","Feel No Pain"],"picked":"SKIP","floor":4},{"not_picked":["Flex","Evolve"],"picked":"Blood for Blood","floor":5},{"not_picked":["Hemokinesis","hubris:ReadiedAction","Clash"],"picked":"SKIP","floor":6},{"not_picked":["Body Slam","Rage"],"picked":"Iron Wave","floor":7},{"not_picked":["Clothesline","Perfected Strike"],"picked":"Battle Trance","floor":10},{"not_picked":["Barricade","Iron Wave"],"picked":"Carnage","floor":12},{"not_picked":["Warcry","Flex"],"picked":"Armaments","floor":14},{"not_picked":["Double Tap","Barricade"],"picked":"hubris:StunningStrike","floor":16},{"not_picked":["Sword Boomerang","Flex","Infernal Blade"],"picked":"SKIP","floor":18},{"not_picked":["Twin Strike","Armaments+1"],"picked":"Clothesline","floor":19},{"not_picked":["Heavy Blade+1","hubris:CleavingFinish","Hemokinesis+1"],"picked":"SKIP","floor":23}],"player_experience":249743,"relics_obtained":[{"floor":6,"key":"Meat on the Bone"},{"floor":9,"key":"Paper Frog"},{"floor":10,"key":"Turnip"},{"floor":11,"key":"Odd Mushroom"},{"floor":12,"key":"War Paint"}],"event_choices":[{"damage_healed":0,"gold_gain":0,"player_choice":"Entered Light","damage_taken":16,"max_hp_gain":0,"max_hp_loss":0,"event_name":"Shining Light","floor":3,"gold_loss":0,"cards_upgraded":["Bash","Strike_R"]},{"damage_healed":0,"gold_gain":0,"player_choice":"Fought Mushrooms","damage_taken":0,"max_hp_gain":0,"max_hp_loss":0,"event_name":"Mushrooms","floor":11,"gold_loss":0},{"damage_healed":0,"gold_gain":0,"cards_transformed":["Strike_R"],"player_choice":"Transformed","damage_taken":0,"max_hp_gain":0,"max_hp_loss":0,"event_name":"Transmorgrifier","floor":13,"gold_loss":0,"cards_obtained":["Brutality"]},{"damage_healed":0,"gold_gain":0,"player_choice":"Ignored","damage_taken":0,"max_hp_gain":0,"max_hp_loss":0,"event_name":"Vampires","floor":20,"gold_loss":0},{"damage_healed":0,"gold_gain":0,"player_choice":"Ignored","damage_taken":0,"max_hp_gain":0,"max_hp_loss":0,"event_name":"Ghosts","floor":21,"gold_loss":0}],"is_beta":false,"boss_relics":[{"not_picked":["hubris:ScarierMask","Empty Cage"],"picked":"Runic Pyramid"}],"items_purged_floors":[8],"is_endless":false,"potions_floor_spawned":[4,6,11,12,14,19,23],"killed_by":"Slavers","ascension_level":5}}