{"host":"0utx1lcxgx5vu4k0","time":1614449234,"event":{"mods":["BaseMod","Colored Powertips","Minty Spire (QoL Compilation)","Permanent Neow","StSLib"],"gold_per_floor":[111,36,36,55,71,101,101,129,154,182,198,198,198,218,218,320,320,339,351,351,369,47,76,76,108,189,189,204,233,243,276,276,378,378,398,451,158,172,172,199,48,48,48,48,76,76,89,119,119,119,119,119,41,69,69],"floor_reached":56,"language":"ENG","playtime":3411,"items_purged":["Shame","Strike_G"],"score":1903,"play_id":"7381a5ca-1a6c-4610-9df0-6d6a08985039","local_time":"20210227130714","is_ascension_mode":true,"campfire_choices":[{"data":"Phantasmal Killer","floor":7.0,"key":"SMITH"},{"data":"Noxious Fumes","floor":15.0,"key":"SMITH"},{"floor":27.0,"key":"REST"},{"floor":32.0,"key":"REST"},{"floor":42.0,"key":"RECALL"},{"data":"Burst","floor":44.0,"key":"SMITH"},{"data":"Adrenaline","floor":49.0,"key":"SMITH"},{"floor":52.0,"key":"REST"}],"circlet_count":0,"master_deck":["Strike_G","Strike_G","Strike_G","Defend_G","Defend_G","Defend_G","Defend_G","Defend_G","Survivor","Neutralize","Apotheosis+1","Noxious Fumes+1","Dagger Spray","Phantasmal Killer+1","Adrenaline+1","After Image","Burst+1","Concentrate","Catalyst","Blade Dance+1","Crippling Poison","Dagger Spray+1","Dagger Spray+1","PiercingWail+1","Backstab+1","Prepared","Venomology","Blur+1","Backstab+1","PiercingWail+1","Venomology"],"relics":["Ring of the Snake","Orichalcum","Strawberry","Molten Egg 2","Runic Pyramid","Nilry\u0027s Codex","Potion Belt","TungstenRod","MutagenicStrength","Nunchaku","Blue Candle","Incense Burner","Shuriken","SlaversCollar","CaptainsWheel","Oddly Smooth Stone","Toy Ornithopter","Pear","OrangePellets","Frozen Egg 2","Gremlin Horn","Boot"],"acts_visited":["Exordium","TheCity","TheBeyond","TheEnding"],"potions_floor_usage":[54,54,54,55,55,55,55,55,55,55,55],"damage_taken":[{"damage":3.0,"enemies":"Cultist","floor":1.0,"turns":4.0},{"damage":1.0,"enemies":"Jaw Worm","floor":4.0,"turns":4.0},{"damage":0.0,"enemies":"Small Slimes","floor":5.0,"turns":3.0},{"damage":12.0,"enemies":"3 Sentries","floor":6.0,"turns":7.0},{"damage":9.0,"enemies":"Gremlin Nob","floor":8.0,"turns":4.0},{"damage":4.0,"enemies":"Lagavulin","floor":10.0,"turns":6.0},{"damage":3.0,"enemies":"3 Louse","floor":11.0,"turns":4.0},{"damage":4.0,"enemies":"Large Slime","floor":14.0,"turns":5.0},{"damage":20.0,"enemies":"The Guardian","floor":16.0,"turns":11.0},{"damage":0.0,"enemies":"Shell Parasite","floor":18.0,"turns":5.0},{"damage":0.0,"enemies":"Chosen","floor":19.0,"turns":8.0},{"damage":8.0,"enemies":"Snecko","floor":21.0,"turns":6.0},{"damage":11.0,"enemies":"Slavers","floor":23.0,"turns":3.0},{"damage":0.0,"enemies":"Gremlin Leader","floor":25.0,"turns":5.0},{"damage":0.0,"enemies":"3 Cultists","floor":28.0,"turns":3.0},{"damage":0.0,"enemies":"Slavers","floor":29.0,"turns":2.0},{"damage":0.0,"enemies":"Centurion and Healer","floor":30.0,"turns":4.0},{"damage":0.0,"enemies":"Book of Stabbing","floor":31.0,"turns":4.0},{"damage":11.0,"enemies":"Collector","floor":33.0,"turns":5.0},{"damage":0.0,"enemies":"3 Shapes","floor":35.0,"turns":4.0},{"damage":1.0,"enemies":"2 Orb Walkers","floor":36.0,"turns":4.0},{"damage":0.0,"enemies":"3 Darklings","floor":38.0,"turns":5.0},{"damage":0.0,"enemies":"Nemesis","floor":40.0,"turns":5.0},{"damage":0.0,"enemies":"Giant Head","floor":45.0,"turns":6.0},{"damage":0.0,"enemies":"Spire Growth","floor":47.0,"turns":3.0},{"damage":0.0,"enemies":"Reptomancer","floor":48.0,"turns":5.0},{"damage":10.0,"enemies":"Donu and Deca","floor":50.0,"turns":7.0},{"damage":1,"enemies":"Shield and Spear","floor":54,"turns":6},{"damage":0,"enemies":"The Heart","floor":55,"turns":10}],"seed_played":"5818726377130705158","potions_obtained":[{"floor":8.0,"key":"FearPotion"},{"floor":10.0,"key":"ColorlessPotion"},{"floor":11.0,"key":"Explosive Potion"},{"floor":16.0,"key":"PowerPotion"},{"floor":21.0,"key":"CunningPotion"},{"floor":25.0,"key":"SkillPotion"},{"floor":28.0,"key":"Fire Potion"},{"floor":30.0,"key":"SkillPotion"},{"floor":31.0,"key":"ColorlessPotion"},{"floor":33.0,"key":"Explosive Potion"},{"floor":35.0,"key":"Explosive Potion"},{"floor":45.0,"key":"Poison Potion"},{"floor":47.0,"key":"GamblersBrew"}],"is_trial":false,"path_per_floor":["M","$","?","M","M","E","R","E","T","E","M","?","?","M","R","B",null,"M","M","?","M","$","E","?","E","T","R","M","E","M","E","R","B",null,"M","?","$","M","?","E","$","R","T","R","E","?","M","E","R","B",null,"R","$","E","B",null],"character_chosen":"THE_SILENT","items_purchased":["Potion Belt","Crippling Poison","Oddly Smooth Stone","Toy Ornithopter","OrangePellets","DuplicationPotion"],"campfire_rested":3,"item_purchase_floors":[22,22,37,37,41,53],"current_hp_per_floor":[60,60,60,59,59,47,47,45,45,41,38,38,31,27,27,7,60,60,60,44,36,36,25,25,25,25,48,48,48,48,48,71,60,73,73,72,72,77,77,87,87,87,87,87,87,83,83,83,83,73,81,83,83,82,83],"gold":69,"neow_bonus":"RANDOM_COLORLESS_2","is_daily":false,"chose_seed":false,"campfire_upgraded":4,"win_rate":0.0,"timestamp":1614449234,"path_taken":["M","?","?","M","M","E","R","E","T","E","?","?","?","M","R","BOSS","M","M","?","M","$","E","?","E","T","R","M","E","M","E","R","BOSS","M","?","$","M","?","E","?","R","T","R","E","?","M","E","R","BOSS","R","$","E","BOSS"],"items_purchased_type":["Relic","Card","Relic","Relic","Relic","Potion"],"build_version":"2020-12-22","purchased_purges":2,"victory":true,"max_hp_per_floor":[70,70,70,70,70,70,70,77,77,77,77,77,77,77,77,77,77,77,77,77,77,77,77,77,77,77,77,77,77,77,77,77,77,77,77,77,77,77,77,87,87,87,87,87,87,83,83,83,83,83,83,83,83,83,83],"card_choices":[{"not_picked":["The Bomb","Secret Technique"],"picked":"Apotheosis","floor":0.0},{"not_picked":["Infinite Blades","Deadly Poison"],"picked":"Noxious Fumes","floor":1.0},{"not_picked":["Riddle With Holes","Masterful Stab"],"picked":"Dagger Spray","floor":4.0},{"not_picked":["Caltrops","Acrobatics","PiercingWail"],"picked":"SKIP","floor":5.0},{"not_picked":["Noxious Fumes","Prepared"],"picked":"Phantasmal Killer","floor":6.0},{"not_picked":["Flechettes","Poisoned Stab"],"picked":"Adrenaline","floor":8.0},{"not_picked":["Outmaneuver","Dodge and Roll"],"picked":"After Image","floor":10.0},{"not_picked":["Prepared","Masterful Stab+1","Bane+1"],"picked":"SKIP","floor":11.0},{"not_picked":["Underhanded Strike+1","Poisoned Stab+1","Bouncing Flask"],"picked":"SKIP","floor":14.0},{"not_picked":["Doppelganger","Bullet Time"],"picked":"Burst","floor":16.0},{"not_picked":["Prepared","Backflip+1"],"picked":"Concentrate","floor":18.0},{"not_picked":["Dagger Throw+1","Deadly Poison"],"picked":"Catalyst","floor":19.0},{"not_picked":["Backflip","Flying Knee+1"],"picked":"Blade Dance+1","floor":21.0},{"not_picked":["Noxious Fumes","Dagger Throw+1"],"picked":"Dagger Spray+1","floor":23.0},{"not_picked":["Malaise","Sucker Punch+1"],"picked":"Dagger Spray+1","floor":25.0},{"not_picked":["Slice+1","Bane+1"],"picked":"PiercingWail+1","floor":28.0},{"not_picked":["Corpse Explosion","Well Laid Plans","Outmaneuver"],"picked":"SKIP","floor":29.0},{"not_picked":["Expertise","Bane+1"],"picked":"Backstab+1","floor":30.0},{"not_picked":["Well Laid Plans","Underhanded Strike+1"],"picked":"Prepared","floor":31.0},{"not_picked":["Wraith Form v2","A Thousand Cuts"],"picked":"Venomology","floor":33.0},{"not_picked":["Quick Slash+1","Sucker Punch+1","Bane+1"],"picked":"SKIP","floor":35.0},{"not_picked":["Crippling Poison","Cloak And Dagger"],"picked":"Blur+1","floor":36.0},{"not_picked":["Deflect","Poisoned Stab+1","Dodge and Roll+1"],"picked":"SKIP","floor":38.0},{"not_picked":["A Thousand Cuts","Storm of Steel"],"picked":"Backstab+1","floor":40.0},{"not_picked":["Deflect","Acrobatics+1"],"picked":"PiercingWail+1","floor":45.0},{"not_picked":["Quick Slash+1","Poisoned Stab+1","Crippling Poison"],"picked":"SKIP","floor":47.0},{"not_picked":["Dodge and Roll+1","Bane+1","Accuracy+1"],"picked":"SKIP","floor":48.0},{"not_picked":["Concentrate","Deflect"],"picked":"Venomology","floor":54}],"player_experience":106289,"relics_obtained":[{"floor":6.0,"key":"Orichalcum"},{"floor":8.0,"key":"Strawberry"},{"floor":10.0,"key":"Molten Egg 2"},{"floor":20.0,"key":"Nilry\u0027s Codex"},{"floor":23.0,"key":"TungstenRod"},{"floor":25.0,"key":"Nunchaku"},{"floor":26.0,"key":"Blue Candle"},{"floor":29.0,"key":"Incense Burner"},{"floor":31.0,"key":"Shuriken"},{"floor":36.0,"key":"CaptainsWheel"},{"floor":40.0,"key":"Pear"},{"floor":43.0,"key":"Frozen Egg 2"},{"floor":45.0,"key":"Gremlin Horn"},{"floor":54,"key":"Boot"}],"event_choices":[{"damage_healed":0.0,"max_hp_gain":0.0,"max_hp_loss":0.0,"gold_gain":0.0,"event_name":"Living Wall","player_choice":"Grow","floor":3.0,"gold_loss":0.0,"damage_taken":0.0,"cards_upgraded":["Apotheosis"]},{"damage_healed":0.0,"max_hp_gain":0.0,"max_hp_loss":0.0,"gold_gain":0.0,"event_name":"Shining Light","player_choice":"Ignored","floor":12.0,"gold_loss":0.0,"damage_taken":0.0},{"cards_removed":["Strike_G"],"damage_healed":0.0,"max_hp_gain":0.0,"max_hp_loss":0.0,"gold_gain":0.0,"event_name":"Golden Wing","player_choice":"Card Removal","floor":13.0,"gold_loss":0.0,"damage_taken":7.0},{"damage_healed":0.0,"max_hp_gain":0.0,"max_hp_loss":0.0,"gold_gain":0.0,"event_name":"Cursed Tome","player_choice":"Obtained Book","floor":20.0,"gold_loss":0.0,"damage_taken":16.0},{"damage_healed":0.0,"max_hp_gain":0.0,"max_hp_loss":0.0,"gold_gain":0.0,"event_name":"Drug Dealer","player_choice":"Inject Mutagens","floor":24.0,"gold_loss":0.0,"damage_taken":0.0,"relics_obtained":["MutagenicStrength"]},{"damage_healed":0.0,"max_hp_gain":0.0,"max_hp_loss":0.0,"gold_gain":0.0,"event_name":"Mysterious Sphere","player_choice":"Fight","floor":36.0,"gold_loss":0.0,"damage_taken":0.0},{"damage_healed":0.0,"max_hp_gain":0.0,"max_hp_loss":0.0,"gold_gain":0.0,"event_name":"Tomb of Lord Red Mask","player_choice":"Ignored","floor":39.0,"gold_loss":0.0,"damage_taken":0.0},{"damage_healed":0.0,"max_hp_gain":0.0,"max_hp_loss":4.0,"gold_gain":0.0,"event_name":"Winding Halls","player_choice":"Max HP","floor":46.0,"gold_loss":0.0,"damage_taken":0.0}],"is_beta":false,"boss_relics":[{"not_picked":["Sozu","Calling Bell"],"picked":"Runic Pyramid"},{"not_picked":["Black Star","Astrolabe"],"picked":"SlaversCollar"}],"items_purged_floors":[2,22],"is_endless":false,"potions_floor_spawned":[8,10,11,16,21,25,28,30,31,33,35,45,47],"ascension_level":7}}