{"host":"hwuw9fxoqh6hcgug","time":1614415393,"event":{"mods":["BaseMod","Downfall","Highlight Path","Minty Spire (QoL Compilation)","StSLib"],"gold_per_floor":[99,111,111,122,136,136,161,38,38,73,82,101,128,47,61,169,169,169,189,216,236,42,51,51,51,51,51],"floor_reached":25,"language":"FRA","playtime":843,"items_purged":["Regret"],"score":221,"play_id":"ab7f27db-8415-4442-a855-329d9ee617d9","local_time":"20210227094313","is_ascension_mode":true,"campfire_choices":[{"data":"bronze:Break","floor":1,"key":"SMITH"},{"data":"bronze:Allocate","floor":6,"key":"SMITH"},{"data":"Blind","floor":9,"key":"SMITH"},{"data":"bronze:InfiniteLoop","floor":18,"key":"SMITH"}],"circlet_count":0,"master_deck":["bronze:Defend","bronze:Defend","bronze:Defend","bronze:Replicate","bronze:Goto","bronze:Break+1","bronze:DigitalCarnage","downfall:Icky","bronze:WildBeam","bronze:Allocate+1","Blind+1","bronze:Frontload","bronze:HyperBeam","bronze:BuggyMess","bronze:WildBeam","bronze:WildBeam","bronze:InfiniteLoop+1","bronze:MaxOutput+1","Slimebound:Tackle+1","Slimebound:Tackle+1","Slimebound:Tackle+1","bronze:Overload","bronze:CloningBeam","Necronomicurse"],"relics":["bronze:BronzeCore","Nunchaku","CeramicFish","Potion Belt","bronze:ElectromagneticCoil","Membership Card","Necronomicon","Mummified Hand"],"acts_visited":["Exordium","TheCity"],"potions_floor_usage":[16,16,19],"damage_taken":[{"damage":1,"enemies":"Cultist","floor":2,"turns":4},{"damage":0,"enemies":"Small Slimes","floor":4,"turns":1},{"damage":0,"enemies":"2 Louse","floor":5,"turns":1},{"damage":5,"enemies":"downfall:FleeingMerchant","floor":8,"turns":4},{"damage":20,"enemies":"Lagavulin","floor":10,"turns":6},{"damage":3,"enemies":"downfall:LooterAlt","floor":12,"turns":2},{"damage":14,"enemies":"Blue Slaver","floor":13,"turns":3},{"damage":2,"enemies":"downfall:FleeingMerchant","floor":14,"turns":4},{"damage":0,"enemies":"2 Fungi Beasts","floor":15,"turns":1},{"damage":2,"enemies":"WA_ARCHETYPE_RETAIN","floor":16,"turns":4},{"damage":27,"enemies":"3 Byrds","floor":19,"turns":3},{"damage":2,"enemies":"Shell Parasite","floor":21,"turns":2},{"damage":15,"enemies":"downfall:FleeingMerchant","floor":22,"turns":4},{"damage":37,"enemies":"Slavers","floor":25,"turns":1}],"seed_played":"-4535621658640405869","potions_obtained":[{"floor":2,"key":"FairyPotion"},{"floor":5,"key":"bronze:BurnAndBuffPotion"},{"floor":10,"key":"Block Potion"},{"floor":13,"key":"hexamod:SoulburnPotion"},{"floor":15,"key":"PowerPotion"},{"floor":16,"key":"bronze:CleanCodePotion"}],"is_trial":false,"path_per_floor":["R","M","?","M","M","R","T","$","R","E","?","M","M","$","M","B",null,"R","M","?","M","$","?","T","E"],"character_chosen":"THE_AUTOMATON","items_purchased":["Blind","bronze:Frontload","Membership Card","bronze:CloningBeam"],"campfire_rested":0,"item_purchase_floors":[8,8,22,22],"current_hp_per_floor":[70,69,69,69,69,69,69,64,64,44,44,41,27,25,25,23,70,70,43,43,41,26,10,10,0,0,0],"gold":51,"neow_bonus":"ONE_RANDOM_RARE_CARD","is_daily":false,"chose_seed":false,"campfire_upgraded":4,"win_rate":0.0,"timestamp":1614415393,"path_taken":["R","M","?","M","?","R","T","$","R","E","?","M","M","$","M","BOSS","R","M","?","M","$","?","T","E"],"items_purchased_type":["Card","Card","Relic","Card"],"build_version":"2020-12-22","purchased_purges":1,"victory":false,"max_hp_per_floor":[70,70,70,70,70,70,70,70,70,70,70,70,70,70,70,70,70,70,70,70,70,70,70,70,70,70,70],"card_choices":[{"not_picked":["bronze:BronzeOrb","bronze:CutThrough"],"picked":"bronze:DigitalCarnage","floor":2},{"not_picked":["bronze:DelayedGuard","bronze:OilSpill"],"picked":"bronze:WildBeam","floor":4},{"not_picked":["bronze:BitShift","bronze:Overheat"],"picked":"bronze:Allocate","floor":5},{"not_picked":["bronze:Deprecate","bronze:ChildClass","bronze:Constructor"],"picked":"SKIP","floor":8},{"not_picked":["bronze:Repulsor","bronze:Separator"],"picked":"bronze:HyperBeam","floor":10},{"not_picked":["bronze:DarkDash","bronze:MaxOutput"],"picked":"bronze:BuggyMess","floor":12},{"not_picked":["bronze:Repair","bronze:DigitalCarnage"],"picked":"bronze:WildBeam","floor":13},{"not_picked":["bronze:Iterate","bronze:DigitalCarnage"],"picked":"bronze:WildBeam","floor":14},{"not_picked":["bronze:Branch","bronze:NullPointer","bronze:Frontload"],"picked":"SKIP","floor":15},{"not_picked":["bronze:AlphaBuild","bronze:Verify"],"picked":"bronze:InfiniteLoop","floor":16},{"not_picked":["bronze:DelayedSlice","bronze:FineTuning"],"picked":"bronze:MaxOutput+1","floor":19},{"not_picked":["bronze:BugBarrage","bronze:Branch"],"picked":"bronze:Overload","floor":21},{"not_picked":["bronze:Frontload","bronze:BugBarrage","bronze:Turbo"],"picked":"SKIP","floor":22}],"player_experience":834782,"relics_obtained":[{"floor":7,"key":"Nunchaku"},{"floor":10,"key":"CeramicFish"},{"floor":23,"key":"Necronomicon"},{"floor":24,"key":"Mummified Hand"}],"event_choices":[{"damage_healed":0,"gold_gain":0,"player_choice":"Box","damage_taken":0,"relics_obtained":["Potion Belt"],"max_hp_gain":0,"max_hp_loss":0,"event_name":"Big Fish","floor":11,"gold_loss":0,"cards_obtained":["Regret"]}],"is_beta":false,"boss_relics":[{"not_picked":["Velvet Choker","Pandora\u0027s Box"],"picked":"bronze:ElectromagneticCoil"}],"items_purged_floors":[14],"is_endless":false,"potions_floor_spawned":[2,5,10,13,15,16],"killed_by":"Slavers","ascension_level":2}}