{"host":"ogk9ry5953hr85uy","time":1614455368,"event":{"mods":["Act Like it!","BaseMod","Bestiary","Better Third Choice","BetterRewards","Conspire","Downfall","Gremlin Mod","Halation","Hallownest","Hubris","Library of Ruina","Lobotomy","LobotomyExtend","Mimic Mod","Minty Spire (QoL Compilation)","Reliquary","Replay The Spire","Ruina","Shop Mod","Spicy Shops","StSLib","The Bug Knight","The Disciple","The Jungle","The Marked","Waifu the Spire"],"gold_per_floor":[119,119,135,155,155,155,187,207,207,207,242,254,254,271,271,372,372,372,372],"floor_reached":18,"language":"RUS","playtime":1126,"items_purged":[],"score":322,"play_id":"6ef6a8b8-8f5e-4bdf-8b68-e1f48793ebd5","local_time":"20210228004928","is_ascension_mode":false,"campfire_choices":[{"floor":6,"key":"REST"},{"data":"SuanNi","floor":10,"key":"SMITH"},{"floor":15,"key":"DIG"}],"circlet_count":0,"master_deck":["DespairKnight","DegradedFairy","DegradedFairy","DegradedChain","DegradedChain","DegradedLock","DegradedPillar","DegradedPillar","DegradedShockwave","Diversion","WallGazer","SuanNi+1","MHz","DefenseOrder","OSAHOGD","BackAttack","SmokingPipe","VoidDream","Bloodbath","FrontalAssault","Wellcheers","Multislash","SharpNails","UniverseFragment","FlamingDragonFist","DreamingCurrent"],"relics":["PageOfLibrarian","CogitoBucket","LetterFromLob","Peace Pipe","halation:QuantumPhysicsTextbook","Shovel","SkinProphecy","ReplayTheSpireMod:Ring of Addiction","Toy Ornithopter","Potion Belt","Ring of Searing","reliquary:IridiumChain","Busted Crown","HonorFeather","SwordSharpenedByTears_r","InspiredRelic","MagicBullet_r"],"acts_visited":["Exordium","TheCity"],"potions_floor_usage":[13,16,18,18],"damage_taken":[{"damage":0,"enemies":"Jaw Worm","floor":1,"turns":1},{"damage":2,"enemies":"Cultist","floor":3,"turns":2},{"damage":2,"enemies":"Small Slimes","floor":4,"turns":1},{"damage":4,"enemies":"3 Sentries","floor":7,"turns":6},{"damage":0,"enemies":"Gremlin Gang","floor":8,"turns":2},{"damage":2,"enemies":"Lagavulin","floor":11,"turns":4},{"damage":4,"enemies":"Exordium Wildlife","floor":12,"turns":3},{"damage":0,"enemies":"3 Louse","floor":14,"turns":1},{"damage":17,"enemies":"Slime Boss","floor":16,"turns":4},{"damage":87,"enemies":"Shell Parasite","floor":18,"turns":4}],"seed_played":"-1856282699601571861","potions_obtained":[{"floor":1,"key":"DuplicationPotion"},{"floor":3,"key":"Explosive Potion"},{"floor":13,"key":"SpeedPotion"},{"floor":13,"key":"PowerPotion"},{"floor":13,"key":"Fruit Juice"},{"floor":14,"key":"sneckomod:MuddlingPotion"}],"is_trial":false,"path_per_floor":["M","?","M","M","?","R","E","M","T","R","E","M","?","M","R","B",null,"M"],"character_chosen":"Librarian","items_purchased":[],"campfire_rested":1,"item_purchase_floors":[],"current_hp_per_floor":[60,60,58,56,56,83,79,79,79,79,81,77,87,83,83,72,99,0,0],"gold":372,"neow_bonus":"","is_daily":false,"chose_seed":false,"campfire_upgraded":1,"win_rate":0.0,"timestamp":1614455368,"path_taken":["M","?","M","?","?","R","E","?","T","R","E","M","?","M","R","BOSS","M"],"items_purchased_type":[],"build_version":"2020-12-22","purchased_purges":0,"victory":false,"max_hp_per_floor":[90,90,90,90,90,90,90,90,90,90,90,90,95,97,97,99,99,91,91],"card_choices":[{"not_picked":["WillOfThePrescript","SturdyDefense","MultiHit","UpbeatPerformance","DarkCloud","FeelinGood","WildCard","FleetFootsteps"],"picked":"Diversion","floor":1},{"not_picked":["VoidDream","SingingMachine"],"picked":"WallGazer","floor":1},{"not_picked":["Overpower","Faith","MultiHit","DeepDrag","WillOfThePrescript","Diversion","BackAttack","DarkCloud"],"picked":"SuanNi","floor":3},{"not_picked":["LittlePrince","ShyLook"],"picked":"MHz","floor":3},{"not_picked":["GuardingStance","DarkCloud","NightInTheBackstreets","Disposal","SerpentineBarrier","PuppetBlockade","Collision","Rewind"],"picked":"DefenseOrder","floor":4},{"not_picked":["SnowQueen","CrumblingArmor"],"picked":"DespairKnight","floor":4},{"not_picked":["OldLady","HeroicMonk","Laetitia"],"picked":"Singing Bowl","floor":7},{"not_picked":["MeatLantern","CherryBlossoms"],"picked":"OSAHOGD","floor":7},{"not_picked":["GuardingStance","UnavoidableGaze","Rewind","EnergyCycle","MultiBlock","Tailoring","SunsetBlade","SnakeSlit"],"picked":"BackAttack","floor":7},{"not_picked":["YourShield","CoordinatedAssault","AsThePrescriptOrders","TheWillOfTheCity","BlindFaith","HighKick","UnavoidableGaze","Gigigig"],"picked":"SmokingPipe","floor":8},{"not_picked":["Scorched","BigBird"],"picked":"VoidDream","floor":8},{"not_picked":["OldLady","Murderer","Scarecrow"],"picked":"Singing Bowl","floor":11},{"not_picked":["Murderer","FairyFestival"],"picked":"Bloodbath","floor":11},{"not_picked":["EndlessBattle","DarkCloud","RepressedFlesh","GrazeTheGrass","QuickSuppression","GuidanceOfTheGears","Track","MindWhip"],"picked":"FrontalAssault","floor":11},{"not_picked":["Freischutz","FairyFestival"],"picked":"Wellcheers","floor":12},{"not_picked":["Rampage_lor","ClassAndRespect","TheWillOfTheCity","Parry","Pound","BayonetCombat","RushDown","BlazingStrike"],"picked":"Multislash","floor":12},{"not_picked":["FlashOfSunup","GrazeTheGrass","YoureTooSlow","WildCard","SerpentSwordTechnique","Fence","ExtremeEdge","HighKick"],"picked":"SharpNails","floor":14},{"not_picked":["CherryBlossoms","LittlePrince","LittleHelper"],"picked":"Singing Bowl","floor":14},{"not_picked":["Murderer","BeautyBeast"],"picked":"UniverseFragment","floor":14},{"not_picked":["BalefulBrand","DaringDecision"],"picked":"FlamingDragonFist","floor":16},{"not_picked":["CherryBlossoms","FairyFestival","LittleHelper"],"picked":"Singing Bowl","floor":16},{"not_picked":["LittleHelper","Scarecrow"],"picked":"DreamingCurrent","floor":16}],"player_experience":127694,"relics_obtained":[{"floor":1,"key":"LetterFromLob"},{"floor":7,"key":"Peace Pipe"},{"floor":9,"key":"halation:QuantumPhysicsTextbook"},{"floor":11,"key":"Shovel"},{"floor":13,"key":"ReplayTheSpireMod:Ring of Addiction"},{"floor":13,"key":"Toy Ornithopter"},{"floor":13,"key":"Potion Belt"},{"floor":13,"key":"Ring of Searing"},{"floor":15,"key":"reliquary:IridiumChain"}],"event_choices":[{"cards_removed":["DegradedFairy"],"damage_healed":0,"gold_gain":0,"player_choice":"Took Card","damage_taken":0,"max_hp_gain":0,"max_hp_loss":0,"event_name":"NoteForYourself","floor":2,"gold_loss":0,"cards_obtained":["Strike_B"]},{"cards_removed":["Strike_B"],"damage_healed":0,"gold_gain":0,"player_choice":"Offered Basic","damage_taken":0,"max_hp_gain":0,"max_hp_loss":0,"event_name":"Bonfire Elementals","floor":5,"gold_loss":0}],"is_beta":false,"boss_relics":[{"not_picked":["Empty Cage","Replay:Fungal Core"],"picked":"Busted Crown"}],"items_purged_floors":[],"is_endless":false,"potions_floor_spawned":[1,3,14],"killed_by":"Shell Parasite","ascension_level":0}}