{"host":"ehbvw7oad5h6kf16","time":1614439884,"event":{"mods":["AchievementEnabler","BaseMod","DeckTracker","Downfall","Minty Spire (QoL Compilation)","StSLib"],"gold_per_floor":[199,213,226,226,238,16,68,68,87,87,87,107,118,148,168,267,267,267,287,437,451,464,499,499,499,499,511,542,253,253,284,299,404,404,404,420,420,470,483,513,513,513,546,556,269,294,310,344,364,364],"floor_reached":51,"language":"ENG","playtime":2737,"items_purged":["Regret","Pride","Normality"],"score":973,"play_id":"f6b66012-5b48-4cda-82ce-b3cedbd36095","local_time":"20210228003124","is_ascension_mode":true,"campfire_choices":[{"data":"Slimebound:Split","floor":1.0,"key":"SMITH"},{"data":"Slimebound:SplitSpecialist","floor":8.0,"key":"SMITH"},{"data":"Slimebound:RainOfGoop","floor":10.0,"key":"SMITH"},{"data":"Slimebound:FormOfPuddle","floor":18.0,"key":"SMITH"},{"data":"expansioncontent:StudyTheSpire","floor":30,"key":"SMITH"},{"data":"Slimebound:RallyTheTroops","floor":35,"key":"SMITH"}],"circlet_count":0,"master_deck":["Slimebound:Strike_Slimebound","Slimebound:Strike_Slimebound","Slimebound:Strike_Slimebound","Slimebound:Tackle","Slimebound:Defend_Slimebound","Slimebound:Defend_Slimebound","Slimebound:Defend_Slimebound","Slimebound:Defend_Slimebound","Slimebound:Split+1","Slimebound:CorrosiveSpit","Slimebound:Prepare","Slimebound:RainOfGoop","Slimebound:Prepare","Slimebound:RainOfGoop+1","Slimebound:SplitSpecialist+1","Slimebound:SlimeSpikes","Slimebound:Schlurp","Slimebound:SplitSpecialist+1","Slimebound:GoopSpray","Slimebound:FormOfPuddle+1","Slimebound:RallyTheTroops+1","Slimebound:Schlurp","Slimebound:LeechLife","Slimebound:TongueLash","Slimebound:SlimeSlap","downfall:Haunted","Writhe","Slimebound:Equalize+1","Slimebound:Prepare","expansioncontent:StudyTheSpire+1","Slimebound:LeechLife","Slimebound:LivingWall+1","Slimebound:LeechLife","expansioncontent:AwakenDeath","expansioncontent:YouAreMine","expansioncontent:PolyBeam","Slimebound:AcidTongue+1","Slimebound:LeechLife","Mayhem","expansioncontent:YouAreMine","Slimebound:MegaLick+1","Slimebound:TagTeam"],"relics":["Slimebound:AbsorbEndCombat","Singing Bowl","Slimebound:AggressiveSlimeRelic","Cursed Key","Regal Pillow","Centennial Puzzle","MawBank","Vajra","Potion Belt","SacredBark","Incense Burner","White Beast Statue","Pear","Ice Cream","Medical Kit","Pen Nib","Bag of Preparation"],"acts_visited":["Exordium","TheCity","TheBeyond"],"potions_floor_usage":[29,29,31,38,43,45,50,50,50,50,50],"damage_taken":[{"damage":0.0,"enemies":"2 Louse","floor":2.0,"turns":2.0},{"damage":0.0,"enemies":"Small Slimes","floor":3.0,"turns":4.0},{"damage":2.0,"enemies":"Cultist","floor":5.0,"turns":4.0},{"damage":8.0,"enemies":"downfall:FleeingMerchant","floor":6.0,"turns":4.0},{"damage":10.0,"enemies":"Exordium Wildlife","floor":9.0,"turns":4.0},{"damage":0.0,"enemies":"Lots of Slimes","floor":12.0,"turns":3.0},{"damage":3.0,"enemies":"Large Slime","floor":13.0,"turns":4.0},{"damage":15.0,"enemies":"3 Sentries","floor":14.0,"turns":5.0},{"damage":0.0,"enemies":"2 Fungi Beasts","floor":15.0,"turns":3.0},{"damage":7.0,"enemies":"WA_ARCHETYPE_RETAIN","floor":16.0,"turns":7.0},{"damage":0.0,"enemies":"Spheric Guardian","floor":19.0,"turns":3.0},{"damage":1,"enemies":"3 Byrds","floor":21,"turns":4},{"damage":13,"enemies":"Shelled Parasite and Fungi","floor":22,"turns":4},{"damage":14,"enemies":"Gremlin Leader","floor":23,"turns":5},{"damage":10,"enemies":"Snecko","floor":28,"turns":4},{"damage":0,"enemies":"downfall:FleeingMerchant","floor":29,"turns":4},{"damage":33,"enemies":"Slavers","floor":31,"turns":4},{"damage":0,"enemies":"Snake Plant","floor":32,"turns":3},{"damage":22,"enemies":"IC_MUSHROOM_ARCHETYPE","floor":33,"turns":5},{"damage":10,"enemies":"Orb Walker","floor":36,"turns":2},{"damage":32,"enemies":"2 Orb Walkers","floor":38,"turns":5},{"damage":5,"enemies":"3 Shapes","floor":39,"turns":4},{"damage":38,"enemies":"Nemesis","floor":40,"turns":9},{"damage":31,"enemies":"Giant Head","floor":43,"turns":7},{"damage":41,"enemies":"Sphere and 2 Shapes","floor":44,"turns":6},{"damage":0,"enemies":"downfall:FleeingMerchant","floor":45,"turns":3},{"damage":12,"enemies":"Nemesis","floor":46,"turns":7},{"damage":41,"enemies":"Transient","floor":47,"turns":5},{"damage":33,"enemies":"Giant Head","floor":48,"turns":9},{"damage":41,"enemies":"Jaw Worm Horde","floor":49,"turns":5},{"damage":49,"enemies":"DF_ARCHETYPE_ORBS","floor":50,"turns":6}],"seed_played":"4502740175306778829","potions_obtained":[{"floor":3.0,"key":"DuplicationPotion"},{"floor":5.0,"key":"Guardian:BlockOnCardUsePotion"},{"floor":9.0,"key":"Slimebound:ThreeZeroPotion"},{"floor":13.0,"key":"SmokeBomb"},{"floor":15.0,"key":"PowerPotion"},{"floor":21,"key":"hexamod:SoulburnPotion"},{"floor":32,"key":"Fire Potion"},{"floor":33,"key":"EssenceOfSteel"},{"floor":38,"key":"DuplicationPotion"},{"floor":43,"key":"Energy Potion"},{"floor":44,"key":"champ:CounterPotion"},{"floor":45,"key":"Explosive Potion"},{"floor":46,"key":"LiquidBronze"},{"floor":48,"key":"Slimebound:SlimyTonguePotion"}],"is_trial":false,"path_per_floor":["R","M","M","?","M","$","T","R","M","R","?","M","M","E","M","B",null,"R","M","?","M","M","E","T","?","?","?","M","$","R","E","M","B",null,"R","M","?","?","M","E","T","?","E","M","$","E","M","E","M","B",null],"character_chosen":"SLIMEBOUND","items_purchased":["Slimebound:SplitSpecialist","Slimebound:SlimeSpikes","Slimebound:Prepare","expansioncontent:StudyTheSpire","PowerPotion","Medical Kit","Mayhem","expansioncontent:YouAreMine"],"campfire_rested":0,"item_purchase_floors":[6,6,29,29,45,45,45,45],"current_hp_per_floor":[65,65,65,65,63,63,63,63,59,59,59,63,64,55,61,62,65,65,65,65,67,69,69,69,69,69,69,61,71,71,62,71,55,71,71,71,61,55,75,77,87,87,71,74,78,80,58,71,69,95],"gold":364,"neow_bonus":"HUNDRED_GOLD","is_daily":false,"chose_seed":false,"campfire_upgraded":6,"win_rate":0.0,"timestamp":1614439884,"path_taken":["R","M","M","?","M","$","T","R","M","R","?","M","?","E","M","BOSS","R","M","?","?","M","E","T","?","?","?","?","$","R","E","M","BOSS","R","M","?","?","M","E","T","?","E","M","$","E","?","E","M","BOSS"],"items_purchased_type":["Card","Card","Card","Card","Potion","Relic","Card","Card"],"build_version":"2020-12-22","purchased_purges":3,"victory":true,"max_hp_per_floor":[65,65,65,65,65,65,65,65,65,65,65,65,65,65,65,65,65,65,65,65,67,69,69,69,69,69,69,69,71,71,71,71,71,71,71,73,73,75,75,77,87,87,89,89,91,91,93,95,95,95],"card_choices":[{"not_picked":["Slimebound:LeechEnergy","Slimebound:LevelUp"],"picked":"Slimebound:Prepare","floor":2.0},{"not_picked":["Slimebound:SplitLeeching","Slimebound:SplitAcid"],"picked":"Slimebound:RainOfGoop","floor":3.0},{"not_picked":["Slimebound:SplitBruiser","Slimebound:SamplingLick"],"picked":"Slimebound:Prepare","floor":5.0},{"not_picked":["Slimebound:GoopTackle","Slimebound:RejuvenatingLick"],"picked":"Slimebound:RainOfGoop","floor":6.0},{"not_picked":["Slimebound:SplitLeeching","Slimebound:Replication"],"picked":"Slimebound:Schlurp","floor":9.0},{"not_picked":["Slimebound:ItLooksTasty","Slimebound:SplitLeeching"],"picked":"Slimebound:GoopSpray","floor":12.0},{"not_picked":["Slimebound:HauntingLick","Slimebound:ComboTackle"],"picked":"Slimebound:FormOfPuddle","floor":13.0},{"not_picked":["Slimebound:MegaLick","Slimebound:LevelUp"],"picked":"Slimebound:RallyTheTroops","floor":14.0},{"not_picked":["Slimebound:LeechingTouch","Slimebound:SlimeSpikes"],"picked":"Slimebound:Schlurp","floor":15.0},{"not_picked":["Slimebound:MassRepurpose","Slimebound:TagTeam"],"picked":"Slimebound:LeechLife","floor":16.0},{"not_picked":["Slimebound:ItLooksTasty","Slimebound:SplitMire"],"picked":"Slimebound:TongueLash","floor":19.0},{"not_picked":["Slimebound:FinishingTackle+1","Slimebound:RollThrough","Slimebound:SplitMire"],"picked":"Singing Bowl","floor":21},{"not_picked":["Slimebound:HauntingLick","Slimebound:PressTheAttack","Slimebound:GoopSpray"],"picked":"Singing Bowl","floor":22},{"not_picked":["Slimebound:ProtectTheBoss","Slimebound:ItLooksTasty+1"],"picked":"Slimebound:SlimeSlap","floor":23},{"not_picked":["Slimebound:GoopSpray","Slimebound:ItLooksTasty"],"picked":"Slimebound:Equalize+1","floor":28},{"not_picked":["Slimebound:ComboTackle","Slimebound:HauntingLick","Slimebound:SamplingLick"],"picked":"Singing Bowl","floor":29},{"not_picked":["Slimebound:Schlurp","Slimebound:ItLooksTasty"],"picked":"Slimebound:LeechLife","floor":31},{"not_picked":["Slimebound:ItLooksTasty","Slimebound:ComboTackle+1"],"picked":"Slimebound:LivingWall+1","floor":32},{"not_picked":["Slimebound:SlimeSlap","Slimebound:WasteNot"],"picked":"Slimebound:LeechLife","floor":33},{"not_picked":["Slimebound:LeadByExample+1","Slimebound:HauntingLick+1","Slimebound:LivingWall+1"],"picked":"Singing Bowl","floor":36},{"not_picked":["expansioncontent:GuardianWhirl","expansioncontent:HyperBeam"],"picked":"expansioncontent:AwakenDeath","floor":37},{"not_picked":["expansioncontent:PolyBeam","expansioncontent:LastStand"],"picked":"expansioncontent:YouAreMine","floor":37},{"not_picked":["expansioncontent:GuardianWhirl","expansioncontent:InvincibleStrength"],"picked":"expansioncontent:PolyBeam","floor":37},{"not_picked":["Slimebound:Replication","Slimebound:LevelUp","Slimebound:FinishingTackle"],"picked":"Singing Bowl","floor":38},{"not_picked":["Slimebound:GoopSpray+1","Slimebound:GoopTackle"],"picked":"Slimebound:AcidTongue+1","floor":39},{"not_picked":["Slimebound:GoopTackle","Slimebound:Repurpose+1","Slimebound:SamplingLick"],"picked":"Singing Bowl","floor":40},{"not_picked":["Slimebound:SplitLeeching","Slimebound:ServeAndProtect","Slimebound:GoopTackle"],"picked":"Singing Bowl","floor":43},{"not_picked":["Slimebound:SlimeTap+1","Slimebound:Prepare+1"],"picked":"Slimebound:LeechLife","floor":44},{"not_picked":["Slimebound:PressTheAttack","Slimebound:LivingWall","Slimebound:GoopTackle"],"picked":"Singing Bowl","floor":45},{"not_picked":["Slimebound:Schlurp","Slimebound:BestDefense+1"],"picked":"Slimebound:MegaLick+1","floor":46},{"not_picked":["Slimebound:Schlurp","Slimebound:PressTheAttack","Slimebound:RollThrough+1"],"picked":"Singing Bowl","floor":47},{"not_picked":["Slimebound:DisruptingSlam+1","Slimebound:SlimeSpikes+1","Slimebound:PressTheAttack+1"],"picked":"Singing Bowl","floor":48},{"not_picked":["Slimebound:GoopTackle+1","Slimebound:MegaLick+1"],"picked":"Slimebound:TagTeam","floor":49}],"player_experience":203948,"relics_obtained":[{"floor":7.0,"key":"Slimebound:AggressiveSlimeRelic"},{"floor":14.0,"key":"Blue Candle"},{"floor":23,"key":"Regal Pillow"},{"floor":24,"key":"Centennial Puzzle"},{"floor":31,"key":"Potion Belt"},{"floor":38,"key":"Incense Burner"},{"floor":40,"key":"White Beast Statue"},{"floor":41,"key":"Pear"},{"floor":43,"key":"Ice Cream"},{"floor":46,"key":"Pen Nib"},{"floor":48,"key":"Bag of Preparation"}],"event_choices":[{"damage_healed":0.0,"max_hp_gain":0.0,"max_hp_loss":0.0,"gold_gain":0.0,"event_name":"Big Fish","player_choice":"Box","floor":4.0,"gold_loss":0.0,"damage_taken":0.0,"relics_obtained":["Singing Bowl"],"cards_obtained":["Regret"]},{"damage_healed":0,"gold_gain":0,"player_choice":"Ignored","damage_taken":0,"max_hp_gain":0,"max_hp_loss":0,"event_name":"Vampires","floor":25,"gold_loss":0},{"damage_healed":0,"gold_gain":0,"player_choice":"Stole Relic","damage_taken":0,"relics_obtained":["MawBank"],"max_hp_gain":0,"max_hp_loss":0,"event_name":"Addict","floor":26,"gold_loss":0,"cards_obtained":["Pride"]},{"damage_healed":0,"gold_gain":0,"player_choice":"Fight","damage_taken":0,"max_hp_gain":0,"max_hp_loss":0,"event_name":"Mysterious Sphere","floor":38,"gold_loss":0}],"is_beta":false,"boss_relics":[{"not_picked":["Runic Dome","Busted Crown"],"picked":"Cursed Key"},{"not_picked":["Empty Cage","Runic Pyramid"],"picked":"SacredBark"}],"items_purged_floors":[6,29,45],"is_endless":false,"potions_floor_spawned":[3,5,9,13,15,21,23,32,33,38,43,44,45,46,47,48,49],"ascension_level":1}}