{"host":"f8htc31bb597a5yl","time":1614450914,"event":{"mods":["BaseMod","Colored Powertips","Downfall","Infinite Spire","Marisa????????","Minty Spire (QoL Compilation)","Replay The Spire","StSLib","The Servant 0.9.4"],"gold_per_floor":[99,114,114,126,140,171,171,271,114,124,134,134,153,153,169,169,169],"floor_reached":16,"language":"ENG","playtime":1910,"items_purged":["Defend_R"],"score":114,"play_id":"7a14cd98-ae80-4eeb-8597-cd9b1ffa729c","local_time":"20210227103514","is_ascension_mode":true,"campfire_choices":[{"floor":1.0,"key":"DIG"},{"floor":12,"key":"REST"}],"circlet_count":0,"master_deck":["Strike_R","Strike_R","Strike_R","Strike_R","Strike_R","Defend_R","Defend_R","Defend_R","Bash","Pot Of Greed+1","Massacre+1","Infernal Blade","Pot Of Greed","Second Wind","Armaments","Hemogenesis+1","Life Link","infinitespire:OneForAll+1","Defy Death","Pommel Strike+1","Fiend Fire+1","Flame Barrier"],"relics":["Burning Blood","Grinning Jar","Molten Egg 2","Onion Ring"],"acts_visited":["Exordium"],"potions_floor_usage":[6,11,11,15,16],"damage_taken":[{"damage":12.0,"enemies":"Jaw Worm","floor":2.0,"turns":2.0},{"damage":1.0,"enemies":"Cultist","floor":4.0,"turns":4.0},{"damage":0,"enemies":"Small Slimes","floor":5,"turns":3},{"damage":54,"enemies":"Gremlin Nob","floor":6,"turns":6},{"damage":0,"enemies":"downfall:FleeingMerchant","floor":9,"turns":4},{"damage":29,"enemies":"Gremlin Gang","floor":10,"turns":6},{"damage":1,"enemies":"Looter","floor":11,"turns":2},{"damage":7,"enemies":"Exordium Thugs","floor":13,"turns":3},{"damage":9,"enemies":"2 Fungi Beasts","floor":15,"turns":2},{"damage":67,"enemies":"WA_ARCHETYPE_RETAIN","floor":16,"turns":6}],"seed_played":"9204738271562152998","potions_obtained":[{"floor":4.0,"key":"Explosive Potion"},{"floor":6,"key":"Explosive Potion"},{"floor":10,"key":"Energy Potion"},{"floor":11,"key":"hexamod:SoulburnPotion"},{"floor":13,"key":"sneckomod:MuddlingPotion"}],"is_trial":false,"path_per_floor":["R","M","?","M","M","E","T","?","$","M","M","R","M","?","M","B"],"character_chosen":"IRONCLAD","items_purchased":["Life Link"],"campfire_rested":1,"item_purchase_floors":[9],"current_hp_per_floor":[80,74,74,79,80,32,32,32,38,23,28,52,51,51,48,0,0],"gold":169,"neow_bonus":"RANDOM_COMMON_RELIC","is_daily":false,"chose_seed":false,"campfire_upgraded":0,"win_rate":0.0,"timestamp":1614450914,"path_taken":["R","M","?","M","?","E","T","?","$","M","M","R","?","?","M","BOSS"],"items_purchased_type":["Card"],"build_version":"2020-12-22","purchased_purges":1,"victory":false,"max_hp_per_floor":[80,80,80,80,80,80,80,80,80,80,80,80,80,80,80,80,80],"card_choices":[{"not_picked":["Perfected Strike+1","Body Slam+1"],"picked":"Massacre+1","floor":2.0},{"not_picked":["Iron Wave+1","Heavy Blade+1"],"picked":"Infernal Blade","floor":4.0},{"not_picked":["ReplayTheSpireMod:Limb From Limb+1","Iron Wave+1"],"picked":"Second Wind","floor":5},{"not_picked":["Cleave+1","Flex"],"picked":"Armaments","floor":6},{"not_picked":["Defy Death","ReplayReversal"],"picked":"Hemogenesis+1","floor":9},{"not_picked":["Rupture","Rage"],"picked":"infinitespire:OneForAll+1","floor":10},{"not_picked":["Wild Strike+1","Pommel Strike+1"],"picked":"Defy Death","floor":11},{"not_picked":["Shrug It Off","ReplayTheSpireMod:Stacked"],"picked":"Pommel Strike+1","floor":13},{"not_picked":["Battle Trance","Anger+1"],"picked":"Flame Barrier","floor":15}],"player_experience":277234,"relics_obtained":[{"floor":1.0,"key":"Molten Egg 2"},{"floor":6,"key":"infinitespire:Eraser"},{"floor":7,"key":"Onion Ring"}],"event_choices":[{"damage_healed":0.0,"max_hp_gain":0.0,"max_hp_loss":0.0,"gold_gain":0.0,"event_name":"Upgrade Shrine","player_choice":"Upgraded","floor":3.0,"gold_loss":0.0,"damage_taken":0.0,"cards_upgraded":["Pot Of Greed"]}],"is_beta":false,"boss_relics":[],"items_purged_floors":[9],"is_endless":false,"potions_floor_spawned":[4,6,10,11,13],"killed_by":"WA_ARCHETYPE_RETAIN","ascension_level":2}}