{"host":"z37g2hkgkh2zjyzk","time":1614453451,"event":{"mods":["2.2 Compatiblity","AchievementEnabler","BaseMod","Bestiary","Colored Map","Colored Powertips","Curses Come First","Highlight Path","Keyboard Shortcuts","Minty Spire (QoL Compilation)","Relic Stats","StSLib","SuperFastMode"],"gold_per_floor":[109,109,109,128,18,57,57,57,105,129,152,152,176,351,351,472,472,492,108,131,131,6,6,47,47,47],"floor_reached":25,"language":"ENG","playtime":1315,"items_purged":["Strike_R","Doubt","Anger"],"score":404,"play_id":"63c86d92-22bf-46f9-b85e-5d16be820c1c","local_time":"20210227201731","is_ascension_mode":true,"campfire_choices":[{"floor":7.0,"key":"REST"},{"floor":12.0,"key":"REST"},{"data":"Fire Breathing","floor":15.0,"key":"SMITH"},{"floor":23,"key":"REST"}],"circlet_count":0,"master_deck":["AscendersBane","Bash","Uppercut","Fire Breathing+1","Evolve","Pummel","Flex","Burning Pact","Cleave","Corruption","Pummel","Rupture","Thunderclap","Combust","Cleave","Combust","Infernal Blade+1","Blood for Blood+1","Armaments"],"relics":["Runic Pyramid","Golden Idol","Bottled Tornado","Vajra","Pandora\u0027s Box","Molten Egg 2","CultistMask","Unceasing Top"],"acts_visited":["Exordium","TheCity"],"potions_floor_usage":[16,24,24,24],"damage_taken":[{"damage":5.0,"enemies":"Cultist","floor":1.0,"turns":5.0},{"damage":4.0,"enemies":"Jaw Worm","floor":4.0,"turns":4.0},{"damage":28.0,"enemies":"Gremlin Nob","floor":6.0,"turns":4.0},{"damage":1.0,"enemies":"2 Louse","floor":10.0,"turns":4.0},{"damage":11.0,"enemies":"Exordium Thugs","floor":11.0,"turns":5.0},{"damage":16.0,"enemies":"Exordium Wildlife","floor":13.0,"turns":3.0},{"damage":0,"enemies":"Slime Boss","floor":16,"turns":5},{"damage":12,"enemies":"Spheric Guardian","floor":18,"turns":3},{"damage":29,"enemies":"Shell Parasite","floor":20,"turns":3},{"damage":50,"enemies":"Book of Stabbing","floor":24,"turns":4},{"damage":16,"enemies":"Shelled Parasite and Fungi","floor":25,"turns":1}],"seed_played":"813446440867756346","potions_obtained":[{"floor":6.0,"key":"BloodPotion"},{"floor":11.0,"key":"EntropicBrew"},{"floor":13.0,"key":"Regen Potion"},{"floor":16,"key":"Fire Potion"},{"floor":18,"key":"Explosive Potion"}],"is_trial":false,"path_per_floor":["M","?","?","M","$","E","R","?","T","M","M","R","M","?","R","B",null,"M","$","M","?","$","R","E","M"],"character_chosen":"IRONCLAD","items_purchased":["Evolve","Molten Egg 2","Blood for Blood+1"],"campfire_rested":3,"item_purchase_floors":[5,19,19],"current_hp_per_floor":[67,51,51,47,47,19,41,34,34,33,22,44,28,28,28,42,66,54,54,25,25,25,47,11,0,0],"gold":47,"neow_bonus":"BOSS_RELIC","is_daily":false,"chose_seed":false,"campfire_upgraded":1,"win_rate":0.0,"timestamp":1614453451,"path_taken":["M","?","?","M","?","E","R","?","T","M","?","R","M","?","R","BOSS","M","$","M","?","$","R","E","M"],"items_purchased_type":["Card","Relic","Card"],"build_version":"2020-12-22","purchased_purges":3,"victory":false,"max_hp_per_floor":[80,80,74,74,74,74,74,74,74,74,74,74,74,74,74,74,74,74,74,74,74,74,74,74,74,74],"relic_stats":{"counters":[11,41],"Golden Idol":68,"Pandora\u0027s Box":["Pummel","Rupture","Thunderclap","Combust","Cleave","Combust","Anger"],"obtain_stats":[{"Golden Idol":3,"Vajra":9,"Pandora\u0027s Box":17,"Molten Egg 2":19,"CultistMask":21,"Bottled Tornado":6,"Burning Blood":0,"Unceasing Top":24,"Runic Pyramid":0},{"Golden Idol":1,"Vajra":3,"Pandora\u0027s Box":7,"Molten Egg 2":8,"CultistMask":9,"Bottled Tornado":3,"Burning Blood":0,"Unceasing Top":10,"Runic Pyramid":0},{"Golden Idol":5,"Vajra":13,"Pandora\u0027s Box":30,"Molten Egg 2":33,"CultistMask":36,"Bottled Tornado":13,"Burning Blood":0,"Unceasing Top":40,"Runic Pyramid":0}],"Unceasing Top":[0]},"card_choices":[{"not_picked":["Armaments","Dual Wield"],"picked":"Uppercut","floor":1.0},{"not_picked":["Shockwave","Burning Pact"],"picked":"Fire Breathing","floor":4.0},{"not_picked":["Wild Strike","Clothesline"],"picked":"Pummel","floor":6.0},{"not_picked":["Clothesline","Wild Strike"],"picked":"Flex","floor":10.0},{"not_picked":["Offering","Havoc"],"picked":"Burning Pact","floor":11.0},{"not_picked":["Feel No Pain","Wild Strike"],"picked":"Cleave","floor":13.0},{"not_picked":["Limit Break","Reaper"],"picked":"Corruption","floor":16},{"not_picked":["Sever Soul","Clash+1"],"picked":"Infernal Blade+1","floor":18},{"not_picked":["Wild Strike+1","Dropkick+1"],"picked":"Armaments","floor":20},{"not_picked":["Cleave+1","Anger+1","Whirlwind+1"],"picked":"SKIP","floor":24}],"player_experience":325049,"relics_obtained":[{"floor":6.0,"key":"Bottled Tornado"},{"floor":9.0,"key":"Vajra"},{"floor":24,"key":"Unceasing Top"}],"event_choices":[{"damage_healed":0.0,"max_hp_gain":0.0,"max_hp_loss":0.0,"gold_gain":0.0,"event_name":"Shining Light","player_choice":"Entered Light","floor":2.0,"gold_loss":0.0,"damage_taken":16.0,"cards_upgraded":["Strike_R","Strike_R"]},{"damage_healed":0.0,"max_hp_gain":0.0,"max_hp_loss":6.0,"gold_gain":0.0,"event_name":"Golden Idol","player_choice":"Lose Max HP","floor":3.0,"gold_loss":0.0,"damage_taken":0.0,"relics_obtained":["Golden Idol"]},{"cards_removed":["Strike_R"],"damage_healed":0.0,"max_hp_gain":0.0,"max_hp_loss":0.0,"gold_gain":0.0,"event_name":"Golden Wing","player_choice":"Card Removal","floor":8.0,"gold_loss":0.0,"damage_taken":7.0},{"damage_healed":0.0,"max_hp_gain":0.0,"max_hp_loss":0.0,"gold_gain":175.0,"event_name":"Liars Game","player_choice":"AGREE","floor":14.0,"gold_loss":0.0,"damage_taken":0.0,"cards_obtained":["Doubt"]},{"damage_healed":0,"gold_gain":0,"player_choice":"Trade","damage_taken":0,"relics_obtained":["CultistMask"],"max_hp_gain":0,"max_hp_loss":0,"event_name":"FaceTrader","floor":21,"gold_loss":0}],"is_beta":false,"boss_relics":[{"not_picked":["Runic Dome","SacredBark"],"picked":"Pandora\u0027s Box"}],"items_purged_floors":[5,19,22],"is_endless":false,"potions_floor_spawned":[6,11,13,16,18],"killed_by":"Shelled Parasite and Fungi","ascension_level":10}}