{"host":"7k2a2omxz3voj5ax","time":1614455542,"event":{"mods":["BaseMod","Marisa£¨ìFÓê¡¡Ä§ÀíÉ³£©","Minty Spire (QoL Compilation)","Quick Restart","Spicy Shops","StSLib","Starting Relic: Pandora\u0027s Box","Yakumo Yukari mod","¡¾ÒÅÎï¿¨ÅÆ¡¿REMEMod","óô»ðÖ¸ÄÏ"],"gold_per_floor":[116,135,155,155,105,137,137,152,177,177,204,77,77,101,131,147,147,147,249,249,265,282,282,296,496,531,531,557,142,142,142,155,38,38,38,54,0,0,0,0],"floor_reached":39,"language":"ZHS","playtime":1397,"items_purged":["Conserve Battery","Zap+1"],"score":472,"play_id":"88d68617-9f6a-4943-96e8-e08af98b0055","local_time":"20210228045222","is_ascension_mode":true,"campfire_choices":[{"data":"CasketOfStar","floor":7.0,"key":"SMITH"},{"data":"Coolheaded","floor":13.0,"key":"SMITH"},{"data":"Capacitor","floor":17.0,"key":"SMITH"},{"data":"Dualcast","floor":18.0,"key":"SMITH"},{"data":"Defragment","floor":27.0,"key":"SMITH"},{"data":"Fission","floor":31.0,"key":"SMITH"},{"floor":34.0,"key":"RECALL"},{"data":"Consume","floor":38,"key":"SMITH"}],"circlet_count":0,"master_deck":["Dualcast+1","Hologram","Undo","Glacier","Barrage","CasketOfStar+1","Turbo+1","Coolheaded+1","REME_SelfUpgrade","Consume+1","Capacitor+1","All For One","Defragment+1","Fission+1","Self Repair","Cold Snap","Gash","Self Repair","Rebound+1"],"relics":["Pandora\u0027s Box","REME_ComplimentaryCards","NeowsBlessing","War Paint","Smiling Mask","Mummified Hand","Art of War","PreservedInsect","Odd Mushroom","White Beast Statue","SacredBark","REME_IWantAll","The Courier","DataDisk","Runic Capacitor","Nilry\u0027s Codex"],"acts_visited":["Exordium","TheCity"],"potions_floor_usage":[],"damage_taken":[{"damage":0.0,"enemies":"Cultist","floor":1.0,"turns":1.0},{"damage":0.0,"enemies":"Small Slimes","floor":2.0,"turns":1.0},{"damage":0.0,"enemies":"2 Louse","floor":3.0,"turns":1.0},{"damage":10.0,"enemies":"3 Sentries","floor":6.0,"turns":7.0},{"damage":4.0,"enemies":"Looter","floor":8.0,"turns":3.0},{"damage":17.0,"enemies":"Gremlin Nob","floor":11.0,"turns":5.0},{"damage":6.0,"enemies":"The Mushroom Lair","floor":14.0,"turns":3.0},{"damage":0.0,"enemies":"Lagavulin","floor":15.0,"turns":4.0},{"damage":5.0,"enemies":"Gremlin Gang","floor":16.0,"turns":5.0},{"damage":2.0,"enemies":"Slime Boss","floor":19.0,"turns":9.0},{"damage":0.0,"enemies":"Shell Parasite","floor":21.0,"turns":4.0},{"damage":3.0,"enemies":"2 Thieves","floor":22.0,"turns":4.0},{"damage":16.0,"enemies":"Snecko","floor":24.0,"turns":6.0},{"damage":0.0,"enemies":"Book of Stabbing","floor":26.0,"turns":4.0},{"damage":6.0,"enemies":"Slavers","floor":28.0,"turns":6.0},{"damage":15.0,"enemies":"Shelled Parasite and Fungi","floor":32.0,"turns":5.0},{"damage":0.0,"enemies":"Sentry and Sphere","floor":36.0,"turns":4.0},{"damage":0,"enemies":"Automaton","floor":39,"turns":1}],"seed_played":"2472972586680968648","potions_obtained":[{"floor":3.0,"key":"CultistPotion"},{"floor":6.0,"key":"Ancient Potion"},{"floor":11.0,"key":"Block Potion"},{"floor":16.0,"key":"Block Potion"},{"floor":21.0,"key":"PotionOfCapacity"}],"is_trial":false,"path_per_floor":["M","M","M","?","?","E","R","M","T","T","E","$","R","?","E","M","R","R","B",null,"M","M","?","M","?","E","R","E","$","T","R","M","$","R","?","M","?","R","B"],"character_chosen":"DEFECT","items_purchased":["PreservedInsect","Fission","Runic Capacitor"],"campfire_rested":0,"item_purchase_floors":[12,29,33],"current_hp_per_floor":[75,75,75,75,75,65,65,61,61,61,44,44,44,38,38,33,33,33,31,75,75,72,72,56,56,56,56,50,50,50,50,35,35,35,19,30,30,30,30,30],"gold":0,"neow_bonus":"THREE_ENEMY_KILL","is_daily":false,"chose_seed":false,"campfire_upgraded":7,"win_rate":0.0,"timestamp":1614455542,"path_taken":["M","?","?","?","?","E","R","M","T","T","E","$","R","?","E","M","R","R","BOSS","M","M","?","?","?","E","R","E","?","T","R","?","$","R","?","M","?","R","BOSS"],"items_purchased_type":["Relic","Card","Relic"],"build_version":"2020-12-22","purchased_purges":2,"victory":false,"max_hp_per_floor":[75,75,75,75,75,75,75,75,75,75,75,75,75,75,75,75,75,75,75,75,75,75,75,75,75,75,75,75,75,75,75,75,75,75,75,79,79,79,79,79],"card_choices":[{"not_picked":["Consume","Steam","Beam Cell"],"picked":"SKIP","floor":1.0},{"not_picked":["Steam Power","Sunder"],"picked":"Turbo","floor":2.0},{"not_picked":["Streamline","Barrage"],"picked":"Coolheaded","floor":3.0},{"not_picked":["Undo","Leap","Rebound"],"picked":"Consume","floor":6.0},{"not_picked":["Hologram","Sunder","Compile Driver","Turbo"],"picked":"SKIP","floor":8.0},{"not_picked":["Sunder","Amplify","Rip and Tear","Rebound"],"picked":"SKIP","floor":11.0},{"not_picked":["Leap","Auto Shields","Melter"],"picked":"Capacitor","floor":14.0},{"not_picked":["Scrape","Blizzard","Auto Shields","Conserve Battery"],"picked":"SKIP","floor":15.0},{"not_picked":["Scrape","Blizzard","Auto Shields","Conserve Battery"],"picked":"SKIP","floor":15.0},{"not_picked":["Hologram","Undo","Sweeping Beam","Go for the Eyes"],"picked":"SKIP","floor":16.0},{"not_picked":["Seek","Buffer","Creative AI"],"picked":"All For One","floor":19.0},{"not_picked":["Streamline+1","Compile Driver","Redo","Tempest"],"picked":"SKIP","floor":21.0},{"not_picked":["Melter+1","Hologram","Steam","Sunder"],"picked":"SKIP","floor":22.0},{"not_picked":["Turbo+1","Chill","Redo","Ball Lightning"],"picked":"SKIP","floor":24.0},{"not_picked":["Hyperbeam","Go for the Eyes","Sweeping Beam+1"],"picked":"Defragment","floor":26.0},{"not_picked":["Chaos","Auto Shields+1","Thunder Strike","Turbo+1"],"picked":"SKIP","floor":28.0},{"not_picked":["Cold Snap","Gash","Rebound+1"],"picked":"Self Repair","floor":32.0},{"not_picked":["Blizzard","Leap","REME_DataAnalysis"],"picked":"Singing Bowl","floor":36.0},{"not_picked":["Redo","Self Repair","Turbo","Coolheaded"],"picked":"SKIP","floor":36.0}],"player_experience":291845,"relics_obtained":[{"floor":6.0,"key":"War Paint"},{"floor":9.0,"key":"Smiling Mask"},{"floor":10.0,"key":"Mummified Hand"},{"floor":11.0,"key":"Art of War"},{"floor":14.0,"key":"Odd Mushroom"},{"floor":15.0,"key":"White Beast Statue"},{"floor":26.0,"key":"REME_IWantAll"},{"floor":28.0,"key":"The Courier"},{"floor":30.0,"key":"DataDisk"},{"floor":35.0,"key":"Nilry\u0027s Codex"}],"event_choices":[{"damage_healed":0.0,"max_hp_gain":0.0,"max_hp_loss":0.0,"gold_gain":0.0,"cards_transformed":["Stack"],"event_name":"Living Wall","player_choice":"Change","floor":4.0,"gold_loss":0.0,"damage_taken":0.0,"cards_obtained":["REME_SelfUpgrade"]},{"cards_removed":["Compile Driver"],"damage_healed":0.0,"max_hp_gain":0.0,"max_hp_loss":0.0,"gold_gain":0.0,"event_name":"The Cleric","player_choice":"Card Removal","floor":5.0,"gold_loss":50.0,"damage_taken":0.0},{"damage_healed":0.0,"max_hp_gain":0.0,"max_hp_loss":0.0,"gold_gain":0.0,"event_name":"Mushrooms","player_choice":"Fought Mushrooms","floor":14.0,"gold_loss":0.0,"damage_taken":0.0},{"cards_removed":["Go for the Eyes"],"damage_healed":0.0,"max_hp_gain":0.0,"max_hp_loss":0.0,"gold_gain":0.0,"event_name":"Purifier","player_choice":"Purged","floor":23.0,"gold_loss":0.0,"damage_taken":0.0},{"damage_healed":0.0,"max_hp_gain":0.0,"max_hp_loss":0.0,"gold_gain":250.0,"event_name":"The Joust","player_choice":"Bet on Owner","floor":25.0,"gold_loss":50.0,"damage_taken":0.0},{"damage_healed":0.0,"max_hp_gain":0.0,"max_hp_loss":0.0,"gold_gain":0.0,"event_name":"Cursed Tome","player_choice":"Obtained Book","floor":35.0,"gold_loss":0.0,"damage_taken":16.0},{"damage_healed":0,"gold_gain":0,"player_choice":"Paid Fearfully","damage_taken":0,"max_hp_gain":0,"max_hp_loss":0,"event_name":"Masked Bandits","floor":37,"gold_loss":54}],"is_beta":false,"boss_relics":[{"not_picked":["Runic Dome","Ectoplasm"],"picked":"SacredBark"}],"items_purged_floors":[12,29],"is_endless":false,"potions_floor_spawned":[3,6,11,14,16,19,21,22,24,26,28,32,36],"killed_by":"Automaton","ascension_level":3}}