{"host":"1445u9fdo06cpl2a","time":1614445884,"event":{"mods":["AchievementEnabler","Aspiration","Astrologer","Bard","BaseMod","Better Skull","BetterRewards","Colored Map","Colored Powertips","Conspire","Curses Come First","DeckTracker","Duelist Mod","GifTheSpireLib","GungeonMod","Halation","Hermit","Highlight Path","Hubris","Infinite Spire","Minty Spire (QoL Compilation)","Permanent Neow","Random Character Button","Rare Cards Sparkle","Replay The Spire","Shop Mod","Spire Arcade","StSLib","Stuff the Spire","Td1madao Mod","The Blackbeard","The Bladedancer","The Construct","The Cursed","The Forsaken","The Gatherer","The Hierophant","The Marked","The Mystic","The Necromancer","The Poker Player","The Runesmith","The Saiyan"],"gold_per_floor":[113,113,125,125,75,107,125,155,155,180,180,180,199,243,243,348,348,379,407,332,332,350,396,420,420,420],"floor_reached":25,"language":"ENG","playtime":1769,"items_purged":["Strike_B"],"score":241,"play_id":"bb911e45-da64-46dc-9d11-777faa6f7fa3","local_time":"20210227171124","is_ascension_mode":false,"campfire_choices":[{"floor":12,"key":"REST"},{"floor":15,"key":"REST"}],"circlet_count":0,"master_deck":["Strike_B","Strike_B","Defend_B","Defend_B","Defend_B","Defend_B","Zap","Dualcast","Gash","StuffTheSpire:Rend+1","Sweeping Beam","conspire:SpireCoStock","Ball Lightning","Go for the Eyes+1","Buffer","Cold Snap","Conserve Battery+1","Machine Learning","Ball Lightning+1","Gash"],"relics":["Cracked Core","MealTicket","Potion Belt","Gremlin Food","hubris:DisguiseKit","Replay:Arrowhead","halation:BlackBeret","Bag of Marbles"],"acts_visited":["Exordium","TheCity"],"potions_floor_usage":[10,10,16,25],"damage_taken":[{"damage":1,"enemies":"2 Louse","floor":1,"turns":3},{"damage":0,"enemies":"conspire:RoseBush","floor":3,"turns":3},{"damage":46,"enemies":"Lagavulin","floor":6,"turns":8},{"damage":1,"enemies":"Jaw Worm","floor":7,"turns":4},{"damage":6,"enemies":"Replay:BlueRogue","floor":8,"turns":5},{"damage":7,"enemies":"Gremlin Nob","floor":10,"turns":3},{"damage":20,"enemies":"Gremlin Gang","floor":13,"turns":4},{"damage":1,"enemies":"Exordium Thugs","floor":14,"turns":6},{"damage":17,"enemies":"Fading Forest","floor":16,"turns":11},{"damage":3,"enemies":"Shell Parasite","floor":18,"turns":9},{"damage":26,"enemies":"2 Thieves","floor":19,"turns":4},{"damage":35,"enemies":"3 Cultists","floor":22,"turns":6},{"damage":18,"enemies":"theDuelist:KaibaA2","floor":23,"turns":7},{"damage":8,"enemies":"Nightmare","floor":25,"turns":5}],"seed_played":"-2397508778999526674","potions_obtained":[{"floor":1,"key":"Adrenaline Potion"},{"floor":7,"key":"BlessingOfTheForge"},{"floor":13,"key":"CultistPotion"},{"floor":16,"key":"ColorlessPotion"},{"floor":22,"key":"Elixir"}],"is_trial":false,"path_per_floor":["M","?","M","?","?","E","M","E","T","E","?","R","M","M","R","B",null,"M","M","$","?","M","E","T","NM"],"character_chosen":"DEFECT","items_purchased":[],"campfire_rested":2,"item_purchase_floors":[],"current_hp_per_floor":[74,74,74,74,74,28,27,21,21,14,14,36,16,15,37,30,75,72,46,61,61,26,8,8,0,0],"gold":420,"neow_bonus":"RANDOM_COMMON_RELIC","is_daily":false,"chose_seed":false,"campfire_upgraded":0,"win_rate":0.0,"timestamp":1614445884,"path_taken":["M","?","M","?","?","E","M","E","T","E","?","R","M","M","R","BOSS","M","M","$","?","?","E","?","NM"],"items_purchased_type":[],"build_version":"2020-12-22","purchased_purges":1,"victory":false,"max_hp_per_floor":[75,75,75,75,75,75,75,75,75,75,75,75,75,75,75,75,75,75,75,75,75,75,75,75,75,75],"card_choices":[{"not_picked":["Blizzard","BasicCrystalCard"],"picked":"Gash","floor":1},{"not_picked":["Redo","Defragment"],"picked":"Sweeping Beam","floor":3},{"not_picked":["Stack","Rainbow"],"picked":"Ball Lightning","floor":6},{"not_picked":["Ball Lightning","StuffTheSpire:LoadUp"],"picked":"Go for the Eyes","floor":7},{"not_picked":["Consume","Sweeping Beam","Coolheaded"],"picked":"SKIP","floor":8},{"not_picked":["StuffTheSpire:Synthwave","Skim","ReplayTheSpireMod:Strike From Hell"],"picked":"Buffer","floor":10},{"not_picked":["hubris:Ukulele","Compile Driver","Body Slam"],"picked":"Cold Snap","floor":13},{"not_picked":["Cold Snap","StuffTheSpire:LoadUp","Blood for Blood"],"picked":"Conserve Battery","floor":14},{"not_picked":["StuffTheSpire:EventHorizon","Rainbow","Berserk"],"picked":"Machine Learning","floor":16},{"not_picked":["Rebound","Loop","hubris:ReadiedAction"],"picked":"Ball Lightning+1","floor":18},{"not_picked":["StuffTheSpire:LoadUp","Sweeping Beam","ReplayTheSpireMod:Calculation Training","StuffTheSpire:RagingBull"],"picked":"SKIP","floor":19},{"not_picked":["Sweeping Beam","StuffTheSpire:Synthwave+1","Replay:Undeath\u0027s Touch"],"picked":"Gash","floor":22},{"not_picked":["hubris:DoWhile","ReplayTheSpireMod:Reroute Power","BasicCrystalCard","ReplayTheSpireMod:Corrosion Curse"],"picked":"SKIP","floor":23}],"player_experience":285205,"relics_obtained":[{"floor":6,"key":"Potion Belt"},{"floor":8,"key":"Gremlin Food"},{"floor":9,"key":"hubris:DisguiseKit"},{"floor":10,"key":"Replay:Arrowhead"},{"floor":23,"key":"halation:BlackBeret"},{"floor":24,"key":"Bag of Marbles"}],"event_choices":[{"damage_healed":0,"gold_gain":0,"player_choice":"Invest 1","damage_taken":0,"max_hp_gain":0,"max_hp_loss":0,"event_name":"conspire:Investor","floor":5,"gold_loss":0},{"damage_healed":0,"gold_gain":0,"player_choice":"Upgraded","damage_taken":0,"max_hp_gain":0,"max_hp_loss":0,"event_name":"Upgrade Shrine","floor":21,"gold_loss":0,"cards_upgraded":["StuffTheSpire:Rend"]}],"is_beta":false,"boss_relics":[{"not_picked":["ReplayTheSpireMod:DimensionalGlitch","conspire:RunicOctahedron","halation:LoveArrow"]}],"items_purged_floors":[20],"is_endless":false,"potions_floor_spawned":[1,7,13,16,22],"killed_by":"Nightmare","ascension_level":0}}