{"host":"kj5ejyofr70ax6r3","time":1614460516,"event":{"mods":["BaseMod","BetterRewards","Colored Map","GifTheSpireLib","Minty Spire (QoL Compilation)","Reliquary","Replay The Spire","Shop Mod","StSLib","The Dragon Tamer"],"gold_per_floor":[117,38,38,54,3,28,3,3,54,54,80,80,109,109,109,154,154],"floor_reached":16,"language":"ENG","playtime":461,"items_purged":[],"score":144,"play_id":"e2baafb1-7edc-4326-af93-73db72b21d67","local_time":"20210227151516","is_ascension_mode":true,"campfire_choices":[{"floor":8,"key":"RECALL"},{"data":"Zap","floor":15,"key":"SMITH"}],"circlet_count":0,"master_deck":["Strike_B","Strike_B","Strike_B","Strike_B","Defend_B","Defend_B","Defend_B","Defend_B","Zap+1","Dualcast","Coolheaded","Self Repair+1","Coolheaded","Enlightenment","Barrage","Redo","Self Repair","Steam","Biased Cognition","Amnesia","Ball Lightning"],"relics":["Cracked Core","NeowsBlessing","Iron Hammer","Quantum Egg","ReplayTheSpireMod:Ring of Challenge","Ring of Shattering"],"acts_visited":["Exordium"],"potions_floor_usage":[11],"damage_taken":[{"damage":0,"enemies":"Cultist","floor":1,"turns":1},{"damage":0,"enemies":"2 Louse","floor":4,"turns":1},{"damage":0,"enemies":"Lagavulin","floor":6,"turns":1},{"damage":41,"enemies":"3 Sentries","floor":11,"turns":14},{"damage":2,"enemies":"Small Slimes","floor":13,"turns":4},{"damage":33,"enemies":"Hexaghost","floor":16,"turns":6}],"seed_played":"-7744686650001268082","potions_obtained":[{"floor":6,"key":"Ancient Potion"},{"floor":11,"key":"DistilledChaos"},{"floor":13,"key":"Dexterity Potion"}],"is_trial":false,"path_per_floor":["M","$","?","M","$","E","$","R","T","?","E","?","M","?","R","B"],"character_chosen":"DEFECT","items_purchased":["Self Repair","Redo","Steam"],"campfire_rested":0,"item_purchase_floors":[2,5,7],"current_hp_per_floor":[75,75,75,75,75,75,75,75,75,75,51,51,63,63,63,30,30],"gold":154,"neow_bonus":"THREE_ENEMY_KILL","is_daily":false,"chose_seed":false,"campfire_upgraded":1,"win_rate":0.0,"timestamp":1614460516,"path_taken":["M","$","?","M","$","E","?","R","T","?","E","?","M","?","R","BOSS"],"items_purchased_type":["Card","Card","Card"],"build_version":"2020-12-22","purchased_purges":0,"victory":false,"max_hp_per_floor":[75,75,75,75,75,75,75,75,75,75,75,75,75,75,75,75,75],"card_choices":[{"not_picked":["Gash","Lockon"],"picked":"Coolheaded","floor":1},{"not_picked":["ReplayTheSpireMod:Reroute Power","Streamline"],"picked":"Barrage","floor":4},{"not_picked":["Cold Snap","Skim"],"picked":"Self Repair","floor":6},{"not_picked":["Streamline","Ball Lightning"],"picked":"Biased Cognition","floor":11},{"not_picked":["Coolheaded","Beam Cell"],"picked":"Ball Lightning","floor":13}],"player_experience":153686,"relics_obtained":[{"floor":6,"key":"Iron Hammer"},{"floor":11,"key":"Quantum Egg"},{"floor":12,"key":"ReplayTheSpireMod:Ring of Challenge"},{"floor":12,"key":"Ring of Shattering"}],"event_choices":[{"damage_healed":0,"gold_gain":0,"player_choice":"2 cards matched","damage_taken":0,"max_hp_gain":0,"max_hp_loss":0,"event_name":"Match and Keep!","floor":3,"gold_loss":0,"cards_obtained":["Coolheaded","Enlightenment"]},{"damage_healed":0,"gold_gain":0,"player_choice":"Ignored","damage_taken":0,"max_hp_gain":0,"max_hp_loss":0,"event_name":"Liars Game","floor":10,"gold_loss":0}],"is_beta":false,"boss_relics":[],"items_purged_floors":[],"is_endless":false,"potions_floor_spawned":[6,11,13],"killed_by":"Hexaghost","ascension_level":2}}