{"host":"trw84khdytc0ixrp","time":1614457109,"event":{"mods":["BaseMod","Hermit","Jorbs\u0027s Wanderer Trilogy","Minty Spire (QoL Compilation)","StSLib","The Cursed","The Disciple","The Necromancer","The Runesmith"],"gold_per_floor":[124,146,146,71,93,93,111,111,111,133,172,198,239,30,30,147,147,169,169,169,196,196,237,237,279,279,318,343,367,398,442,442,556,556,580,425,447,447,164,208,208,270,270,121,121,121,167,195,195,200,200,200,24,66,71],"floor_reached":56,"language":"ENG","playtime":8462,"items_purged":["hermit:Cheat","hermit:HighCaliber"],"score":1601,"play_id":"9d827df6-11b2-4d43-aacf-220fe55ea1cc","local_time":"20210227211829","is_ascension_mode":true,"campfire_choices":[{"data":"hermit:Scavenge","floor":6.0,"key":"SMITH"},{"data":"hermit:Dive","floor":8,"key":"SMITH"},{"data":"hermit:FlashPowder","floor":15,"key":"SMITH"},{"data":"hermit:Dive","floor":24,"key":"SMITH"},{"data":"hermit:TakeAim","floor":32,"key":"SMITH"},{"floor":41,"key":"RECALL"},{"data":"Deep Breath","floor":45,"key":"SMITH"},{"data":"hermit:Covet","floor":49,"key":"SMITH"},{"data":"hermit:Headshot","floor":52,"key":"SMITH"}],"circlet_count":0,"master_deck":["hermit:Snapshot","hermit:Covet+1","hermit:Headshot+1","hermit:Scavenge+1","hermit:BigShot","hermit:Dive+1","hermit:Dive+1","hermit:Brawl","hermit:Enervate","hermit:FlashPowder+1","hermit:TakeAim+1","hermit:Scavenge","hermit:BigShot","hermit:BigShot+1","Deep Breath+1"],"relics":["Pandora\u0027s Box","Runesmith:Nanobots","Mummified Hand","Bronze Scales","Empty Cage","Anchor","Sundial","Runesmith:Locket","White Beast Statue","Eternal Feather","Dream Catcher","Coffee Dripper","Toy Ornithopter","Membership Card","Pear","Lizard Tail","Mango","HornCleat","Pen Nib","MealTicket","Runesmith:AutoHammer","ClockworkSouvenir","Turnip"],"acts_visited":["Exordium","TheCity","TheBeyond","TheEnding"],"potions_floor_usage":[13,13,27,31,35,40,42,47,50,54,55],"damage_taken":[{"damage":11.0,"enemies":"Jaw Worm","floor":1.0,"turns":3.0},{"damage":0.0,"enemies":"Cultist","floor":2.0,"turns":2.0},{"damage":7.0,"enemies":"Small Slimes","floor":5.0,"turns":2.0},{"damage":3,"enemies":"Exordium Wildlife","floor":7,"turns":2},{"damage":0,"enemies":"Large Slime","floor":10,"turns":4},{"damage":0,"enemies":"Lagavulin","floor":11,"turns":4},{"damage":6,"enemies":"Exordium Thugs","floor":12,"turns":4},{"damage":0,"enemies":"Gremlin Nob","floor":13,"turns":2},{"damage":15,"enemies":"Hexaghost","floor":16,"turns":7},{"damage":0,"enemies":"Shell Parasite","floor":18,"turns":3},{"damage":0,"enemies":"2 Thieves","floor":21,"turns":3},{"damage":3,"enemies":"Gremlin Leader","floor":23,"turns":5},{"damage":0,"enemies":"Book of Stabbing","floor":25,"turns":4},{"damage":2,"enemies":"Slavers","floor":27,"turns":4},{"damage":0,"enemies":"Shelled Parasite and Fungi","floor":28,"turns":3},{"damage":0,"enemies":"Snake Plant","floor":29,"turns":3},{"damage":0,"enemies":"Centurion and Healer","floor":30,"turns":4},{"damage":0,"enemies":"Gremlin Leader","floor":31,"turns":5},{"damage":12,"enemies":"Automaton","floor":33,"turns":7},{"damage":0,"enemies":"Orb Walker","floor":35,"turns":4},{"damage":0,"enemies":"3 Shapes","floor":37,"turns":5},{"damage":0,"enemies":"Nemesis","floor":40,"turns":5},{"damage":1,"enemies":"Mind Bloom Boss Battle","floor":42,"turns":4},{"damage":3,"enemies":"Reptomancer","floor":47,"turns":5},{"damage":0,"enemies":"Sphere and 2 Shapes","floor":48,"turns":3},{"damage":0,"enemies":"Awakened One","floor":50,"turns":9},{"damage":3,"enemies":"Shield and Spear","floor":54,"turns":5},{"damage":15,"enemies":"The Heart","floor":55,"turns":7}],"seed_played":"-4922992948694174688","potions_obtained":[{"floor":5.0,"key":"hermit:BlackBile"},{"floor":10,"key":"Dexterity Potion"},{"floor":11,"key":"Strength Potion"},{"floor":16,"key":"Explosive Potion"},{"floor":21,"key":"FairyPotion"},{"floor":27,"key":"SteroidPotion"},{"floor":28,"key":"Dexterity Potion"},{"floor":29,"key":"Strength Potion"},{"floor":31,"key":"hermit:BlackBile"},{"floor":33,"key":"Block Potion"},{"floor":35,"key":"BlessingOfTheForge"},{"floor":37,"key":"Dexterity Potion"},{"floor":40,"key":"AttackPotion"},{"floor":42,"key":"Energy Potion"},{"floor":47,"key":"ColorlessPotion"},{"floor":48,"key":"SkillPotion"},{"floor":54,"key":"GamblersBrew"}],"is_trial":false,"path_per_floor":["M","M","?","$","M","R","M","R","T","M","E","M","E","$","R","B",null,"M","?","?","M","?","E","R","E","T","E","M","M","M","E","R","B",null,"M","$","M","?","$","E","R","?","T","$","R","?","E","M","R","B",null,"R","$","E","B",null],"character_chosen":"HERMIT","items_purchased":["hermit:TakeAim","hermit:Scavenge","Toy Ornithopter","Membership Card","Pear","HornCleat","hermit:Tonic","Runesmith:AutoHammer","ClockworkSouvenir","hermit:Tonic"],"campfire_rested":0,"item_purchase_floors":[14,14,36,39,39,44,44,53,53,53],"current_hp_per_floor":[64,64,85,85,78,78,75,75,75,75,75,69,69,69,69,54,85,85,85,85,85,85,82,82,82,82,80,80,80,80,80,85,73,85,85,85,85,75,85,90,95,109,109,109,109,109,109,109,109,109,109,109,109,108,94],"gold":71,"neow_bonus":"BOSS_RELIC","is_daily":false,"chose_seed":false,"campfire_upgraded":8,"win_rate":0.0,"timestamp":1614457109,"path_taken":["M","M","?","$","M","R","M","R","T","M","E","?","E","$","R","BOSS","M","?","?","M","?","E","R","E","T","E","M","M","M","E","R","BOSS","M","$","M","?","$","E","R","?","T","$","R","?","E","M","R","BOSS","R","$","E","BOSS"],"items_purchased_type":["Card","Card","Relic","Relic","Relic","Relic","Potion","Relic","Relic","Potion"],"build_version":"2020-12-22","purchased_purges":2,"victory":true,"max_hp_per_floor":[75,75,85,85,85,85,85,85,85,85,85,85,85,85,85,85,85,85,85,85,85,85,85,85,85,85,85,85,85,85,85,85,85,85,85,85,85,85,95,95,95,109,109,109,109,109,109,109,109,109,109,109,109,109,109],"card_choices":[{"not_picked":["hermit:LowProfile","hermit:SprayPray"],"picked":"hermit:Dive","floor":1.0},{"not_picked":["hermit:WideOpen","hermit:Roulette","hermit:FinalCanter"],"picked":"SKIP","floor":2.0},{"not_picked":["hermit:LuckOfTheDraw","hermit:Roulette"],"picked":"hermit:Dive","floor":5.0},{"not_picked":["hermit:Roulette","hermit:DeadMansHand","hermit:Quickdraw"],"picked":"SKIP","floor":7},{"not_picked":["hermit:Roulette","hermit:DeadMansHand","hermit:Quickdraw"],"picked":"SKIP","floor":7},{"not_picked":["hermit:LowProfile","hermit:SprayPray","hermit:Manifest"],"picked":"SKIP","floor":10},{"not_picked":["hermit:Gestalt","hermit:Shortfuse"],"picked":"hermit:Brawl","floor":11},{"not_picked":["hermit:Desperado","hermit:Deadeye"],"picked":"hermit:Enervate","floor":12},{"not_picked":["hermit:BlackWind","hermit:GoldenBullet"],"picked":"hermit:FlashPowder","floor":13},{"not_picked":["hermit:ItchyTrigger+1","hermit:Feint"],"picked":"hermit:BigShot","floor":18},{"not_picked":["hermit:Headshot","hermit:Gestalt","hermit:SprayPray+1"],"picked":"SKIP","floor":21},{"not_picked":["hermit:NoHoldsBarred","hermit:Ricochet","hermit:Coalescence"],"picked":"SKIP","floor":23},{"not_picked":["hermit:WideOpen","hermit:DeadMansHand","hermit:Snipe"],"picked":"SKIP","floor":25},{"not_picked":["hermit:HighCaliber+1","hermit:Reprieve"],"picked":"hermit:BigShot+1","floor":27},{"not_picked":["hermit:HighCaliber","hermit:Feint","hermit:Coalescence+1"],"picked":"SKIP","floor":28},{"not_picked":["hermit:TakeAim","hermit:NoHoldsBarred","hermit:Coalescence"],"picked":"SKIP","floor":29},{"not_picked":["hermit:CalledShot+1","hermit:WideOpen+1","hermit:LuckOfTheDraw"],"picked":"SKIP","floor":30},{"not_picked":["hermit:HighCaliber","hermit:Quickdraw","hermit:Dive+1"],"picked":"SKIP","floor":31},{"not_picked":["hermit:TakeAim","hermit:TrackingShot+1","hermit:Ricochet"],"picked":"SKIP","floor":35},{"not_picked":["hermit:Quickdraw","hermit:Combo+1","hermit:TakeCover+1"],"picked":"SKIP","floor":37},{"not_picked":["Dark Shackles","HandOfGreed"],"picked":"Deep Breath","floor":38},{"not_picked":["hermit:Dive","hermit:Malice","hermit:Snipe"],"picked":"SKIP","floor":40},{"not_picked":["hermit:WideOpen","hermit:Enervate","hermit:Purgatory"],"picked":"SKIP","floor":47},{"not_picked":["hermit:BigShot","hermit:Ricochet","hermit:Desperado+1"],"picked":"SKIP","floor":48},{"not_picked":["hermit:Dive+1","hermit:WideOpen+1","hermit:HighCaliber+1"],"picked":"SKIP","floor":54}],"player_experience":49453,"relics_obtained":[{"floor":9,"key":"Runesmith:Nanobots"},{"floor":11,"key":"Mummified Hand"},{"floor":13,"key":"Bronze Scales"},{"floor":23,"key":"Sundial"},{"floor":25,"key":"Runesmith:Locket"},{"floor":26,"key":"White Beast Statue"},{"floor":27,"key":"Eternal Feather"},{"floor":31,"key":"Dream Catcher"},{"floor":40,"key":"Lizard Tail"},{"floor":42,"key":"Mango"},{"floor":46,"key":"Pen Nib"},{"floor":47,"key":"MealTicket"},{"floor":54,"key":"Turnip"}],"event_choices":[{"cards_removed":["hermit:Magnum"],"damage_healed":11.0,"max_hp_gain":10.0,"max_hp_loss":0.0,"gold_gain":0.0,"event_name":"Bonfire Elementals","player_choice":"Offered Rare","floor":3.0,"gold_loss":0.0,"damage_taken":0.0},{"damage_healed":0,"gold_gain":0,"player_choice":"Opened","damage_taken":0,"relics_obtained":["Anchor"],"max_hp_gain":0,"max_hp_loss":0,"event_name":"The Mausoleum","floor":19,"gold_loss":0,"cards_obtained":["Writhe"]},{"cards_removed":["Writhe"],"damage_healed":0,"gold_gain":0,"player_choice":"Elegance","damage_taken":0,"max_hp_gain":0,"max_hp_loss":0,"event_name":"Back to Basics","floor":20,"gold_loss":0},{"damage_healed":0,"gold_gain":0,"player_choice":"Ignored","damage_taken":0,"max_hp_gain":0,"max_hp_loss":0,"event_name":"Vampires","floor":22,"gold_loss":0},{"damage_healed":0,"gold_gain":0,"player_choice":"Memory 3","damage_taken":10,"max_hp_gain":0,"max_hp_loss":0,"event_name":"SensoryStone","floor":38,"gold_loss":0},{"damage_healed":0,"gold_gain":0,"player_choice":"Fight","damage_taken":0,"max_hp_gain":0,"max_hp_loss":0,"event_name":"MindBloom","floor":42,"gold_loss":0},{"damage_healed":0,"gold_gain":0,"player_choice":"Relic","damage_taken":0,"max_hp_gain":0,"max_hp_loss":0,"event_name":"Wheel of Change","floor":46,"gold_loss":0}],"is_beta":false,"boss_relics":[{"not_picked":["SacredBark","Velvet Choker"],"picked":"Empty Cage"},{"not_picked":["Busted Crown","Runic Pyramid"],"picked":"Coffee Dripper"}],"items_purged_floors":[4,14],"is_endless":false,"potions_floor_spawned":[5,10,11,16,21,27,28,29,30,31,33,35,37,40,42,47,48,54],"ascension_level":1}}