{"host":"9gxprskaw0c5jpbt","time":1614387151,"event":{"mods":["AchievementEnabler","BaseMod","Colored Map","Highlight Path","KOR Keyword Fix","Minty Spire (QoL Compilation)","Rare Cards Sparkle","StSLib","SuperFastMode","everything is the same but u backflip on backflip"],"gold_per_floor":[119,269,284,284,36,36,6,17,92,92,117,117,146,157,157,157,157],"floor_reached":16,"language":"KOR","playtime":280,"items_purged":[],"score":216,"play_id":"96c23004-d2ed-474d-9194-d45a72271c3f","local_time":"20210227095231","is_ascension_mode":true,"campfire_choices":[{"data":"Warcry","floor":6.0,"key":"SMITH"},{"data":"Limit Break","floor":10.0,"key":"SMITH"},{"floor":15.0,"key":"REST"}],"circlet_count":0,"master_deck":["AscendersBane","Strike_R","Strike_R","Strike_R","Strike_R","Strike_R","Defend_R","Defend_R","Defend_R","Defend_R","Bash","Inflame+1","Doubt","Warcry+1","Panache","Inflame","Anger","Limit Break+1","Heavy Blade","Regret","Sword Boomerang","Sentinel"],"relics":["Burning Blood","NeowsBlessing","Paper Frog","StoneCalendar","The Courier","PreservedInsect"],"acts_visited":["Exordium"],"potions_floor_usage":[16],"damage_taken":[{"damage":0.0,"enemies":"Jaw Worm","floor":1.0,"turns":1.0},{"damage":0.0,"enemies":"2 Louse","floor":3.0,"turns":2.0},{"damage":0.0,"enemies":"Small Slimes","floor":8.0,"turns":2.0},{"damage":22.0,"enemies":"Lagavulin","floor":11.0,"turns":5.0},{"damage":43.0,"enemies":"Gremlin Nob","floor":13.0,"turns":4.0},{"damage":20.0,"enemies":"3 Louse","floor":14.0,"turns":2.0},{"damage":31,"enemies":"The Guardian","floor":16,"turns":7}],"seed_played":"8667376538363595561","potions_obtained":[{"floor":1.0,"key":"SkillPotion"},{"floor":8.0,"key":"BlessingOfTheForge"},{"floor":13.0,"key":"GamblersBrew"}],"is_trial":false,"path_per_floor":["M","?","M","?","$","R","$","M","T","R","E","?","E","M","R","B"],"character_chosen":"IRONCLAD","items_purchased":["Panache","Inflame","Anger"],"campfire_rested":1,"item_purchase_floors":[5,5,7],"current_hp_per_floor":[74,74,75,75,75,75,75,75,75,75,59,59,22,8,30,0,0],"gold":157,"neow_bonus":"THREE_ENEMY_KILL","is_daily":false,"chose_seed":false,"campfire_upgraded":2,"win_rate":0.0,"timestamp":1614387151,"path_taken":["M","?","M","?","$","R","?","M","T","R","E","?","E","M","R","BOSS"],"items_purchased_type":["Card","Card","Card"],"build_version":"2020-12-22","purchased_purges":0,"victory":false,"max_hp_per_floor":[75,75,75,75,75,75,75,75,75,75,75,75,75,75,75,75,75],"card_choices":[{"not_picked":["Infernal Blade","Twin Strike"],"picked":"Inflame","floor":1.0},{"not_picked":["Dark Embrace","Anger"],"picked":"Warcry","floor":3.0},{"not_picked":["Blood for Blood","Sword Boomerang"],"picked":"Limit Break","floor":8.0},{"not_picked":["Demon Form","Pommel Strike"],"picked":"Heavy Blade","floor":11.0},{"not_picked":["Sever Soul","Body Slam"],"picked":"Sword Boomerang","floor":13.0},{"not_picked":["Body Slam","Havoc"],"picked":"Sentinel","floor":14.0}],"player_experience":1001947,"relics_obtained":[{"floor":9.0,"key":"Paper Frog"},{"floor":11.0,"key":"StoneCalendar"},{"floor":13.0,"key":"PreservedInsect"}],"event_choices":[{"damage_healed":0.0,"max_hp_gain":0.0,"max_hp_loss":0.0,"gold_gain":150.0,"event_name":"Liars Game","player_choice":"AGREE","floor":2.0,"gold_loss":0.0,"damage_taken":0.0,"cards_obtained":["Doubt"]},{"damage_healed":0.0,"max_hp_gain":0.0,"max_hp_loss":0.0,"gold_gain":0.0,"event_name":"Living Wall","player_choice":"Grow","floor":4.0,"gold_loss":0.0,"damage_taken":0.0,"cards_upgraded":["Inflame"]},{"damage_healed":0.0,"max_hp_gain":0.0,"max_hp_loss":0.0,"gold_gain":0.0,"event_name":"Big Fish","player_choice":"Box","floor":12.0,"gold_loss":0.0,"damage_taken":0.0,"relics_obtained":["The Courier"],"cards_obtained":["Regret"]}],"is_beta":false,"boss_relics":[],"items_purged_floors":[],"is_endless":false,"potions_floor_spawned":[1,8,13],"killed_by":"The Guardian","ascension_level":20}}