{"host":"7sni158j623xchr2","time":1614414614,"event":{"mods":["BaseMod","Colored Map","Highlight Path","Minty Spire (QoL Compilation)","Permanent Neow","Potion Indicator Mod","Rare Cards Sparkle","Relic Sorter","Relic Stats","StSLib","everything is the same but u backflip on backflip"],"gold_per_floor":[116,116,17,36,49,90,90,133,133,133,154,232,252,286,286,415,415,428,428,13,34,133,164,180,180,180,200,234,250,263,282,282,401,401,416,416,440,465,6,6,6,19,43,43,84,0,0,40,40,40,40,40,40,80,80],"floor_reached":56,"language":"ENG","playtime":1789,"items_purged":["Strike_R","Strike_R"],"score":1545,"play_id":"12cfd4b9-db1b-4872-abda-a4513882d3dd","local_time":"20210227023014","is_ascension_mode":true,"campfire_choices":[{"data":"Bloodletting","floor":7,"key":"SMITH"},{"floor":10,"key":"REST"},{"floor":15,"key":"REST"},{"floor":25,"key":"REST"},{"floor":32,"key":"REST"},{"floor":40,"key":"RECALL"},{"data":"Sword Boomerang","floor":47,"key":"SMITH"},{"data":"True Grit","floor":49,"key":"SMITH"},{"data":"Whirlwind","floor":52,"key":"SMITH"}],"circlet_count":0,"master_deck":["Strike_R","Strike_R","Strike_R","Defend_R+1","Defend_R","Defend_R+1","Bash","Anger","True Grit+1","Bloodletting+1","Ghostly Armor","Bloodletting+1","Double Tap+1","Seeing Red+1","Warcry+1","Demon Form+1","CurseOfTheBell","Sword Boomerang+1","Shockwave+1","Whirlwind+1","Flame Barrier+1","True Grit+1","Metallicize+1","Sentinel+1","Demon Form+1","Armaments+1","Shrug It Off+1","True Grit+1","Shrug It Off+1","Barricade+1"],"relics":["Runic Pyramid","Golden Idol","Pantograph","Toxic Egg 2","HornCleat","Frozen Egg 2","Sundial","Calling Bell","Mercury Hourglass","Lizard Tail","War Paint","Smiling Mask","Nunchaku","Incense Burner","Orichalcum","MealTicket","Coffee Dripper","TungstenRod","Red Mask","CaptainsWheel","Strawberry"],"acts_visited":["Exordium","TheCity","TheBeyond","TheEnding"],"potions_floor_usage":[8,8,12,12,16,16,21,28,28,38,54,55],"damage_taken":[{"damage":7,"enemies":"Jaw Worm","floor":1,"turns":4},{"damage":5,"enemies":"Small Slimes","floor":4,"turns":3},{"damage":8,"enemies":"2 Louse","floor":5,"turns":3},{"damage":29,"enemies":"Gremlin Nob","floor":6,"turns":4},{"damage":6,"enemies":"Lagavulin","floor":8,"turns":7},{"damage":3,"enemies":"Exordium Thugs","floor":11,"turns":5},{"damage":16,"enemies":"Lagavulin Event","floor":12,"turns":5},{"damage":0,"enemies":"Red Slaver","floor":13,"turns":3},{"damage":17,"enemies":"3 Sentries","floor":14,"turns":9},{"damage":29,"enemies":"Hexaghost","floor":16,"turns":9},{"damage":15,"enemies":"3 Byrds","floor":18,"turns":4},{"damage":11,"enemies":"Spheric Guardian","floor":21,"turns":4},{"damage":17,"enemies":"Gremlin Leader","floor":23,"turns":6},{"damage":8,"enemies":"Chosen and Byrds","floor":24,"turns":4},{"damage":3,"enemies":"3 Cultists","floor":27,"turns":5},{"damage":14,"enemies":"Slavers","floor":28,"turns":4},{"damage":3,"enemies":"Snecko","floor":29,"turns":5},{"damage":3,"enemies":"Snake Plant","floor":30,"turns":5},{"damage":0,"enemies":"Centurion and Healer","floor":31,"turns":5},{"damage":26,"enemies":"Champ","floor":33,"turns":8},{"damage":3,"enemies":"3 Darklings","floor":35,"turns":3},{"damage":7,"enemies":"3 Shapes","floor":37,"turns":3},{"damage":20,"enemies":"Sphere and 2 Shapes","floor":38,"turns":4},{"damage":2,"enemies":"Spire Growth","floor":42,"turns":4},{"damage":4,"enemies":"Giant Head","floor":45,"turns":5},{"damage":2,"enemies":"Nemesis","floor":48,"turns":9},{"damage":31,"enemies":"Donu and Deca","floor":50,"turns":6},{"damage":85,"enemies":"Shield and Spear","floor":54,"turns":9},{"damage":82,"enemies":"The Heart","floor":55,"turns":8}],"seed_played":"-111503120923055910","potions_obtained":[{"floor":4,"key":"SpeedPotion"},{"floor":6,"key":"Weak Potion"},{"floor":8,"key":"Explosive Potion"},{"floor":11,"key":"SneckoOil"},{"floor":14,"key":"Strength Potion"},{"floor":16,"key":"FearPotion"},{"floor":23,"key":"DistilledChaos"},{"floor":24,"key":"LiquidMemories"},{"floor":28,"key":"BlessingOfTheForge"},{"floor":35,"key":"BloodPotion"},{"floor":48,"key":"FairyPotion"}],"is_trial":false,"path_per_floor":["M","?","$","M","M","E","R","E","T","R","M","?","M","E","R","B",null,"M","?","$","M","?","E","M","R","T","M","E","M","M","M","R","B",null,"M","?","M","M","$","R","?","M","T","$","E","?","R","E","R","B",null,"R","$","E","B",null],"character_chosen":"IRONCLAD","items_purchased":["True Grit","Explosive Potion","DuplicationPotion","LiquidMemories","Nunchaku","Shockwave+1","TungstenRod","HeartOfIron"],"campfire_rested":4,"item_purchase_floors":[3,3,20,20,20,20,39,39],"current_hp_per_floor":[73,73,73,68,60,31,31,25,25,47,44,28,28,11,33,29,74,59,59,59,48,48,31,23,45,45,42,28,25,22,22,44,43,74,71,71,64,58,73,73,73,71,71,74,70,70,70,68,68,43,74,74,74,29,12],"gold":80,"neow_bonus":"BOSS_RELIC","is_daily":false,"chose_seed":false,"campfire_upgraded":4,"win_rate":0.0,"timestamp":1614414614,"path_taken":["M","?","$","M","M","E","R","E","T","R","M","?","M","E","R","BOSS","M","?","?","?","?","E","M","R","T","M","E","M","M","M","R","BOSS","M","?","M","?","$","R","?","M","T","?","E","?","R","E","R","BOSS","R","$","E","BOSS"],"items_purchased_type":["Card","Potion","Potion","Potion","Relic","Card","Relic","Potion"],"build_version":"2020-12-22","purchased_purges":2,"victory":true,"max_hp_per_floor":[80,74,74,74,74,74,74,74,74,74,74,74,74,74,74,74,74,74,74,74,74,74,74,74,74,74,74,74,74,74,74,74,74,74,74,74,74,74,74,74,74,74,74,74,74,74,74,74,74,74,74,74,74,81,81],"relic_stats":{"counters":[29,152],"Golden Idol":242,"War Paint":["Defend_R","Defend_R"],"Orichalcum":[78],"Smiling Mask":75,"Mercury Hourglass":[387],"Lizard Tail":40,"Nunchaku":[13],"Sundial":[8],"Pantograph":81,"MealTicket":18,"obtain_stats":[{"Golden Idol":2,"Incense Burner":23,"Frozen Egg 2":12,"War Paint":17,"Orichalcum":26,"Smiling Mask":19,"Burning Blood":0,"Mercury Hourglass":17,"Calling Bell":17,"Lizard Tail":17,"Nunchaku":20,"CaptainsWheel":48,"HornCleat":9,"Sundial":14,"Pantograph":6,"Strawberry":54,"MealTicket":28,"Coffee Dripper":34,"Red Mask":46,"Toxic Egg 2":8,"TungstenRod":39,"Runic Pyramid":0},{"Golden Idol":1,"Incense Burner":13,"Frozen Egg 2":7,"War Paint":10,"Orichalcum":14,"Smiling Mask":11,"Burning Blood":0,"Mercury Hourglass":10,"Calling Bell":10,"Lizard Tail":10,"Nunchaku":11,"CaptainsWheel":26,"HornCleat":5,"Sundial":9,"Pantograph":4,"Strawberry":28,"MealTicket":16,"Coffee Dripper":20,"Red Mask":25,"Toxic Egg 2":5,"TungstenRod":23,"Runic Pyramid":0},{"Golden Idol":4,"Incense Burner":66,"Frozen Egg 2":31,"War Paint":52,"Orichalcum":70,"Smiling Mask":56,"Burning Blood":0,"Mercury Hourglass":52,"Calling Bell":52,"Lizard Tail":52,"Nunchaku":56,"CaptainsWheel":129,"HornCleat":21,"Sundial":43,"Pantograph":14,"Strawberry":144,"MealTicket":79,"Coffee Dripper":102,"Red Mask":120,"Toxic Egg 2":21,"TungstenRod":111,"Runic Pyramid":0}],"TungstenRod":40},"card_choices":[{"not_picked":["Shrug It Off","Clothesline"],"picked":"Anger","floor":1},{"not_picked":["Clash","Metallicize","Dropkick"],"picked":"SKIP","floor":4},{"not_picked":["Sword Boomerang","Warcry"],"picked":"Bloodletting","floor":5},{"not_picked":["Shrug It Off","Clothesline"],"picked":"Ghostly Armor","floor":6},{"not_picked":["Anger","Thunderclap"],"picked":"Bloodletting+1","floor":8},{"not_picked":["Warcry+1","Clash"],"picked":"Double Tap+1","floor":11},{"not_picked":["Heavy Blade","Cleave"],"picked":"Seeing Red+1","floor":12},{"not_picked":["Cleave","Pummel"],"picked":"Warcry+1","floor":13},{"not_picked":["Pommel Strike","Combust+1","Power Through+1"],"picked":"SKIP","floor":14},{"not_picked":["Berserk+1","Feed"],"picked":"Demon Form+1","floor":16},{"not_picked":["Anger","Perfected Strike"],"picked":"Sword Boomerang","floor":18},{"not_picked":["Havoc+1","Ghostly Armor+1"],"picked":"Whirlwind","floor":21},{"not_picked":["Clash","Headbutt"],"picked":"Flame Barrier+1","floor":23},{"not_picked":["Anger","Headbutt+1","Juggernaut+1"],"picked":"SKIP","floor":24},{"not_picked":["Perfected Strike","Warcry+1","Searing Blow"],"picked":"SKIP","floor":27},{"not_picked":["Reckless Charge+1","Heavy Blade+1"],"picked":"True Grit+1","floor":28},{"not_picked":["Havoc+1","Clash","Flex+1"],"picked":"SKIP","floor":29},{"not_picked":["Flex+1","Dark Embrace+1"],"picked":"Metallicize+1","floor":30},{"not_picked":["Second Wind+1","True Grit+1"],"picked":"Sentinel+1","floor":31},{"not_picked":["Double Tap+1","Bludgeon"],"picked":"Demon Form+1","floor":33},{"not_picked":["Clash","Searing Blow+1"],"picked":"Armaments+1","floor":35},{"not_picked":["Anger+1","Dark Embrace+1","Perfected Strike+1"],"picked":"SKIP","floor":37},{"not_picked":["Entrench+1","Armaments+1"],"picked":"Shrug It Off+1","floor":38},{"not_picked":["Iron Wave","Anger"],"picked":"True Grit+1","floor":42},{"not_picked":["Reckless Charge+1","Pommel Strike+1","Flex+1"],"picked":"SKIP","floor":45},{"not_picked":["Rage+1","Inflame+1"],"picked":"Shrug It Off+1","floor":48},{"not_picked":["Havoc+1","Sword Boomerang"],"picked":"Barricade+1","floor":54}],"player_experience":1866969,"relics_obtained":[{"floor":6,"key":"Pantograph"},{"floor":8,"key":"Toxic Egg 2"},{"floor":9,"key":"HornCleat"},{"floor":12,"key":"Frozen Egg 2"},{"floor":14,"key":"Sundial"},{"floor":17,"key":"Mercury Hourglass"},{"floor":17,"key":"Lizard Tail"},{"floor":17,"key":"War Paint"},{"floor":23,"key":"Incense Burner"},{"floor":26,"key":"Orichalcum"},{"floor":28,"key":"MealTicket"},{"floor":48,"key":"CaptainsWheel"},{"floor":54,"key":"Strawberry"}],"event_choices":[{"damage_healed":0,"gold_gain":0,"player_choice":"Lose Max HP","damage_taken":0,"relics_obtained":["Golden Idol"],"max_hp_gain":0,"max_hp_loss":6,"event_name":"Golden Idol","floor":2,"gold_loss":0},{"damage_healed":0,"gold_gain":0,"player_choice":"Searched \u00271\u0027 times","damage_taken":0,"max_hp_gain":0,"max_hp_loss":0,"event_name":"Dead Adventurer","floor":12,"gold_loss":0},{"damage_healed":0,"gold_gain":0,"player_choice":"Gave Potion","damage_taken":0,"relics_obtained":["Smiling Mask"],"max_hp_gain":0,"max_hp_loss":0,"event_name":"WeMeetAgain","floor":19,"gold_loss":0},{"damage_healed":0,"gold_gain":99,"player_choice":"Stole From Cult","damage_taken":0,"max_hp_gain":0,"max_hp_loss":0,"event_name":"Nest","floor":22,"gold_loss":0},{"cards_removed":["Defend_R"],"damage_healed":0,"gold_gain":0,"player_choice":"Offered Basic","damage_taken":0,"max_hp_gain":0,"max_hp_loss":0,"event_name":"Bonfire Elementals","floor":36,"gold_loss":0},{"damage_healed":0,"gold_gain":0,"player_choice":"0 cards matched","damage_taken":0,"max_hp_gain":0,"max_hp_loss":0,"event_name":"Match and Keep!","floor":41,"gold_loss":0,"cards_obtained":[]},{"damage_healed":0,"gold_gain":0,"player_choice":"Paid","damage_taken":0,"relics_obtained":["Red Mask"],"max_hp_gain":0,"max_hp_loss":0,"event_name":"Tomb of Lord Red Mask","floor":46,"gold_loss":84}],"is_beta":false,"boss_relics":[{"not_picked":["Snecko Eye","Tiny House"],"picked":"Calling Bell"},{"not_picked":["Fusion Hammer","Runic Cube"],"picked":"Coffee Dripper"}],"items_purged_floors":[20,39],"is_endless":false,"potions_floor_spawned":[4,6,8,11,14,16,23,24,27,28,35,48],"ascension_level":4}}