{"host":"338bkdl2yirdp2ct","time":1614391995,"event":{"mods":["AchievementEnabler","BaseMod","Colored Powertips","Highlight Path","Minty Spire (QoL Compilation)","Quick Restart","Relic Sorter","Unceasing Turn Reminder","slay the spire mod where everything is the same but ironclad has a cowboy hat"],"gold_per_floor":[118,118,67,67,242,242,276,276,299,324,324,255,255,255,255,376,376],"floor_reached":16,"language":"ENG","playtime":240,"items_purged":[],"score":202,"play_id":"cd92618f-e186-41bd-b379-e4af2f269b1b","local_time":"20210226181315","is_ascension_mode":false,"campfire_choices":[{"data":"Zap","floor":6,"key":"SMITH"},{"data":"Chaos","floor":8,"key":"SMITH"},{"data":"Dualcast","floor":11,"key":"SMITH"},{"data":"Defragment","floor":15,"key":"SMITH"}],"circlet_count":0,"master_deck":["Strike_B","Strike_B","Strike_B","Strike_B","Defend_B","Defend_B","Defend_B","Defend_B","Zap+1","Dualcast+1","Loop+1","Doubt","Chaos+1","Turbo","Defragment+1"],"relics":["Cracked Core","NeowsBlessing","Bottled Tornado","Juzu Bracelet","Gremlin Horn","Golden Idol"],"acts_visited":["Exordium"],"potions_floor_usage":[16,16],"damage_taken":[{"damage":0,"enemies":"Cultist","floor":1,"turns":1},{"damage":0,"enemies":"Gremlin Nob","floor":7,"turns":1},{"damage":0,"enemies":"Lagavulin","floor":10,"turns":1},{"damage":21,"enemies":"Slime Boss","floor":16,"turns":11}],"seed_played":"7692127975566615811","potions_obtained":[{"floor":1,"key":"AttackPotion"}],"is_trial":false,"path_per_floor":["M","?","$","$","?","R","E","R","T","E","R","$","?","?","R","B"],"character_chosen":"DEFECT","items_purchased":["PowerPotion","Defragment"],"campfire_rested":0,"item_purchase_floors":[3,12],"current_hp_per_floor":[75,75,75,75,75,75,75,75,75,75,75,75,75,69,69,48,48],"gold":376,"neow_bonus":"THREE_ENEMY_KILL","is_daily":false,"chose_seed":false,"campfire_upgraded":4,"win_rate":0.0,"timestamp":1614391995,"path_taken":["M","?","?","$","?","R","E","R","T","E","R","$","?","?","R","BOSS"],"items_purchased_type":["Potion","Card"],"build_version":"2020-12-22","purchased_purges":0,"victory":false,"max_hp_per_floor":[75,75,75,75,75,75,75,75,75,75,75,75,75,69,69,69,69],"card_choices":[{"not_picked":["FTL","Beam Cell"],"picked":"Loop","floor":1},{"not_picked":["Darkness","Loop"],"picked":"Chaos","floor":7},{"not_picked":["Conserve Battery","Go for the Eyes"],"picked":"Turbo","floor":10}],"player_experience":1172809,"relics_obtained":[{"floor":7,"key":"Bottled Tornado"},{"floor":9,"key":"Juzu Bracelet"},{"floor":10,"key":"Gremlin Horn"}],"event_choices":[{"damage_healed":0,"gold_gain":0,"player_choice":"Grow","damage_taken":0,"max_hp_gain":0,"max_hp_loss":0,"event_name":"Living Wall","floor":2,"gold_loss":0,"cards_upgraded":["Loop"]},{"damage_healed":0,"gold_gain":175,"player_choice":"AGREE","damage_taken":0,"max_hp_gain":0,"max_hp_loss":0,"event_name":"Liars Game","floor":5,"gold_loss":0,"cards_obtained":["Doubt"]},{"damage_healed":0,"gold_gain":0,"player_choice":"0 cards matched","damage_taken":0,"max_hp_gain":0,"max_hp_loss":0,"event_name":"Match and Keep!","floor":13,"gold_loss":0,"cards_obtained":[]},{"damage_healed":0,"gold_gain":0,"player_choice":"Lose Max HP","damage_taken":0,"relics_obtained":["Golden Idol"],"max_hp_gain":0,"max_hp_loss":6,"event_name":"Golden Idol","floor":14,"gold_loss":0}],"is_beta":false,"boss_relics":[],"items_purged_floors":[],"is_endless":false,"potions_floor_spawned":[1],"killed_by":"Slime Boss","ascension_level":0}}