{"host":"yunadyb0795wtij7","time":1614410708,"event":{"mods":["BaseMod","Downfall","Marisa£®ÏF”Í°°ƒß¿Ì…≥£©","Minty Spire (QoL Compilation)","StSLib","The Cursed","Yakumo Yukari mod","[IsaacMod]“‘»ˆº‚À˛"],"gold_per_floor":[99,119,134,134,147,322,322,322,339,374,390,390,390,390],"floor_reached":12,"language":"ZHS","playtime":634,"items_purged":[],"score":80,"play_id":"9c59c6ec-7cb1-446a-a100-82c96aca0ad8","local_time":"20210227152508","is_ascension_mode":false,"campfire_choices":[{"data":"Slimebound:Split","floor":1.0,"key":"SMITH"}],"circlet_count":0,"master_deck":["Slimebound:Strike_Slimebound","Slimebound:Strike_Slimebound","Slimebound:Tackle","Slimebound:Defend_Slimebound","Slimebound:Defend_Slimebound","Slimebound:Defend_Slimebound","Slimebound:Defend_Slimebound","Slimebound:Split+1","Slimebound:CorrosiveSpit","BloodyBrimstone","Slimebound:SplitMire","Slimebound:Gluttony","Doubt","Slimebound:SplitMire","Slimebound:MassRepurpose"],"relics":["Slimebound:AbsorbEndCombat","HushsDoor","BookOfRevelations","Incense Burner"],"acts_visited":["Exordium"],"potions_floor_usage":[],"damage_taken":[{"damage":9,"enemies":"2 Louse","floor":2,"turns":3},{"damage":5,"enemies":"Jaw Worm","floor":3,"turns":4},{"damage":11,"enemies":"Small Slimes","floor":5,"turns":3},{"damage":9,"enemies":"Exordium Wildlife","floor":9,"turns":3},{"damage":37,"enemies":"3 Sentries","floor":10,"turns":4},{"damage":14,"enemies":"Blue Slaver","floor":11,"turns":4},{"damage":48,"enemies":"Gremlin Nob","floor":12,"turns":4}],"seed_played":"-2398445635165144880","potions_obtained":[{"floor":2,"key":"SteroidPotion"},{"floor":9,"key":"Slimebound:SpawnSlimePotion"},{"floor":11,"key":"Guardian:BlockOnCardUsePotion"}],"is_trial":false,"path_per_floor":["R","M","M","?","M","?","T","?","M","E","M","E"],"character_chosen":"SLIMEBOUND","items_purchased":[],"campfire_rested":0,"item_purchase_floors":[],"current_hp_per_floor":[71,62,61,61,54,54,54,59,52,23,11,0,0,0],"gold":390,"neow_bonus":"TEN_PERCENT_HP_BONUS","is_daily":false,"chose_seed":false,"campfire_upgraded":1,"win_rate":0.0,"timestamp":1614410708,"path_taken":["R","M","M","?","M","?","T","?","M","E","?","E"],"items_purchased_type":[],"build_version":"2020-12-22","purchased_purges":0,"victory":false,"max_hp_per_floor":[71,71,71,71,71,71,71,76,76,73,73,73,73,73],"card_choices":[{"not_picked":[],"picked":"BloodyBrimstone","floor":0.0},{"not_picked":["Slimebound:ViciousTackle","Slimebound:Schlurp"],"picked":"Slimebound:SplitMire","floor":2},{"not_picked":["Slimebound:GoopSpray","Slimebound:ItLooksTasty","Slimebound:PressTheAttack"],"picked":"SKIP","floor":3},{"not_picked":["Slimebound:LeechingTouch","Slimebound:DisruptingSlam"],"picked":"Slimebound:Gluttony","floor":5},{"not_picked":["Slimebound:LeechingTouch","Slimebound:BestDefense"],"picked":"Slimebound:SplitMire","floor":9},{"not_picked":["Slimebound:LeechEnergy","Slimebound:GoopSpray"],"picked":"Slimebound:MassRepurpose","floor":10},{"not_picked":["Slimebound:ComboTackle","Slimebound:Schlurp","Slimebound:SamplingLick"],"picked":"SKIP","floor":11}],"player_experience":1757,"relics_obtained":[{"floor":10,"key":"Incense Burner"}],"event_choices":[{"cards_removed":["Slimebound:Strike_Slimebound"],"damage_healed":0,"gold_gain":0,"player_choice":"Card Removal","damage_taken":0,"max_hp_gain":0,"max_hp_loss":0,"event_name":"The Cleric","floor":4,"gold_loss":0},{"damage_healed":0,"gold_gain":0,"player_choice":"Donut","damage_taken":0,"max_hp_gain":5,"max_hp_loss":0,"event_name":"Big Fish","floor":8,"gold_loss":0}],"is_beta":false,"boss_relics":[],"items_purged_floors":[],"is_endless":false,"potions_floor_spawned":[2,9,11],"killed_by":"Gremlin Nob","ascension_level":0}}