{"host":"o9lehcdjc4u6j9un","time":1614414656,"event":{"mods":["Aspiration","BaseMod","Better-Laid Plans","Bossed Relics","Colored Map","Hermit","Marisa£®ÏF”Í°°ƒß¿Ì…≥£©","Minty Spire (QoL Compilation)","Reimu£®≤©¿ˆ¡È√Œ£©","Remilia£®¿Ÿ√◊¿Ú—«£©","StSLib","The Marked","The Runesmith","The Senshi","Youmu£®ªÍ∆«—˝√Œ£©"],"gold_per_floor":[113,126,146,146,46,46,53,73,122,117,111,111,129,123,123,206,206,205,105,87,77,77,77,71,68,68,62,62,62,54,54,54],"floor_reached":31,"language":"ZHS","playtime":2119,"items_purged":["hermit:Strike_Hermit","hermit:Strike_Hermit"],"score":245,"play_id":"a3229bd0-5fc6-4040-b570-c5e3333f689c","local_time":"20210227163056","is_ascension_mode":false,"campfire_choices":[{"data":"hermit:Manifest","floor":6,"key":"SMITH"},{"data":"hermit:Manifest","floor":12,"key":"SMITH"},{"data":"hermit:EyeOfTheStorm","floor":15,"key":"SMITH"},{"floor":23,"key":"REST"},{"floor":29,"key":"REST"}],"circlet_count":0,"master_deck":["hermit:Strike_Hermit","hermit:Strike_Hermit","hermit:Defend_Hermit","hermit:Defend_Hermit","hermit:Defend_Hermit","hermit:Defend_Hermit","hermit:Snapshot","hermit:Covet","hermit:FinalCanter","hermit:ItchyTrigger","hermit:Manifest+1","hermit:Manifest+1","Poor:ReiMu","hermit:Snipe","hermit:Quickdraw","hermit:EyeOfTheStorm+1","hermit:CalledShot","hermit:Spite","hermit:Vantage","hermit:Dissolve","hermit:EyeOfTheStorm","hermit:CalledShot+1","hermit:CalledShot","hermit:Coalescence","hermit:Deadeye","Normality","hermit:Spite"],"relics":["hermit:Momento","YidongShenshe:ReiMu","MealTicket","Lantern","Cursed Key","MutagenicStrength","Matryoshka"],"acts_visited":["Exordium","TheCity"],"potions_floor_usage":[16,16,25,31],"damage_taken":[{"damage":0,"enemies":"2 Louse","floor":1,"turns":2},{"damage":0,"enemies":"Small Slimes","floor":2,"turns":2},{"damage":1,"enemies":"Cultist","floor":3,"turns":4},{"damage":28,"enemies":"Lagavulin","floor":7,"turns":8},{"damage":0,"enemies":"2 Fungi Beasts","floor":8,"turns":2},{"damage":0,"enemies":"Looter","floor":10,"turns":4},{"damage":0,"enemies":"Blue Slaver","floor":11,"turns":3},{"damage":0,"enemies":"Exordium Wildlife","floor":13,"turns":1},{"damage":1,"enemies":"Exordium Thugs","floor":14,"turns":5},{"damage":24,"enemies":"Slime Boss","floor":16,"turns":11},{"damage":2,"enemies":"Shell Parasite","floor":18,"turns":5},{"damage":5,"enemies":"2 Thieves","floor":20,"turns":4},{"damage":34,"enemies":"Snake Plant","floor":21,"turns":7},{"damage":3,"enemies":"Shelled Parasite and Fungi","floor":24,"turns":7},{"damage":5,"enemies":"Cultist and Chosen","floor":25,"turns":4},{"damage":22,"enemies":"Snecko","floor":27,"turns":7},{"damage":25,"enemies":"Centurion and Healer","floor":30,"turns":8},{"damage":30,"enemies":"3 Cultists","floor":31,"turns":5}],"seed_played":"-1822479374959393043","potions_obtained":[{"floor":1,"key":"Fire Potion"},{"floor":7,"key":"SteroidPotion"},{"floor":8,"key":"DistilledChaos"},{"floor":13,"key":"BlessingOfTheForge"},{"floor":20,"key":"LiquidMemories"},{"floor":21,"key":"CultistPotion"},{"floor":30,"key":"SkillPotion"}],"is_trial":false,"path_per_floor":["M","M","M","?","$","R","E","M","T","M","M","R","M","M","R","B",null,"M","$","M","M","?","R","M","M","T","M","?","R","M","M"],"character_chosen":"HERMIT","items_purchased":["hermit:Snipe"],"campfire_rested":2,"item_purchase_floors":[5],"current_hp_per_floor":[75,75,74,74,74,74,46,46,46,46,46,46,46,45,45,21,75,73,75,70,36,36,58,55,50,50,28,28,50,25,0,0],"gold":54,"neow_bonus":"ONE_RANDOM_RARE_CARD","is_daily":false,"chose_seed":false,"campfire_upgraded":3,"win_rate":0.0,"timestamp":1614414656,"path_taken":["M","M","M","?","$","R","E","M","T","M","M","R","M","M","R","BOSS","M","$","M","M","?","R","M","M","T","M","?","R","M","M"],"items_purchased_type":["Card"],"build_version":"2020-12-22","purchased_purges":2,"victory":false,"max_hp_per_floor":[75,75,75,75,75,75,75,75,75,75,75,75,75,75,75,75,75,75,75,75,75,75,75,75,75,75,75,75,75,75,75,75],"card_choices":[{"not_picked":["hermit:Determination","hermit:HighCaliber"],"picked":"hermit:ItchyTrigger","floor":1},{"not_picked":["hermit:Glare","hermit:Snipe"],"picked":"hermit:Manifest","floor":2},{"not_picked":["hermit:ItchyTrigger","hermit:Brawl"],"picked":"hermit:Manifest","floor":3},{"not_picked":["hermit:HighCaliber","hermit:Roulette"],"picked":"hermit:Quickdraw","floor":7},{"not_picked":["hermit:Dive","hermit:TrackingShot"],"picked":"hermit:EyeOfTheStorm","floor":8},{"not_picked":["hermit:Coalescence","hermit:Ricochet"],"picked":"hermit:CalledShot","floor":10},{"not_picked":["hermit:Malice","hermit:Dive"],"picked":"hermit:Spite","floor":11},{"not_picked":["hermit:Roulette","hermit:Desperado"],"picked":"hermit:Vantage","floor":13},{"not_picked":["hermit:Roulette","hermit:LowProfile","hermit:Reprieve"],"picked":"SKIP","floor":14},{"not_picked":["hermit:DeadOrAlive","hermit:FromBeyond"],"picked":"hermit:Dissolve","floor":16},{"not_picked":["hermit:FullyLoaded","hermit:HighCaliber"],"picked":"hermit:EyeOfTheStorm","floor":18},{"not_picked":["hermit:Grudge","hermit:CursedWeapon"],"picked":"hermit:CalledShot","floor":20},{"not_picked":["hermit:Roulette+1","hermit:Coalescence"],"picked":"hermit:CalledShot","floor":21},{"not_picked":["hermit:WideOpen","hermit:HighCaliber+1"],"picked":"hermit:Coalescence","floor":24},{"not_picked":["hermit:CursedWeapon","hermit:Glare"],"picked":"hermit:Deadeye","floor":25},{"not_picked":["hermit:TakeCover+1","hermit:RoundhouseKick"],"picked":"hermit:Spite","floor":27},{"not_picked":["hermit:LowProfile","hermit:Ricochet+1","hermit:HighCaliber+1"],"picked":"SKIP","floor":30}],"player_experience":208440,"relics_obtained":[{"floor":7,"key":"MealTicket"},{"floor":9,"key":"Lantern"},{"floor":26,"key":"Matryoshka"}],"event_choices":[{"damage_healed":0,"gold_gain":0,"player_choice":"¥¯◊ﬂ…Ò…Á","damage_taken":0,"relics_obtained":["YidongShenshe:ReiMu"],"max_hp_gain":0,"max_hp_loss":0,"event_name":"yidonshenshe","floor":4,"gold_loss":0,"cards_obtained":["Poor:ReiMu"]},{"damage_healed":0,"gold_gain":0,"player_choice":"Inject Mutagens","damage_taken":0,"relics_obtained":["MutagenicStrength"],"max_hp_gain":0,"max_hp_loss":0,"event_name":"Drug Dealer","floor":22,"gold_loss":0},{"damage_healed":0,"gold_gain":0,"player_choice":"Upgraded","damage_taken":0,"max_hp_gain":0,"max_hp_loss":0,"event_name":"Upgrade Shrine","floor":28,"gold_loss":0,"cards_upgraded":["hermit:CalledShot"]}],"is_beta":false,"boss_relics":[{"not_picked":["hermit:DentedPlate","aspiration:MarisaSkillbook"],"picked":"Cursed Key"}],"items_purged_floors":[5,19],"is_endless":false,"potions_floor_spawned":[1,7,8,13,20,21,30],"killed_by":"3 Cultists","ascension_level":0}}