{"host":"ly3xxjo8nz2ssae4","time":1614389938,"event":{"mods":["BaseMod","Colored Map","DeckTracker","Highlight Path","Minty Spire (QoL Compilation)","Quick Restart"],"gold_per_floor":[118,137,150,150,162,192,211,225,225,236,268,343,343,374,374,469,469,487,504,86,97,109,109,141,141,168,32,32,48,66,165,165,268,268,279,298,348,365,376,409,409,437,437,470,487,504,504,102,102,102,102,102,102,129,129],"floor_reached":56,"language":"ENG","playtime":17004,"items_purged":["Strike_R","Doubt"],"score":1408,"play_id":"ab3bb4ca-18fc-437a-9dbf-ef15107df868","local_time":"20210226203857","is_ascension_mode":false,"campfire_choices":[{"data":"Armaments","floor":15.0,"key":"SMITH"},{"data":"Evolve","floor":23.0,"key":"SMITH"},{"data":"Shockwave","floor":25.0,"key":"SMITH"},{"data":"Barricade","floor":28.0,"key":"SMITH"},{"data":"Whirlwind","floor":32.0,"key":"SMITH"},{"floor":41.0,"key":"RECALL"},{"data":"Armaments","floor":47.0,"key":"SMITH"},{"data":"Body Slam","floor":49.0,"key":"SMITH"},{"data":"Body Slam","floor":52.0,"key":"SMITH"}],"circlet_count":0,"master_deck":["Strike_R","Strike_R","Defend_R","Defend_R","Defend_R","Defend_R","Bash","Berserk+1","Whirlwind+1","Armaments+1","Ghostly Armor","Clothesline","Headbutt","Armaments","Juggernaut","Ghostly Armor","Armaments+1","Body Slam+1","Reaper","Ghostly Armor","Body Slam","Evolve+1","Body Slam+1","Shrug It Off","Shockwave+1","Barricade+1","Iron Wave+1","Body Slam+1","Iron Wave","True Grit+1","Disarm","Battle Trance+1"],"relics":["Burning Blood","Pocketwatch","PreservedInsect","Dream Catcher","Mark of Pain","HornCleat","Incense Burner","Pen Nib","Cursed Key","Champion Belt","Sundial","Paper Frog","Bag of Marbles","CaptainsWheel","Lizard Tail","Toy Ornithopter"],"acts_visited":["Exordium","TheCity","TheBeyond","TheEnding"],"potions_floor_usage":[55,55,55],"damage_taken":[{"damage":0.0,"enemies":"2 Louse","floor":1.0,"turns":3.0},{"damage":8.0,"enemies":"Cultist","floor":2.0,"turns":5.0},{"damage":4.0,"enemies":"Small Slimes","floor":3.0,"turns":4.0},{"damage":5.0,"enemies":"Exordium Thugs","floor":5.0,"turns":4.0},{"damage":23.0,"enemies":"3 Sentries","floor":6.0,"turns":10.0},{"damage":2.0,"enemies":"3 Louse","floor":7.0,"turns":5.0},{"damage":0.0,"enemies":"Blue Slaver","floor":8.0,"turns":5.0},{"damage":0.0,"enemies":"2 Fungi Beasts","floor":10.0,"turns":3.0},{"damage":15.0,"enemies":"Gremlin Nob","floor":11.0,"turns":4.0},{"damage":0.0,"enemies":"3 Sentries","floor":14.0,"turns":4.0},{"damage":18.0,"enemies":"Hexaghost","floor":16.0,"turns":10.0},{"damage":13.0,"enemies":"3 Byrds","floor":18.0,"turns":7.0},{"damage":15.0,"enemies":"Spheric Guardian","floor":19.0,"turns":6.0},{"damage":0.0,"enemies":"Snecko","floor":21.0,"turns":4.0},{"damage":2.0,"enemies":"Centurion and Healer","floor":22.0,"turns":7.0},{"damage":0.0,"enemies":"Gremlin Leader","floor":24.0,"turns":4.0},{"damage":6.0,"enemies":"Snake Plant","floor":29.0,"turns":3.0},{"damage":5.0,"enemies":"3 Cultists","floor":30.0,"turns":5.0},{"damage":7.0,"enemies":"Champ","floor":33.0,"turns":9.0},{"damage":7.0,"enemies":"Orb Walker","floor":35.0,"turns":4.0},{"damage":0.0,"enemies":"3 Shapes","floor":36.0,"turns":3.0},{"damage":3.0,"enemies":"Mind Bloom Boss Battle","floor":37.0,"turns":5.0},{"damage":0.0,"enemies":"Maw","floor":38.0,"turns":8.0},{"damage":9.0,"enemies":"4 Shapes","floor":39.0,"turns":4.0},{"damage":8.0,"enemies":"Reptomancer","floor":40.0,"turns":6.0},{"damage":0.0,"enemies":"Giant Head","floor":42.0,"turns":7.0},{"damage":0.0,"enemies":"Nemesis","floor":44.0,"turns":3.0},{"damage":11.0,"enemies":"Sphere and 2 Shapes","floor":45.0,"turns":6.0},{"damage":0.0,"enemies":"Jaw Worm Horde","floor":46.0,"turns":5.0},{"damage":5.0,"enemies":"Awakened One","floor":50.0,"turns":9.0},{"damage":0,"enemies":"Shield and Spear","floor":54,"turns":6},{"damage":21,"enemies":"The Heart","floor":55,"turns":9}],"seed_played":"-2819659549318758423","potions_obtained":[{"floor":1.0,"key":"PowerPotion"},{"floor":3.0,"key":"Fruit Juice"},{"floor":6.0,"key":"BlessingOfTheForge"},{"floor":7.0,"key":"Fire Potion"},{"floor":8.0,"key":"Strength Potion"},{"floor":11.0,"key":"GamblersBrew"},{"floor":22.0,"key":"DuplicationPotion"},{"floor":29.0,"key":"DuplicationPotion"},{"floor":30.0,"key":"AttackPotion"},{"floor":36.0,"key":"Dexterity Potion"},{"floor":46.0,"key":"BlessingOfTheForge"}],"is_trial":false,"path_per_floor":["M","M","M","?","M","E","M","M","T","M","E","?","?","E","R","B",null,"M","M","$","M","M","R","E","R","T","$","R","M","M","?","R","B",null,"M","M","?","M","M","E","R","E","T","E","M","M","R","$","R","B",null,"R","$","E","B",null],"character_chosen":"IRONCLAD","items_purchased":["Body Slam","HornCleat","Evolve","Barricade","Lizard Tail"],"campfire_rested":0,"item_purchase_floors":[20,20,20,27,48],"current_hp_per_floor":[80,78,80,80,80,63,72,78,78,84,75,64,64,70,70,58,85,82,73,73,79,85,85,85,85,85,85,85,85,85,85,85,84,85,85,85,85,85,82,80,80,85,85,85,80,85,85,85,85,85,85,85,85,85,78],"gold":129,"neow_bonus":"TRANSFORM_CARD","is_daily":false,"chose_seed":false,"campfire_upgraded":8,"win_rate":0.0,"timestamp":1614389937,"path_taken":["M","M","M","?","M","E","M","M","T","?","E","?","?","E","R","BOSS","M","M","$","M","M","R","E","R","T","$","R","M","M","?","R","BOSS","M","M","?","M","M","E","R","E","T","E","M","M","R","$","R","BOSS","R","$","E","BOSS"],"items_purchased_type":["Card","Relic","Card","Card","Relic"],"build_version":"2020-12-22","purchased_purges":2,"victory":true,"max_hp_per_floor":[80,80,80,80,80,80,85,85,85,85,85,85,85,85,85,85,85,85,85,85,85,85,85,85,85,85,85,85,85,85,85,85,85,85,85,85,85,85,85,85,85,85,85,85,85,85,85,85,85,85,85,85,85,85,85],"card_choices":[{"not_picked":["Dark Embrace","Spot Weakness"],"picked":"Whirlwind","floor":1.0},{"not_picked":["Twin Strike","Searing Blow"],"picked":"Armaments","floor":2.0},{"not_picked":["Searing Blow","Cleave"],"picked":"Ghostly Armor","floor":3.0},{"not_picked":["Flex","Heavy Blade"],"picked":"Clothesline","floor":5.0},{"not_picked":["Twin Strike","Heavy Blade"],"picked":"Headbutt","floor":6.0},{"not_picked":["Burning Pact","Anger"],"picked":"Armaments","floor":7.0},{"not_picked":["Dual Wield","Blood for Blood"],"picked":"Juggernaut","floor":8.0},{"not_picked":["Anger","Wild Strike"],"picked":"Ghostly Armor","floor":10.0},{"not_picked":["Perfected Strike","Wild Strike","Thunderclap"],"picked":"SKIP","floor":11.0},{"not_picked":["Perfected Strike","Searing Blow"],"picked":"Body Slam","floor":14.0},{"not_picked":["Offering","Brutality"],"picked":"Reaper","floor":16.0},{"not_picked":["Clothesline","Thunderclap"],"picked":"Ghostly Armor","floor":18.0},{"not_picked":["Cleave","Perfected Strike","Twin Strike"],"picked":"SKIP","floor":19.0},{"not_picked":["Pommel Strike","Wild Strike+1"],"picked":"Body Slam","floor":21.0},{"not_picked":["True Grit","Heavy Blade"],"picked":"Shrug It Off","floor":22.0},{"not_picked":["Shrug It Off","Searing Blow"],"picked":"Shockwave","floor":24.0},{"not_picked":["Feel No Pain","Seeing Red","Shockwave"],"picked":"SKIP","floor":29.0},{"not_picked":["Brutality","Warcry"],"picked":"Iron Wave+1","floor":30.0},{"not_picked":["Warcry","Bloodletting+1"],"picked":"Body Slam+1","floor":35.0},{"not_picked":["Warcry+1","Sword Boomerang"],"picked":"Iron Wave","floor":36.0},{"not_picked":["Spot Weakness","Perfected Strike+1"],"picked":"True Grit+1","floor":37.0},{"not_picked":["Flex","Rage"],"picked":"Disarm","floor":38.0},{"not_picked":["Sword Boomerang","Burning Pact","Clothesline+1"],"picked":"SKIP","floor":39.0},{"not_picked":["Armaments","Thunderclap","True Grit"],"picked":"SKIP","floor":40.0},{"not_picked":["Flex+1","Sword Boomerang","Seeing Red"],"picked":"SKIP","floor":42.0},{"not_picked":["Twin Strike","Reckless Charge+1","Pommel Strike"],"picked":"SKIP","floor":44.0},{"not_picked":["Armaments","Juggernaut","Body Slam+1"],"picked":"SKIP","floor":45.0},{"not_picked":["Rupture+1","Uppercut+1"],"picked":"Battle Trance+1","floor":46.0},{"not_picked":["Clash+1","Wild Strike","Corruption"],"picked":"SKIP","floor":54}],"player_experience":303109,"relics_obtained":[{"floor":6.0,"key":"Pocketwatch"},{"floor":11.0,"key":"PreservedInsect"},{"floor":14.0,"key":"Dream Catcher"},{"floor":24.0,"key":"Incense Burner"},{"floor":26.0,"key":"Pen Nib"},{"floor":37.0,"key":"Champion Belt"},{"floor":40.0,"key":"Sundial"},{"floor":42.0,"key":"Paper Frog"},{"floor":43.0,"key":"Bag of Marbles"},{"floor":44.0,"key":"CaptainsWheel"},{"floor":54,"key":"Toy Ornithopter"}],"event_choices":[{"damage_healed":0.0,"max_hp_gain":0.0,"max_hp_loss":0.0,"gold_gain":0.0,"event_name":"Upgrade Shrine","player_choice":"Upgraded","floor":4.0,"gold_loss":0.0,"damage_taken":0.0,"cards_upgraded":["Berserk"]},{"damage_healed":0.0,"max_hp_gain":0.0,"max_hp_loss":0.0,"gold_gain":75.0,"event_name":"World of Goop","player_choice":"Gather Gold","floor":12.0,"gold_loss":0.0,"damage_taken":11.0},{"damage_healed":0.0,"max_hp_gain":0.0,"max_hp_loss":0.0,"gold_gain":0.0,"cards_transformed":["Strike_R"],"event_name":"Transmorgrifier","player_choice":"Transformed","floor":13.0,"gold_loss":0.0,"damage_taken":0.0,"cards_obtained":["Armaments"]},{"damage_healed":0.0,"max_hp_gain":0.0,"max_hp_loss":0.0,"gold_gain":99.0,"event_name":"Nest","player_choice":"Stole From Cult","floor":31.0,"gold_loss":0.0,"damage_taken":0.0},{"damage_healed":0.0,"max_hp_gain":0.0,"max_hp_loss":0.0,"gold_gain":0.0,"event_name":"MindBloom","player_choice":"Fight","floor":37.0,"gold_loss":0.0,"damage_taken":0.0}],"is_beta":false,"boss_relics":[{"not_picked":["Black Blood","Calling Bell"],"picked":"Mark of Pain"},{"not_picked":["SlaversCollar","Sozu"],"picked":"Cursed Key"}],"items_purged_floors":[20,48],"is_endless":false,"potions_floor_spawned":[1,3,6,7,8,11,22,29,30,36,37,40,46],"ascension_level":0}}