{"host":"85hbogzbhbjx716d","time":1614397576,"event":{"mods":["BaseMod","Bestiary","Better Match","Better Note","Colored Map","Colored Powertips","Curses Come First","Minty Spire (QoL Compilation)","Permanent Neow","Shop Mod","StSLib","SuperFastMode"],"gold_per_floor":[142,242,260,277,290,290,315,315,366,44,63,63,76,76,76,201,201,219,219,268,287,300,300,319,259,259,294,294,307,307,345,345,445,445,455,31,31,51,51,51],"floor_reached":39,"language":"ENG","playtime":1671,"items_purged":["Pain"],"score":435,"play_id":"fc4d708f-5e30-460c-a1cd-59eeb1dca4a7","local_time":"20210226224616","is_ascension_mode":false,"campfire_choices":[{"floor":6,"key":"REST"},{"floor":8,"key":"REST"},{"floor":15,"key":"REST"},{"floor":23,"key":"REST"},{"floor":28,"key":"REST"},{"floor":30,"key":"REST"},{"floor":32,"key":"REST"}],"circlet_count":0,"master_deck":["Eruption","Vigilance","SandsOfTime","CarveReality","SignatureMove","DevaForm","Wish","Ragnarok","MentalFortress","FlurryOfBlows","BattleHymn","CutThroughFate","ClearTheMind","EmptyFist","FollowUp","FollowUp","Alpha","FearNoEvil","WaveOfTheHand","Perseverance+1","EmptyBody","FlurryOfBlows","JustLucky+1","LessonLearned","Halt+1"],"relics":["Pandora\u0027s Box","Kunai","Tiny Chest","Orichalcum","HandDrill","Bag of Preparation","Cursed Key","The Courier","Sozu","FossilizedHelix","Melange"],"acts_visited":["Exordium","TheCity","TheBeyond"],"potions_floor_usage":[21,27,29,38],"damage_taken":[{"damage":17,"enemies":"Jaw Worm","floor":1,"turns":4},{"damage":0,"enemies":"Cultist","floor":3,"turns":3},{"damage":3,"enemies":"Small Slimes","floor":4,"turns":2},{"damage":19,"enemies":"Exordium Thugs","floor":5,"turns":4},{"damage":46,"enemies":"3 Sentries","floor":7,"turns":6},{"damage":7,"enemies":"3 Louse","floor":11,"turns":2},{"damage":0,"enemies":"Looter","floor":13,"turns":2},{"damage":0,"enemies":"Slime Boss","floor":16,"turns":5},{"damage":7,"enemies":"3 Byrds","floor":18,"turns":4},{"damage":0,"enemies":"Chosen","floor":21,"turns":4},{"damage":32,"enemies":"Shelled Parasite and Fungi","floor":22,"turns":4},{"damage":13,"enemies":"Snake Plant","floor":24,"turns":3},{"damage":16,"enemies":"Centurion and Healer","floor":27,"turns":5},{"damage":2,"enemies":"Snecko","floor":29,"turns":2},{"damage":27,"enemies":"Chosen and Byrds","floor":31,"turns":6},{"damage":56,"enemies":"Collector","floor":33,"turns":7},{"damage":6,"enemies":"Orb Walker","floor":35,"turns":3},{"damage":34,"enemies":"3 Darklings","floor":38,"turns":6},{"damage":0,"enemies":"Spire Growth","floor":39,"turns":2}],"seed_played":"2802753300016246807","potions_obtained":[{"floor":3,"key":"Block Potion"},{"floor":7,"key":"PowerPotion"},{"floor":11,"key":"GamblersBrew"},{"floor":13,"key":"SpeedPotion"},{"floor":27,"key":"Fruit Juice"},{"floor":29,"key":"StancePotion"},{"floor":31,"key":"FearPotion"}],"is_trial":false,"path_per_floor":["M","?","M","M","M","R","E","R","T","$","M","$","M","?","R","B",null,"M","?","T","M","M","R","M","?","T","M","R","M","R","M","R","B",null,"M","$","?","M","M"],"character_chosen":"WATCHER","items_purchased":["Orichalcum","FollowUp","HandDrill","FossilizedHelix","Melange"],"campfire_rested":7,"item_purchase_floors":[10,10,10,36,36],"current_hp_per_floor":[55,55,55,52,33,54,8,29,29,29,22,22,22,19,40,40,72,65,65,65,65,33,54,41,41,41,30,53,51,74,47,70,14,77,71,71,71,37,37,37],"gold":51,"neow_bonus":"BOSS_RELIC","is_daily":false,"chose_seed":false,"campfire_upgraded":0,"win_rate":0.0,"timestamp":1614397576,"path_taken":["M","?","?","?","M","R","E","R","T","?","M","$","M","?","R","BOSS","M","?","?","M","?","R","M","?","T","M","R","M","R","M","R","BOSS","M","$","?","M","M"],"items_purchased_type":["Relic","Card","Relic","Relic","Relic"],"build_version":"2020-12-22","purchased_purges":1,"victory":false,"max_hp_per_floor":[72,72,72,72,72,72,72,72,72,72,72,72,72,72,72,72,72,72,72,72,72,72,72,72,72,72,77,77,77,77,77,77,77,77,77,77,77,77,77,77],"card_choices":[{"not_picked":["LikeWater","SashWhip"],"picked":"FlurryOfBlows","floor":1},{"not_picked":["Protect","SandsOfTime"],"picked":"BattleHymn","floor":3},{"not_picked":["Evaluate","TalkToTheHand"],"picked":"CutThroughFate","floor":4},{"not_picked":["SashWhip","Swivel"],"picked":"ClearTheMind","floor":5},{"not_picked":["Judgement","PathToVictory"],"picked":"EmptyFist","floor":7},{"not_picked":["JustLucky","Evaluate"],"picked":"FollowUp","floor":11},{"not_picked":["EmptyMind","Worship"],"picked":"TalkToTheHand","floor":13},{"not_picked":["DeusExMachina","Scrawl"],"picked":"Alpha","floor":16},{"not_picked":["LikeWater","Protect"],"picked":"FearNoEvil","floor":18},{"not_picked":["ThirdEye","Pray+1"],"picked":"Perseverance+1","floor":21},{"not_picked":["JustLucky","ThirdEye","Weave+1"],"picked":"SKIP","floor":22},{"not_picked":["PathToVictory","Nirvana+1"],"picked":"EmptyBody","floor":24},{"not_picked":["ThirdEye","Prostrate"],"picked":"FlurryOfBlows","floor":27},{"not_picked":["Collect","ThirdEye"],"picked":"JustLucky+1","floor":29},{"not_picked":["ClearTheMind","EmptyMind","Pray+1"],"picked":"SKIP","floor":31},{"not_picked":["Brilliance","Alpha"],"picked":"LessonLearned","floor":33},{"not_picked":["WaveOfTheHand+1","Prostrate+1"],"picked":"Halt+1","floor":35},{"not_picked":["BowlingBash+1","Weave","FlurryOfBlows+1"],"picked":"SKIP","floor":38}],"player_experience":285479,"relics_obtained":[{"floor":7,"key":"Kunai"},{"floor":9,"key":"Tiny Chest"},{"floor":26,"key":"The Courier"}],"event_choices":[{"damage_healed":0,"gold_gain":100,"player_choice":"Pray","damage_taken":0,"max_hp_gain":0,"max_hp_loss":0,"event_name":"Golden Shrine","floor":2,"gold_loss":0},{"damage_healed":0,"gold_gain":0,"player_choice":"Success","damage_taken":3,"relics_obtained":["Bag of Preparation"],"max_hp_gain":0,"max_hp_loss":0,"event_name":"Scrap Ooze","floor":14,"gold_loss":0},{"damage_healed":0,"gold_gain":0,"cards_transformed":["Ragnarok"],"player_choice":"Transformed","damage_taken":0,"max_hp_gain":0,"max_hp_loss":0,"event_name":"Transmorgrifier","floor":19,"gold_loss":0,"cards_obtained":["WaveOfTheHand"]},{"cards_removed":["Shame"],"damage_healed":0,"gold_gain":0,"player_choice":"Single Remove","damage_taken":0,"max_hp_gain":0,"max_hp_loss":0,"event_name":"Designer","floor":25,"gold_loss":60},{"cards_removed":["TalkToTheHand"],"damage_healed":0,"gold_gain":0,"player_choice":"Removed Attack","damage_taken":0,"max_hp_gain":0,"max_hp_loss":0,"event_name":"Falling","floor":37,"gold_loss":0}],"is_beta":false,"boss_relics":[{"not_picked":["Velvet Choker","Philosopher\u0027s Stone"],"picked":"Cursed Key"},{"not_picked":["Runic Pyramid","Busted Crown"],"picked":"Sozu"}],"items_purged_floors":[36],"is_endless":false,"potions_floor_spawned":[3,7,11,13,16,27,29,31,33,38],"killed_by":"Spire Growth","ascension_level":0}}