{"host":"i09pxcjttd31eh4q","time":1614410485,"event":{"mods":["AchievementEnabler","BaseMod","Colored Map","Keyboard Shortcuts","Minty Spire (QoL Compilation)","StSLib","SuperFastMode"],"gold_per_floor":[119,131,131,144,168,168,11,11,11,21,21,38,56,56,56,133,133,151,151,46,65,65,65,65],"floor_reached":23,"language":"KOR","playtime":520,"items_purged":["Decay"],"score":362,"play_id":"10ade5aa-2f9b-4904-a576-ceca56920f40","local_time":"20210227162125","is_ascension_mode":true,"campfire_choices":[{"data":"All Out Attack","floor":6.0,"key":"SMITH"},{"data":"Prepared","floor":8.0,"key":"SMITH"},{"data":"Well Laid Plans","floor":15.0,"key":"SMITH"}],"circlet_count":0,"master_deck":["AscendersBane","Strike_G","Strike_G","Strike_G","Defend_G","Defend_G","Defend_G","Defend_G","Defend_G","Survivor","Neutralize","Prepared+1","All Out Attack+1","Backflip","Grand Finale","Dagger Throw","Well Laid Plans+1","Wraith Form v2","Acrobatics","Backflip"],"relics":["Ring of the Snake","Potion Belt","Eternal Feather","SlaversCollar"],"acts_visited":["Exordium","TheCity"],"potions_floor_usage":[21,23],"damage_taken":[{"damage":0.0,"enemies":"Small Slimes","floor":1.0,"turns":5.0},{"damage":25.0,"enemies":"Jaw Worm","floor":2.0,"turns":9.0},{"damage":0.0,"enemies":"2 Louse","floor":4.0,"turns":3.0},{"damage":2.0,"enemies":"Exordium Wildlife","floor":10.0,"turns":4.0},{"damage":0.0,"enemies":"Blue Slaver","floor":12.0,"turns":2.0},{"damage":9.0,"enemies":"Exordium Thugs","floor":13.0,"turns":4.0},{"damage":20.0,"enemies":"Hexaghost","floor":16.0,"turns":9.0},{"damage":37,"enemies":"Shell Parasite","floor":18,"turns":8},{"damage":4,"enemies":"2 Thieves","floor":21,"turns":3},{"damage":9,"enemies":"Cultist and Chosen","floor":23,"turns":5}],"seed_played":"-3970654842927657447","potions_obtained":[{"floor":2.0,"key":"LiquidMemories"},{"floor":10.0,"key":"GamblersBrew"},{"floor":12.0,"key":"LiquidMemories"},{"floor":18,"key":"SpeedPotion"}],"is_trial":false,"path_per_floor":["M","M","?","M","T","R","$","R","T","M","$","M","M","?","R","B",null,"M","?","$","M","?","M"],"character_chosen":"THE_SILENT","items_purchased":["Grand Finale","Backflip"],"campfire_rested":0,"item_purchase_floors":[7,20],"current_hp_per_floor":[59,34,34,34,34,34,34,34,34,32,32,32,23,16,25,5,51,14,14,14,10,10,1,1],"gold":65,"neow_bonus":"RANDOM_COMMON_RELIC","is_daily":false,"chose_seed":false,"campfire_upgraded":3,"win_rate":0.0,"timestamp":1614410485,"path_taken":["M","M","?","M","?","R","$","R","T","M","$","M","M","?","R","BOSS","M","?","$","M","?","M"],"items_purchased_type":["Card","Card"],"build_version":"2020-12-22","purchased_purges":1,"victory":false,"max_hp_per_floor":[66,66,66,66,66,66,66,66,66,66,66,66,66,66,66,66,66,66,66,66,66,66,66,66],"card_choices":[{"not_picked":["Backflip","Flechettes"],"picked":"Prepared","floor":1.0},{"not_picked":["Underhanded Strike","Backflip"],"picked":"All Out Attack","floor":2.0},{"not_picked":["Dodge and Roll","Sucker Punch"],"picked":"Backflip","floor":4.0},{"not_picked":["Caltrops","Dagger Spray","Outmaneuver"],"picked":"SKIP","floor":10.0},{"not_picked":["Outmaneuver","Quick Slash"],"picked":"Dagger Throw","floor":12.0},{"not_picked":["Dash","PiercingWail"],"picked":"Well Laid Plans","floor":13.0},{"not_picked":["A Thousand Cuts","Envenom"],"picked":"Wraith Form v2","floor":16.0},{"not_picked":["Bouncing Flask","Dagger Spray"],"picked":"Acrobatics","floor":18},{"not_picked":["Backflip","Blade Dance","Quick Slash+1"],"picked":"SKIP","floor":21}],"player_experience":939071,"relics_obtained":[{"floor":9.0,"key":"Eternal Feather"}],"event_choices":[{"cards_removed":["Strike_G"],"damage_healed":0.0,"max_hp_gain":0.0,"max_hp_loss":0.0,"gold_gain":0.0,"event_name":"Living Wall","player_choice":"Forget","floor":3.0,"gold_loss":0.0,"damage_taken":0.0},{"cards_removed":["Strike_G"],"damage_healed":0.0,"max_hp_gain":0.0,"max_hp_loss":0.0,"gold_gain":0.0,"event_name":"Golden Wing","player_choice":"Card Removal","floor":14.0,"gold_loss":0.0,"damage_taken":7.0},{"damage_healed":0,"gold_gain":0,"player_choice":"Smashed Altar","damage_taken":0,"max_hp_gain":0,"max_hp_loss":0,"event_name":"Forgotten Altar","floor":19,"gold_loss":0,"cards_obtained":["Decay"]},{"damage_healed":0,"gold_gain":0,"player_choice":"Ignored","damage_taken":0,"max_hp_gain":0,"max_hp_loss":0,"event_name":"Vampires","floor":22,"gold_loss":0}],"is_beta":false,"boss_relics":[{"not_picked":["Astrolabe","Ring of the Serpent"],"picked":"SlaversCollar"}],"items_purged_floors":[20],"is_endless":false,"potions_floor_spawned":[2,10,12,18],"killed_by":"Cultist and Chosen","ascension_level":20}}