{"host":"gk5m6v7zec9neb0j","time":1614395122,"event":{"mods":["AchievementEnabler","AlwaysNeverKeys","BaseMod","BetterRewards","Block Reminder","Minty Spire (QoL Compilation)","RNG Fix","Rare Cards Sparkle","Relic Stats","StSLib"],"gold_per_floor":[110,123,69,82,7,7,82,82,82,82,93,9,27,57,57,156,156,136,36,36,47,73,73,73,73,73,0,17,17,17,37,37,134,184,194,211,223,98,153,153,153,153,153,153,172,182,113,163,163,163,163,163,13,45,45,45],"floor_reached":55,"language":"ENG","playtime":1657,"items_purged":["Strike_R","Strike_R","Strike_R","Strike_R"],"score":863,"play_id":"ebc3d589-2380-4261-baa2-da15cb845aa1","local_time":"20210226220522","is_ascension_mode":false,"campfire_choices":[{"data":"Barricade","floor":6.0,"key":"SMITH"},{"data":"Bash","floor":8.0,"key":"SMITH"},{"floor":10.0,"key":"REST"},{"data":"True Grit","floor":15.0,"key":"SMITH"},{"data":"Armaments","floor":23.0,"key":"SMITH"},{"data":"Rampage","floor":25.0,"key":"SMITH"},{"data":"Seeing Red","floor":30.0,"key":"SMITH"},{"data":"Finesse","floor":32.0,"key":"SMITH"},{"data":"Shrug It Off","floor":40,"key":"SMITH"},{"data":"Defend_R","floor":42,"key":"SMITH"},{"data":"Defend_R","floor":44,"key":"SMITH"},{"data":"Feel No Pain","floor":49,"key":"SMITH"},{"data":"Headbutt","floor":52,"key":"SMITH"}],"circlet_count":0,"master_deck":["Strike_R","Defend_R+1","Defend_R","Defend_R+1","Defend_R+1","Bash+1","Barricade+1","Seeing Red+1","Rampage+1","Armaments+1","Shrug It Off+1","Finesse+1","Headbutt+1","True Grit+1","Body Slam+1","Bloodletting+1","Body Slam+1","Feel No Pain+1","Entrench"],"relics":["Burning Blood","Orrery","WingedGreaves","HornCleat","Runic Pyramid","Orichalcum","InkBottle","Tiny House","Thread and Needle","Gremlin Horn","Prayer Wheel","Bag of Preparation"],"acts_visited":["Exordium","TheCity","TheBeyond","TheEnding"],"potions_floor_usage":[55],"damage_taken":[{"damage":15.0,"enemies":"Jaw Worm","floor":1.0,"turns":5.0},{"damage":3.0,"enemies":"Small Slimes","floor":2.0,"turns":3.0},{"damage":7.0,"enemies":"2 Louse","floor":4.0,"turns":3.0},{"damage":0.0,"enemies":"Looter","floor":11.0,"turns":3.0},{"damage":13.0,"enemies":"Red Slaver","floor":13.0,"turns":4.0},{"damage":23.0,"enemies":"3 Sentries","floor":14.0,"turns":9.0},{"damage":3.0,"enemies":"The Guardian","floor":16.0,"turns":14.0},{"damage":7.0,"enemies":"2 Thieves","floor":18.0,"turns":4.0},{"damage":4.0,"enemies":"Shell Parasite","floor":21.0,"turns":7.0},{"damage":0.0,"enemies":"Snake Plant","floor":28.0,"turns":6.0},{"damage":1.0,"enemies":"3 Cultists","floor":31.0,"turns":6.0},{"damage":8.0,"enemies":"Automaton","floor":33.0,"turns":11.0},{"damage":5,"enemies":"Orb Walker","floor":35,"turns":4},{"damage":3,"enemies":"3 Shapes","floor":36,"turns":7},{"damage":3,"enemies":"Maw","floor":37,"turns":6},{"damage":38,"enemies":"2 Orb Walkers","floor":39,"turns":7},{"damage":6,"enemies":"4 Shapes","floor":45,"turns":4},{"damage":0,"enemies":"Jaw Worm Horde","floor":46,"turns":6},{"damage":0,"enemies":"Mind Bloom Boss Battle","floor":48,"turns":5},{"damage":0,"enemies":"Donu and Deca","floor":50,"turns":10},{"damage":46,"enemies":"Shield and Spear","floor":54,"turns":9},{"damage":50,"enemies":"The Heart","floor":55,"turns":3}],"seed_played":"5646280273567736858","potions_obtained":[{"floor":31.0,"key":"BlessingOfTheForge"},{"floor":34,"key":"ElixirPotion"}],"is_trial":false,"path_per_floor":["M","M","$","M","$","R","?","R","T","R","M","$","M","E","R","B",null,"M","$","?","M","T","R","?","R","T","?","M","$","R","M","R","B",null,"M","M","M","$","?","R","$","R","T","R","M","M","$","?","R","B",null,"R","$","E","B"],"character_chosen":"IRONCLAD","items_purchased":["Orrery","Barricade","Seeing Red","Shrug It Off","Finesse","Feel No Pain"],"campfire_rested":1,"item_purchase_floors":[0,0,0,3,12,47],"current_hp_per_floor":[42,45,45,44,44,44,33,33,33,57,63,63,56,39,39,42,80,79,79,64,66,66,66,66,66,66,66,72,72,72,77,77,75,90,90,90,90,90,58,58,58,58,58,58,58,64,64,70,70,76,90,90,90,50,0,0],"gold":45,"neow_bonus":"","is_daily":false,"chose_seed":false,"campfire_upgraded":12,"win_rate":0.0,"timestamp":1614395122,"path_taken":["M","?","$","M","$","R","?","R","T","R","M","$","M","E","R","BOSS","M","$","?","M","?","R","?","R","T","?","?","$","R","M","R","BOSS","M","M","?","$","?","R","?","R","T","R","M","M","$","?","R","BOSS","R","$","E","BOSS"],"items_purchased_type":["Relic","Card","Card","Card","Card","Card"],"build_version":"2020-12-22","purchased_purges":4,"victory":false,"max_hp_per_floor":[80,80,80,80,80,80,80,80,80,80,80,80,80,80,80,80,80,80,80,85,85,85,85,85,85,85,85,85,85,85,85,85,85,90,90,90,90,90,90,90,90,90,90,90,90,90,90,90,90,90,90,90,90,90,90,90],"relic_stats":{"Gremlin Horn":[7,7],"counters":[349,2017],"Prayer Wheel":0,"Bag of Preparation":[2],"Orichalcum":[18],"obtain_stats":[{"Whetstone":43,"Bottled Tornado":31,"Boot":43,"Old Coin":7,"Blood Vial":20,"Sundial":11,"MealTicket":9,"Kunai":10,"Runic Cube":34,"Pear":26,"Blue Candle":0,"Velvet Choker":17,"Eternal Feather":26,"Pen Nib":9,"Akabeko":19,"Runic Dome":17,"Bird Faced Urn":41,"MutagenicStrength":29,"CultistMask":27,"StrikeDummy":54,"Unceasing Top":48,"Regal Pillow":41,"Lantern":26,"Singing Bowl":0,"Torii":2,"Magic Flower":0,"StoneCalendar":22,"Bag of Preparation":54,"Ancient Tea Set":43,"Smiling Mask":26,"Cursed Key":34,"Burning Blood":0,"Shovel":0,"Matryoshka":23,"Toolbox":47,"WingedGreaves":0,"Chemical X":4,"InkBottle":7,"Paper Frog":0,"Potion Belt":14,"Golden Idol":7,"Self Forming Clay":0,"Thread and Needle":27,"PreservedInsect":28,"Frozen Egg 2":0,"MawBank":13,"Busted Crown":17,"Ornamental Fan":17,"Orrery":0,"Turnip":14,"Champion Belt":0,"Bottled Lightning":26,"Toy Ornithopter":30,"Calipers":24,"Tiny House":34,"Gremlin Horn":13,"Nilry\u0027s Codex":29,"CeramicFish":6,"Vajra":0,"Sozu":34,"Lizard Tail":0,"Centennial Puzzle":4,"HornCleat":14,"DollysMirror":0,"Strawberry":44,"Prayer Wheel":0,"Toxic Egg 2":43,"Happy Flower":0,"Oddly Smooth Stone":0,"Charon\u0027s Ashes":28,"Letter Opener":20,"War Paint":6,"Question Card":26,"OrangePellets":12,"Shuriken":0,"Bronze Scales":9,"Molten Egg 2":27,"Black Star":17,"Pocketwatch":17,"Meat on the Bone":13,"Darkstone Periapt":26,"SacredBark":34,"Black Blood":17,"Juzu Bracelet":25,"PrismaticShard":19,"Empty Cage":34,"ClockworkSouvenir":0,"Dream Catcher":17,"Nunchaku":23,"Mummified Hand":0,"Pantograph":9,"Tiny Chest":24,"Red Mask":47,"Red Skull":12,"Runic Pyramid":34,"Odd Mushroom":8,"Orichalcum":6,"Medical Kit":0,"White Beast Statue":22,"Mercury Hourglass":26,"Calling Bell":17,"Peace Pipe":7,"Anchor":31,"Bag of Marbles":12,"Membership Card":0,"FossilizedHelix":0,"TungstenRod":23},{"Whetstone":20,"Bottled Tornado":15,"Boot":228,"Old Coin":303,"Blood Vial":145,"Sundial":45,"MealTicket":3,"Kunai":45,"Runic Cube":121,"Pear":267,"Blue Candle":260,"Velvet Choker":143,"Eternal Feather":179,"Pen Nib":139,"Akabeko":265,"Runic Dome":242,"Bird Faced Urn":202,"MutagenicStrength":247,"CultistMask":65,"StrikeDummy":206,"Unceasing Top":278,"Regal Pillow":73,"Lantern":294,"Singing Bowl":0,"Torii":235,"Magic Flower":77,"StoneCalendar":50,"Bag of Preparation":104,"Ancient Tea Set":125,"Smiling Mask":294,"Cursed Key":317,"Burning Blood":0,"Shovel":0,"Matryoshka":178,"Toolbox":126,"WingedGreaves":260,"Chemical X":153,"InkBottle":184,"Paper Frog":0,"Potion Belt":142,"Golden Idol":134,"Self Forming Clay":207,"Thread and Needle":295,"PreservedInsect":195,"Frozen Egg 2":0,"MawBank":111,"Busted Crown":86,"Ornamental Fan":31,"Orrery":129,"Turnip":60,"Champion Belt":0,"Bottled Lightning":35,"Toy Ornithopter":92,"Calipers":64,"Tiny House":339,"Gremlin Horn":84,"Nilry\u0027s Codex":296,"CeramicFish":155,"Vajra":0,"Sozu":249,"Lizard Tail":135,"Centennial Puzzle":137,"HornCleat":333,"DollysMirror":77,"Strawberry":74,"Prayer Wheel":39,"Toxic Egg 2":74,"Happy Flower":77,"Oddly Smooth Stone":0,"Charon\u0027s Ashes":220,"Letter Opener":243,"War Paint":57,"Question Card":116,"OrangePellets":111,"Shuriken":128,"Bronze Scales":156,"Molten Egg 2":179,"Black Star":47,"Pocketwatch":31,"Meat on the Bone":171,"Darkstone Periapt":65,"SacredBark":93,"Black Blood":7,"Juzu Bracelet":35,"PrismaticShard":32,"Empty Cage":69,"ClockworkSouvenir":0,"Dream Catcher":31,"Nunchaku":90,"Mummified Hand":105,"Pantograph":28,"Tiny Chest":90,"Red Mask":101,"Red Skull":306,"Runic Pyramid":198,"Odd Mushroom":45,"Orichalcum":82,"Medical Kit":165,"White Beast Statue":63,"Mercury Hourglass":13,"Calling Bell":31,"Peace Pipe":110,"Anchor":197,"Bag of Marbles":5,"Membership Card":128,"FossilizedHelix":105,"TungstenRod":148},{"Whetstone":116,"Bottled Tornado":78,"Boot":1285,"Old Coin":1734,"Blood Vial":788,"Sundial":234,"MealTicket":13,"Kunai":234,"Runic Cube":681,"Pear":1522,"Blue Candle":1489,"Velvet Choker":779,"Eternal Feather":969,"Pen Nib":759,"Akabeko":1514,"Runic Dome":1388,"Bird Faced Urn":1138,"MutagenicStrength":1415,"CultistMask":361,"StrikeDummy":1167,"Unceasing Top":1576,"Regal Pillow":419,"Lantern":1693,"Singing Bowl":0,"Torii":1333,"Magic Flower":452,"StoneCalendar":278,"Bag of Preparation":588,"Ancient Tea Set":703,"Smiling Mask":1693,"Cursed Key":1825,"Burning Blood":0,"Shovel":0,"Matryoshka":962,"Toolbox":710,"WingedGreaves":1489,"Chemical X":823,"InkBottle":999,"Paper Frog":0,"Potion Belt":771,"Golden Idol":744,"Self Forming Clay":1181,"Thread and Needle":1700,"PreservedInsect":1075,"Frozen Egg 2":0,"MawBank":617,"Busted Crown":491,"Ornamental Fan":170,"Orrery":721,"Turnip":328,"Champion Belt":0,"Bottled Lightning":186,"Toy Ornithopter":516,"Calipers":355,"Tiny House":1956,"Gremlin Horn":481,"Nilry\u0027s Codex":1705,"CeramicFish":837,"Vajra":0,"Sozu":1424,"Lizard Tail":745,"Centennial Puzzle":752,"HornCleat":1908,"DollysMirror":452,"Strawberry":424,"Prayer Wheel":208,"Toxic Egg 2":424,"Happy Flower":452,"Oddly Smooth Stone":0,"Charon\u0027s Ashes":1235,"Letter Opener":1392,"War Paint":318,"Question Card":651,"OrangePellets":617,"Shuriken":720,"Bronze Scales":842,"Molten Egg 2":969,"Black Star":256,"Pocketwatch":170,"Meat on the Bone":923,"Darkstone Periapt":361,"SacredBark":524,"Black Blood":34,"Juzu Bracelet":186,"PrismaticShard":173,"Empty Cage":387,"ClockworkSouvenir":0,"Dream Catcher":170,"Nunchaku":508,"Mummified Hand":593,"Pantograph":155,"Tiny Chest":508,"Red Mask":569,"Red Skull":1748,"Runic Pyramid":1104,"Odd Mushroom":234,"Orichalcum":472,"Medical Kit":895,"White Beast Statue":347,"Mercury Hourglass":64,"Calling Bell":170,"Peace Pipe":614,"Anchor":1090,"Bag of Marbles":23,"Membership Card":720,"FossilizedHelix":593,"TungstenRod":799}],"Burning Blood":2264,"InkBottle":[63]},"card_choices":[{"not_picked":["Fiend Fire","Anger"],"picked":"Rampage","floor":1.0},{"not_picked":["Rampage","Infernal Blade"],"picked":"Armaments","floor":2.0},{"not_picked":["Wild Strike","Perfected Strike","Iron Wave"],"picked":"SKIP","floor":4.0},{"not_picked":["True Grit","Warcry","Dark Embrace"],"picked":"SKIP","floor":11.0},{"not_picked":["Iron Wave","Wild Strike"],"picked":"Headbutt","floor":13.0},{"not_picked":["Flex","Disarm"],"picked":"True Grit","floor":14.0},{"not_picked":["Intimidate","Twin Strike","Shrug It Off"],"picked":"SKIP","floor":18.0},{"not_picked":["Cleave","Clothesline+1","Shockwave"],"picked":"SKIP","floor":21.0},{"not_picked":["Anger","Havoc+1","Heavy Blade"],"picked":"SKIP","floor":28.0},{"not_picked":["Wild Strike+1","Shrug It Off","Havoc"],"picked":"SKIP","floor":31.0},{"not_picked":["Iron Wave","Cleave+1"],"picked":"Body Slam+1","floor":34},{"not_picked":["Heavy Blade","Body Slam"],"picked":"Bloodletting+1","floor":35},{"not_picked":["Carnage","Barricade","Wild Strike+1"],"picked":"SKIP","floor":36},{"not_picked":["Whirlwind+1","Clash"],"picked":"Body Slam+1","floor":37},{"not_picked":["Fire Breathing+1","Cleave+1","Twin Strike+1"],"picked":"SKIP","floor":45},{"not_picked":["Sword Boomerang","Perfected Strike","Havoc+1"],"picked":"SKIP","floor":46},{"not_picked":["Battle Trance+1","Iron Wave+1"],"picked":"Entrench","floor":54}],"player_experience":878313,"relics_obtained":[{"floor":9.0,"key":"WingedGreaves"},{"floor":14.0,"key":"HornCleat"},{"floor":22.0,"key":"Orichalcum"},{"floor":26.0,"key":"InkBottle"},{"floor":39,"key":"Thread and Needle"},{"floor":43,"key":"Gremlin Horn"},{"floor":48,"key":"Prayer Wheel"},{"floor":54,"key":"Bag of Preparation"}],"event_choices":[{"damage_healed":0.0,"max_hp_gain":0.0,"max_hp_loss":0.0,"gold_gain":75.0,"event_name":"World of Goop","player_choice":"Gather Gold","floor":7.0,"gold_loss":0.0,"damage_taken":11.0},{"damage_healed":0.0,"max_hp_gain":5.0,"max_hp_loss":0.0,"gold_gain":0.0,"event_name":"Forgotten Altar","player_choice":"Shed Blood","floor":20.0,"gold_loss":0.0,"damage_taken":20.0},{"damage_healed":0.0,"max_hp_gain":0.0,"max_hp_loss":0.0,"gold_gain":0.0,"event_name":"The Mausoleum","player_choice":"Ignored","floor":24.0,"gold_loss":0.0,"damage_taken":0.0},{"damage_healed":0.0,"max_hp_gain":0.0,"max_hp_loss":0.0,"gold_gain":0.0,"event_name":"Masked Bandits","player_choice":"Paid Fearfully","floor":27.0,"gold_loss":73.0,"damage_taken":0.0},{"damage_healed":0,"gold_gain":0,"player_choice":"Fight","damage_taken":0,"max_hp_gain":0,"max_hp_loss":0,"event_name":"Mysterious Sphere","floor":39,"gold_loss":0},{"damage_healed":0,"gold_gain":0,"player_choice":"Fight","damage_taken":0,"max_hp_gain":0,"max_hp_loss":0,"event_name":"MindBloom","floor":48,"gold_loss":0}],"is_beta":false,"boss_relics":[{"not_picked":["Cursed Key","Runic Cube"],"picked":"Runic Pyramid"},{"not_picked":["Black Blood","Fusion Hammer"],"picked":"Tiny House"}],"items_purged_floors":[5,19,38,53],"is_endless":false,"potions_floor_spawned":[2,13,31,36,39,46,54],"killed_by":"The Heart","ascension_level":0}}