{"host":"vpaavrwbmey593fx","time":1614387533,"event":{"mods":["AchievementEnabler","BaseMod","Bestiary","Colored Map","Colored Powertips","DeckTracker","Minty Spire (QoL Compilation)","Relic Sorter"],"gold_per_floor":[165,165,181,181,27,27,45,60,84,39,70,70,110,135,147,279,291,327,339,351,278,12,12,12,12],"floor_reached":24,"language":"ENG","playtime":1618,"items_purged":[],"score":273,"play_id":"a5da0fed-d3af-47c3-b40c-bfd113325473","local_time":"20210226165853","is_ascension_mode":true,"campfire_choices":[{"data":"Zap","floor":6,"key":"SMITH"},{"data":"Hologram","floor":15,"key":"SMITH"},{"floor":23,"key":"REST"}],"circlet_count":0,"master_deck":["Strike_B","Strike_B+1","Strike_B","Strike_B","Defend_B","Defend_B","Defend_B","Defend_B","Zap+1","Dualcast","Coolheaded","Genetic Algorithm","Hyperbeam","Beam Cell","Buffer","Hologram+1","Go for the Eyes","Chaos","Rainbow"],"relics":["Tiny House","Golden Idol","Oddly Smooth Stone","Lantern","MawBank","Snecko Eye","Bag of Preparation","Membership Card","Cables"],"acts_visited":["Exordium","TheCity"],"potions_floor_usage":[11,13,16,16],"damage_taken":[{"damage":4,"enemies":"Jaw Worm","floor":1,"turns":5},{"damage":1,"enemies":"2 Louse","floor":3,"turns":3},{"damage":0,"enemies":"Small Slimes","floor":7,"turns":2},{"damage":1,"enemies":"Blue Slaver","floor":8,"turns":2},{"damage":16,"enemies":"Lagavulin","floor":11,"turns":6},{"damage":15,"enemies":"Gremlin Nob","floor":13,"turns":5},{"damage":8,"enemies":"Gremlin Gang","floor":14,"turns":3},{"damage":2,"enemies":"Hexaghost","floor":16,"turns":11},{"damage":25,"enemies":"Spheric Guardian","floor":18,"turns":6},{"damage":67,"enemies":"Gremlin Leader","floor":24,"turns":6}],"seed_played":"5016101681573903311","potions_obtained":[{"floor":0,"key":"LiquidMemories"},{"floor":7,"key":"EssenceOfSteel"},{"floor":8,"key":"ColorlessPotion"},{"floor":13,"key":"EssenceOfSteel"}],"is_trial":false,"path_per_floor":["M","?","M","?","$","R","M","M","T","$","E","$","E","M","R","B",null,"M","?","$","?","$","R","E"],"character_chosen":"DEFECT","items_purchased":["Hyperbeam","Hologram","Membership Card","Cables"],"campfire_rested":1,"item_purchase_floors":[5,10,22,22],"current_hp_per_floor":[69,69,68,61,61,61,61,60,60,60,44,44,29,21,21,19,65,40,40,40,40,40,64,0,0],"gold":12,"neow_bonus":"BOSS_RELIC","is_daily":false,"chose_seed":false,"campfire_upgraded":2,"win_rate":0.0,"timestamp":1614387533,"path_taken":["M","?","M","?","?","R","M","M","T","?","E","$","E","M","R","BOSS","M","?","$","?","?","R","E"],"items_purchased_type":["Card","Card","Relic","Relic"],"build_version":"2020-12-22","purchased_purges":0,"victory":false,"max_hp_per_floor":[80,80,80,80,80,80,80,80,80,80,80,80,80,80,80,80,80,80,80,80,80,80,80,80,80],"card_choices":[{"not_picked":["Conserve Battery","Compile Driver"],"picked":"Coolheaded","floor":0},{"not_picked":["FTL","Turbo"],"picked":"Genetic Algorithm","floor":1},{"not_picked":["Undo","BootSequence","Coolheaded"],"picked":"SKIP","floor":3},{"not_picked":["Loop","Redo"],"picked":"Beam Cell","floor":7},{"not_picked":["Leap","Streamline"],"picked":"Buffer","floor":8},{"not_picked":["Machine Learning","Loop","Steam Power"],"picked":"SKIP","floor":11},{"not_picked":["Turbo","Steam"],"picked":"Go for the Eyes","floor":13},{"not_picked":["Stack","Go for the Eyes"],"picked":"Chaos","floor":14},{"not_picked":["Machine Learning","Amplify"],"picked":"Rainbow","floor":16},{"not_picked":["Cold Snap","Gash","Streamline"],"picked":"SKIP","floor":18}],"player_experience":426890,"relics_obtained":[{"floor":9,"key":"Oddly Smooth Stone"},{"floor":11,"key":"Lantern"},{"floor":13,"key":"MawBank"}],"event_choices":[{"damage_healed":0,"gold_gain":0,"player_choice":"Take Wound","damage_taken":0,"relics_obtained":["Golden Idol"],"max_hp_gain":0,"max_hp_loss":0,"event_name":"Golden Idol","floor":2,"gold_loss":0,"cards_obtained":["Injury"]},{"cards_removed":["Injury"],"damage_healed":0,"gold_gain":0,"player_choice":"Card Removal","damage_taken":7,"max_hp_gain":0,"max_hp_loss":0,"event_name":"Golden Wing","floor":4,"gold_loss":0},{"damage_healed":0,"gold_gain":0,"player_choice":"Ignored","damage_taken":0,"max_hp_gain":0,"max_hp_loss":0,"event_name":"Beggar","floor":19,"gold_loss":0},{"damage_healed":0,"gold_gain":0,"player_choice":"Obtained Relic","damage_taken":0,"relics_obtained":["Bag of Preparation"],"max_hp_gain":0,"max_hp_loss":0,"event_name":"Addict","floor":21,"gold_loss":85}],"is_beta":false,"boss_relics":[{"not_picked":["Cursed Key","Velvet Choker"],"picked":"Snecko Eye"}],"items_purged_floors":[],"is_endless":false,"potions_floor_spawned":[7,8,13],"killed_by":"Gremlin Leader","ascension_level":7}}