{"host":"test","time":1614440448,"event":{"mods":["BaseMod","Bestiary","Colored Map","Colored Powertips","Minty Spire (QoL Compilation)","Relic Stats","Slay the Relics Exporter","SpireBot","StSLib","ojb\u0027s Better Paths Mod","ojb\u0027s Info Mod: The sequel"],"gold_per_floor":[213,227,227,7,32,32,32],"floor_reached":6,"language":"JPN","playtime":156,"items_purged":[],"score":72,"play_id":"ac171cd5-bd8f-4368-b26f-9db7a2f843a1","local_time":"20210228004048","is_ascension_mode":true,"campfire_choices":[],"circlet_count":0,"master_deck":["AscendersBane","Strike_G","Strike_G","Strike_G","Strike_G","Strike_G","Defend_G","Defend_G","Defend_G","Defend_G","Defend_G","Survivor","Neutralize","Dagger Spray","Cloak And Dagger","Blade Dance"],"relics":["Ring of the Snake","Golden Idol","TwistedFunnel"],"acts_visited":["Exordium"],"potions_floor_usage":[],"damage_taken":[{"damage":1,"enemies":"2 Louse","floor":1,"turns":3},{"damage":2,"enemies":"Jaw Worm","floor":2,"turns":6},{"damage":0,"enemies":"Small Slimes","floor":5,"turns":3},{"damage":0,"enemies":"Lagavulin","floor":6,"turns":1}],"seed_played":"-7284425191585389145","potions_obtained":[{"floor":2,"key":"PowerPotion"},{"floor":5,"key":"Fire Potion"}],"is_trial":false,"path_per_floor":["M","M","?","$","M","E"],"character_chosen":"THE_SILENT","items_purchased":["TwistedFunnel","AttackPotion"],"campfire_rested":0,"item_purchase_floors":[4,4],"current_hp_per_floor":[58,56,56,56,56,56,56],"gold":32,"neow_bonus":"HUNDRED_GOLD","is_daily":false,"chose_seed":true,"campfire_upgraded":0,"win_rate":0.0,"timestamp":1614440448,"path_taken":["M","M","?","$","M","E"],"items_purchased_type":["Relic","Potion"],"build_version":"2020-12-18","purchased_purges":0,"victory":false,"max_hp_per_floor":[66,66,60,60,60,60,60],"relic_stats":{"counters":[4,12],"Golden Idol":5,"obtain_stats":[{"TwistedFunnel":4,"Golden Idol":3,"Ring of the Snake":0},{"TwistedFunnel":2,"Golden Idol":2,"Ring of the Snake":0},{"TwistedFunnel":9,"Golden Idol":9,"Ring of the Snake":0}],"Ring of the Snake":[6]},"card_choices":[{"not_picked":["Slice","Prepared"],"picked":"Dagger Spray","floor":1},{"not_picked":["Flechettes","Expertise"],"picked":"Cloak And Dagger","floor":2},{"not_picked":["Flechettes","Slice"],"picked":"Blade Dance","floor":5}],"player_experience":2151661,"relics_obtained":[],"event_choices":[{"damage_healed":0,"gold_gain":0,"player_choice":"Lose Max HP","damage_taken":0,"relics_obtained":["Golden Idol"],"max_hp_gain":0,"max_hp_loss":6,"event_name":"Golden Idol","floor":3,"gold_loss":0}],"is_beta":true,"boss_relics":[],"items_purged_floors":[],"is_endless":false,"potions_floor_spawned":[2,5],"killed_by":"Lagavulin","ascension_level":20}}