{"host":"eemx8njkng76fu5x","time":1614413299,"event":{"mods":["2.2 Compatiblity","BaseMod","Colored Map","Downfall","Minty Spire (QoL Compilation)","Permanent Neow","StSLib","Unceasing Turn Reminder","Unknown Chances"],"gold_per_floor":[99,116,116,136,150,150,150,50,70,90,100,112,130,20,32,130,130,130,147,157,174,194,194,219,230,246,274,286,315,329,329,341,438,438,338,351,369,385,398,268,346,366,266,293,313,338,435,467,478,478,478,513,23,23,23,23,23],"floor_reached":55,"language":"ENG","playtime":4463,"items_purged":["Slimebound:SlimeTap","Slimebound:Split","Slimebound:Defend_Slimebound"],"score":1387,"play_id":"f2533168-8362-4afe-997f-2ca98fd916d7","local_time":"20210227160819","is_ascension_mode":true,"campfire_choices":[{"data":"Slimebound:WasteNot","floor":1.0,"key":"SMITH"},{"data":"Slimebound:RejuvenatingLick","floor":8.0,"key":"SMITH"},{"data":"Slimebound:MassFeed","floor":18.0,"key":"SMITH"},{"floor":35.0,"key":"RECALL"},{"data":"Slimebound:Grow","floor":43.0,"key":"SMITH"},{"floor":54,"key":"REST"}],"circlet_count":0,"master_deck":["AscendersBane","Slimebound:Strike_Slimebound","Slimebound:Strike_Slimebound","Slimebound:Strike_Slimebound","Slimebound:Defend_Slimebound","Slimebound:Defend_Slimebound","Slimebound:Defend_Slimebound","Slimebound:CorrosiveSpit","Slimebound:WasteNot+1","Slimebound:GoopSpray","Slimebound:RejuvenatingLick+1","Slimebound:ItLooksTasty","Slimebound:WasteNot+1","Slimebound:SlimeSpikes","Slimebound:TongueLash","Slimebound:ItLooksTasty","Slimebound:ItLooksTasty","Slimebound:MegaLick","Slimebound:HauntingLick","Slimebound:GoopSpray","Slimebound:Grow+1","Slimebound:LivingWall","Slimebound:MassFeed+1","Slimebound:Schlurp","Slimebound:Prepare+1","Slimebound:LeechLife","Slimebound:HauntingLick","Slimebound:LivingWall+1","Slimebound:LeechEnergy+1","Slimebound:Nibble","Slimebound:Schlurp","Slimebound:SamplingLick","Slimebound:DouseInSlime","Slimebound:SamplingLick+1","Slimebound:LeechEnergy+1","Slimebound:SpikyOuterGoop","Slimebound:SamplingLick+1","Slimebound:Replication+1","Slimebound:DisruptingSlam+1","Apotheosis","Slimebound:MegaLick","Slimebound:HauntingLick+1"],"relics":["Slimebound:AbsorbEndCombat","Anchor","downfall:HeartBlessingBlue","Runic Dome","bronze:BronzeIdol","Ornamental Fan","Darkstone Periapt","Shuriken","Sozu","downfall:HeartBlessingGreen","Slimebound:MaxSlimesRelic","downfall:HeartBlessingRed","Smiling Mask","Bag of Marbles","Orichalcum","bronze:DecasWashers","TungstenRod","Lantern"],"acts_visited":["Exordium","TheCity","TheBeyond","TheEnding"],"potions_floor_usage":[],"damage_taken":[{"damage":7.0,"enemies":"Small Slimes","floor":2.0,"turns":4.0},{"damage":0.0,"enemies":"2 Louse","floor":4.0,"turns":3.0},{"damage":0.0,"enemies":"Cultist","floor":5.0,"turns":4.0},{"damage":0.0,"enemies":"Exordium Wildlife","floor":9.0,"turns":3.0},{"damage":18.0,"enemies":"Gremlin Gang","floor":10.0,"turns":4.0},{"damage":5.0,"enemies":"Lots of Slimes","floor":11.0,"turns":4.0},{"damage":14.0,"enemies":"Exordium Wildlife","floor":12.0,"turns":5.0},{"damage":5.0,"enemies":"3 Louse","floor":13.0,"turns":4.0},{"damage":13.0,"enemies":"downfall:FleeingMerchant","floor":14.0,"turns":4.0},{"damage":8.0,"enemies":"downfall:LooterAlt","floor":15.0,"turns":3.0},{"damage":40.0,"enemies":"WA_ARCHETYPE_RETAIN","floor":16.0,"turns":12.0},{"damage":31.0,"enemies":"Spheric Guardian","floor":19.0,"turns":8.0},{"damage":9.0,"enemies":"3 Byrds","floor":20.0,"turns":5.0},{"damage":29.0,"enemies":"Snake Plant","floor":21.0,"turns":6.0},{"damage":23.0,"enemies":"Shelled Parasite and Fungi","floor":22.0,"turns":5.0},{"damage":12.0,"enemies":"Snecko","floor":25.0,"turns":7.0},{"damage":2.0,"enemies":"Snake Plant","floor":26.0,"turns":3.0},{"damage":14.0,"enemies":"Gremlin Leader","floor":27.0,"turns":9.0},{"damage":1.0,"enemies":"Cultist and Chosen","floor":28.0,"turns":5.0},{"damage":10.0,"enemies":"Slavers","floor":29.0,"turns":3.0},{"damage":10.0,"enemies":"Centurion and Healer","floor":30.0,"turns":9.0},{"damage":0.0,"enemies":"Snake Plant","floor":32.0,"turns":3.0},{"damage":52.0,"enemies":"SI_MIRROR_ARCHETYPE","floor":33.0,"turns":11.0},{"damage":20.0,"enemies":"3 Darklings","floor":36.0,"turns":5.0},{"damage":12.0,"enemies":"3 Shapes","floor":37.0,"turns":10.0},{"damage":0.0,"enemies":"Maw","floor":38.0,"turns":9.0},{"damage":1.0,"enemies":"Transient","floor":39.0,"turns":5.0},{"damage":0.0,"enemies":"downfall:FleeingMerchant","floor":40.0,"turns":4.0},{"damage":1.0,"enemies":"Sphere and 2 Shapes","floor":42.0,"turns":4.0},{"damage":1.0,"enemies":"Reptomancer","floor":44.0,"turns":10.0},{"damage":0.0,"enemies":"Spire Growth","floor":45.0,"turns":5.0},{"damage":0.0,"enemies":"Nemesis","floor":46.0,"turns":7.0},{"damage":0.0,"enemies":"downfall:FleeingMerchant","floor":47.0,"turns":2.0},{"damage":13.0,"enemies":"Reptomancer","floor":48.0,"turns":7.0},{"damage":0.0,"enemies":"3 Darklings","floor":49.0,"turns":3.0},{"damage":106,"enemies":"IC_BLOCK_ARCHETYPE","floor":50,"turns":15},{"damage":51,"enemies":"downfall:CharBossMerchant","floor":52,"turns":6},{"damage":176,"enemies":"downfall:NeowBoss","floor":55,"turns":21}],"seed_played":"6843417247070188834","potions_obtained":[{"floor":11.0,"key":"Energy Potion"},{"floor":12.0,"key":"AttackPotion"},{"floor":16.0,"key":"Dexterity Potion"},{"floor":27.0,"key":"Ancient Potion"},{"floor":30.0,"key":"PowerPotion"},{"floor":33.0,"key":"Explosive Potion"}],"is_trial":false,"path_per_floor":["R","M","?","M","M","?","T","R","M","M","M","M","M","$","M","B",null,"R","M","M","M","M","?","T","M","M","E","M","E","M","T","M","B",null,"R","M","M","M","M","$","T","M","R","E","M","E","$","E","M","B",null,"E","$","R","B"],"character_chosen":"SLIMEBOUND","items_purchased":["Slimebound:GoopSpray","Slimebound:Grow","Slimebound:SpikyOuterGoop","Apotheosis","TungstenRod","Lantern"],"campfire_rested":1,"item_purchase_floors":[14,14,40,47,53,53],"current_hp_per_floor":[59,56,56,62,65,65,65,75,75,63,66,58,61,56,56,24,62,62,43,50,29,91,91,91,87,93,91,102,103,114,114,119,85,111,111,99,123,127,127,127,127,126,126,130,135,135,139,139,143,39,117,86,86,128,0,0,0],"gold":23,"neow_bonus":"ONE_RANDOM_RARE_CARD","is_daily":false,"chose_seed":false,"campfire_upgraded":4,"win_rate":0.0,"timestamp":1614413299,"path_taken":["R","M","?","M","M","?","T","R","?","M","M","M","M","$","M","BOSS","R","M","M","M","M","?","T","?","M","E","M","E","?","?","M","BOSS","R","M","M","M","?","$","T","M","R","E","M","E","$","E","M","BOSS","E","$","R","BOSS"],"items_purchased_type":["Card","Card","Card","Card","Relic","Relic"],"build_version":"2020-12-22","purchased_purges":3,"victory":false,"max_hp_per_floor":[65,65,65,65,65,65,65,75,75,75,75,75,75,75,75,75,75,75,79,87,91,91,91,91,95,99,99,103,111,115,115,119,119,119,119,119,123,127,127,127,127,127,127,131,135,135,139,139,143,143,143,143,143,143,143,143,143],"card_choices":[{"not_picked":["Slimebound:SplitLeeching","Slimebound:RollThrough"],"picked":"Slimebound:GoopSpray","floor":2.0},{"not_picked":["Slimebound:GoopTackle","Slimebound:LeechEnergy"],"picked":"Slimebound:RejuvenatingLick","floor":4.0},{"not_picked":["Slimebound:LeechEnergy","Slimebound:SlimeTap"],"picked":"Slimebound:ItLooksTasty","floor":5.0},{"not_picked":["Slimebound:PressTheAttack","Slimebound:SplitAcid"],"picked":"Slimebound:SlimeSpikes","floor":9.0},{"not_picked":["Slimebound:Schlurp","Slimebound:SpikyOuterGoop"],"picked":"Slimebound:TongueLash","floor":10.0},{"not_picked":["Slimebound:OneTwoCombo","Slimebound:RollThrough"],"picked":"Slimebound:ItLooksTasty","floor":11.0},{"not_picked":["Slimebound:GoopTackle","Slimebound:LeechingTouch"],"picked":"Slimebound:ItLooksTasty","floor":12.0},{"not_picked":["Slimebound:RollThrough","Slimebound:FirmFortitude"],"picked":"Slimebound:MegaLick","floor":13.0},{"not_picked":["Slimebound:TongueLash","Slimebound:ProtectTheBoss"],"picked":"Slimebound:HauntingLick","floor":14.0},{"not_picked":["Slimebound:Replication","Slimebound:FinishingTackle"],"picked":"Slimebound:LivingWall","floor":15.0},{"not_picked":["Slimebound:MinionMaster","Slimebound:LeechLife"],"picked":"Slimebound:MassFeed","floor":16.0},{"not_picked":["Slimebound:SplitLeeching+1","Slimebound:SplitSpecialist+1"],"picked":"Slimebound:Schlurp","floor":19.0},{"not_picked":["Slimebound:SplitLeeching","Slimebound:HungryTackle"],"picked":"Slimebound:Prepare+1","floor":20.0},{"not_picked":["Slimebound:Repurpose","Slimebound:HauntingLick"],"picked":"Slimebound:LeechLife","floor":21.0},{"not_picked":["Slimebound:RainOfGoop","Slimebound:GoopTackle"],"picked":"Slimebound:HauntingLick","floor":22.0},{"not_picked":["Slimebound:FirmFortitude","Slimebound:RollThrough"],"picked":"Slimebound:LivingWall+1","floor":25.0},{"not_picked":["Slimebound:LeechingTouch","Slimebound:FinishingTackle+1","Slimebound:FlameTackle"],"picked":"SKIP","floor":26.0},{"not_picked":["Slimebound:HauntingLick","Slimebound:SplitMire"],"picked":"Slimebound:LeechEnergy+1","floor":27.0},{"not_picked":["Slimebound:Replication+1","Slimebound:MassRepurpose"],"picked":"Slimebound:Nibble","floor":28.0},{"not_picked":["Slimebound:HungryTackle","Slimebound:LeechingTouch"],"picked":"Slimebound:Schlurp","floor":29.0},{"not_picked":["Slimebound:Schlurp","Slimebound:SplitBruiser"],"picked":"Slimebound:SamplingLick","floor":30.0},{"not_picked":["Slimebound:HauntingLick","Slimebound:ComboTackle+1","Slimebound:Prepare"],"picked":"SKIP","floor":32.0},{"not_picked":["Slimebound:MinionMaster","Slimebound:SelfFormingGoo"],"picked":"Slimebound:DouseInSlime","floor":33.0},{"not_picked":["Slimebound:HauntingLick","Slimebound:FormOfPuddle","Slimebound:GoopSpray"],"picked":"SKIP","floor":36.0},{"not_picked":["Slimebound:GoopTackle+1","Slimebound:SplitAcid+1"],"picked":"Slimebound:SamplingLick+1","floor":37.0},{"not_picked":["Slimebound:DivideAndConquer+1","Slimebound:LeechingTouch+1","Slimebound:ComboTackle+1"],"picked":"SKIP","floor":38.0},{"not_picked":["Slimebound:SlimeSpikes","Slimebound:GoopSpray"],"picked":"Slimebound:LeechEnergy+1","floor":39.0},{"not_picked":["Slimebound:HungryTackle","Slimebound:CheckThePlaybook","Slimebound:SplitAcid"],"picked":"SKIP","floor":40.0},{"not_picked":["Slimebound:Dissolve","Slimebound:SlimeTap"],"picked":"Slimebound:SamplingLick+1","floor":42.0},{"not_picked":["Slimebound:Overexert","Slimebound:SamplingLick","Slimebound:Nibble"],"picked":"SKIP","floor":44.0},{"not_picked":["Slimebound:SplitMire+1","Slimebound:Dissolve"],"picked":"Slimebound:Replication+1","floor":45.0},{"not_picked":["Slimebound:Repurpose+1","Slimebound:BestDefense"],"picked":"Slimebound:DisruptingSlam+1","floor":46.0},{"not_picked":["Slimebound:HauntingLick","Slimebound:SplitLeeching+1","Slimebound:LevelUp"],"picked":"SKIP","floor":47.0},{"not_picked":["Slimebound:HauntingLick","Slimebound:SlimeSpikes"],"picked":"Slimebound:MegaLick","floor":48.0},{"not_picked":["Slimebound:SlimeSpikes","Slimebound:SplitBruiser"],"picked":"Slimebound:HauntingLick+1","floor":49.0},{"not_picked":["Slimebound:SplitMire","Slimebound:SplitLeeching","Slimebound:LivingWall"],"picked":"SKIP","floor":52}],"player_experience":576432,"relics_obtained":[{"floor":24.0,"key":"bronze:BronzeIdol"},{"floor":27.0,"key":"Ornamental Fan"},{"floor":29.0,"key":"Darkstone Periapt"},{"floor":31.0,"key":"Shuriken"},{"floor":41.0,"key":"Slimebound:MaxSlimesRelic"},{"floor":44.0,"key":"Smiling Mask"},{"floor":46.0,"key":"Bag of Marbles"},{"floor":48.0,"key":"Orichalcum"},{"floor":52,"key":"bronze:DecasWashers"}],"event_choices":[],"is_beta":false,"boss_relics":[{"not_picked":["SlaversCollar","Busted Crown"],"picked":"Runic Dome"},{"not_picked":["Velvet Choker","expansioncontent:StudyCardRelic"],"picked":"Sozu"}],"items_purged_floors":[40,47,53],"is_endless":false,"potions_floor_spawned":[11,12,13,16,19,22,27,30,32,33,36,38,39,42,46,48],"killed_by":"downfall:NeowBoss","ascension_level":11}}