{"host":"bx54wbx1b8s5cm4v","time":1614436526,"event":{"mods":["BaseMod","Beaked The Cultist","GifTheSpireLib","Hubris","Minty Spire (QoL Compilation)","StSLib","The Blackbeard","The Forsaken","The Necromancer","The Servant 0.9.4"],"gold_per_floor":[109,109,123,140,159,159,159,194,194,194,221,67,67,85,85,189,189,201,211,211,227,326,357,357,403,426,426,472,387,423,11,11,146,146,176,187,187,187,231,287,287,298,298,315,346,346,363,377,377,377],"floor_reached":51,"language":"ENG","playtime":2009,"items_purged":[],"score":844,"play_id":"74b31431-3c8f-4a4f-979b-6e9d1e0f5709","local_time":"20210227113526","is_ascension_mode":true,"campfire_choices":[{"data":"blackbeard:PirateEarring","floor":6,"key":"SMITH"},{"data":"blackbeard:Toast","floor":10,"key":"SMITH"},{"data":"blackbeard:CaptainsCabin","floor":13,"key":"SMITH"},{"data":"blackbeard:FieryDefense","floor":15,"key":"SMITH"},{"data":"blackbeard:GoldenStrike","floor":24,"key":"SMITH"},{"data":"blackbeard:Bandana","floor":27,"key":"SMITH"},{"data":"blackbeard:BeatUp","floor":32,"key":"SMITH"},{"floor":46,"key":"REST"},{"floor":49,"key":"REST"}],"circlet_count":0,"master_deck":["blackbeard:BlackbeardStrike","blackbeard:BlackbeardStrike","blackbeard:BlackbeardStrike","blackbeard:BlackbeardStrike","blackbeard:IntimidatingStrike","blackbeard:BlackbeardDefend","blackbeard:BlackbeardDefend","blackbeard:BlackbeardDefend","blackbeard:BlackbeardDefend","blackbeard:Cutlass+1","blackbeard:Shrapnel","blackbeard:Toast+1","blackbeard:FieryDefense+1","blackbeard:PirateEarring+1","blackbeard:CaptainsCabin+1","blackbeard:RearmingStrike","blackbeard:TacticalRetreat","blackbeard:BoostMorale","blackbeard:Rum+1","blackbeard:GoldenStrike+1","blackbeard:BoostMorale","blackbeard:PowderKeg+1","blackbeard:Upgrade+1","blackbeard:BeatUp+1","blackbeard:Sharpening","blackbeard:PirateStrength+1","blackbeard:Toast+1","blackbeard:DeadlyArsenal+1","blackbeard:GoldenCannonball+1","blackbeard:GoldenStrike+1","blackbeard:Dagger+1","blackbeard:SwordDance+1","blackbeard:BlindAttacks+1","blackbeard:SmithingHammer+1","blackbeard:Toast+1"],"relics":["blackbeard:LoadTheCannons","Pen Nib","MealTicket","hubris:SlimyHat","Strange Spoon","hubris:TerracottaHorce","hubris:PeanutButter","Lantern","Nunchaku","Matryoshka","Vajra","theForsaken:HumbleEgg","Fusion Hammer","Mercury Hourglass","hubris:CrystalStatue","hubris:Metronome","theForsaken:ScaryMask"],"acts_visited":["Exordium","TheCity","TheBeyond"],"potions_floor_usage":[18,39,40],"damage_taken":[{"damage":1,"enemies":"Small Slimes","floor":1,"turns":3},{"damage":0,"enemies":"Cultist","floor":3,"turns":3},{"damage":3,"enemies":"Jaw Worm","floor":4,"turns":3},{"damage":0,"enemies":"Exordium Thugs","floor":5,"turns":4},{"damage":19,"enemies":"3 Sentries","floor":8,"turns":8},{"damage":26,"enemies":"Gremlin Nob","floor":11,"turns":5},{"damage":0,"enemies":"Blue Slaver","floor":14,"turns":3},{"damage":19,"enemies":"Slime Boss","floor":16,"turns":9},{"damage":0,"enemies":"Chosen","floor":18,"turns":4},{"damage":6,"enemies":"2 Thieves","floor":19,"turns":4},{"damage":10,"enemies":"Snake Plant","floor":21,"turns":4},{"damage":7,"enemies":"Gremlin Leader","floor":23,"turns":6},{"damage":1,"enemies":"Slavers","floor":25,"turns":3},{"damage":0,"enemies":"3 Cultists","floor":28,"turns":5},{"damage":2,"enemies":"Centurion and Healer","floor":30,"turns":4},{"damage":24,"enemies":"Champ","floor":33,"turns":9},{"damage":0,"enemies":"3 Darklings","floor":35,"turns":3},{"damage":0,"enemies":"Orb Walker","floor":36,"turns":2},{"damage":0,"enemies":"Transient","floor":39,"turns":5},{"damage":18,"enemies":"Giant Head","floor":40,"turns":6},{"damage":4,"enemies":"Spire Growth","floor":42,"turns":3},{"damage":5,"enemies":"Writhing Mass","floor":44,"turns":3},{"damage":25,"enemies":"Nemesis","floor":45,"turns":5},{"damage":0,"enemies":"3 Darklings","floor":47,"turns":3},{"damage":0,"enemies":"Sphere and 2 Shapes","floor":48,"turns":3},{"damage":14,"enemies":"Time Eater","floor":50,"turns":7}],"seed_played":"-1918796436820352518","potions_obtained":[{"floor":4,"key":"Strength Potion"},{"floor":5,"key":"Energy Potion"},{"floor":14,"key":"LiquidBronze"},{"floor":18,"key":"Fruit Juice"},{"floor":19,"key":"LiquidMemories"},{"floor":42,"key":"Strength Potion"},{"floor":45,"key":"BlessingOfTheForge"}],"is_trial":false,"path_per_floor":["M","?","M","M","M","R","?","E","T","R","E","$","R","M","R","B",null,"M","M","?","M","?","E","R","E","T","R","M","?","M","$","R","B",null,"M","M","?","?","M","E","?","M","T","M","E","R","M","M","R","B",null],"character_chosen":"BLACKBEARD_CLASS","items_purchased":["Strange Spoon","Vajra","theForsaken:HumbleEgg"],"campfire_rested":2,"item_purchase_floors":[12,31,31],"current_hp_per_floor":[81,81,81,78,78,78,78,59,59,59,33,48,48,48,48,29,69,74,68,68,58,58,51,51,50,50,50,50,50,48,63,63,39,75,75,75,75,75,75,57,83,79,79,74,49,73,73,73,83,69],"gold":377,"neow_bonus":"TEN_PERCENT_HP_BONUS","is_daily":false,"chose_seed":false,"campfire_upgraded":7,"win_rate":0.0,"timestamp":1614436526,"path_taken":["M","?","M","M","?","R","?","E","T","R","E","$","R","M","R","BOSS","M","M","?","?","?","E","R","E","T","R","M","?","M","$","R","BOSS","M","M","?","?","?","E","?","?","T","M","E","R","M","M","R","BOSS"],"items_purchased_type":["Relic","Relic","Relic"],"build_version":"2020-12-22","purchased_purges":0,"victory":true,"max_hp_per_floor":[82,82,82,82,82,82,82,82,82,82,82,82,82,82,82,82,82,87,87,87,87,87,87,87,87,87,87,87,87,87,87,87,87,87,87,87,83,83,83,83,83,83,83,83,83,83,83,83,83,83],"card_choices":[{"not_picked":["blackbeard:GoldenStrike","blackbeard:CloakAndCannonball"],"picked":"blackbeard:Shrapnel","floor":1},{"not_picked":["blackbeard:Dagger","blackbeard:FieryDefense"],"picked":"blackbeard:Toast","floor":3},{"not_picked":["blackbeard:Fencing","blackbeard:SwordDance"],"picked":"blackbeard:FieryDefense","floor":4},{"not_picked":["blackbeard:SwordDance","blackbeard:WoodenLeg"],"picked":"blackbeard:PirateEarring","floor":5},{"not_picked":["blackbeard:MegaUpgrade","blackbeard:FieryDefense"],"picked":"blackbeard:CaptainsCabin","floor":8},{"not_picked":["blackbeard:FieryDefense","blackbeard:WiseDefense"],"picked":"blackbeard:RearmingStrike","floor":11},{"not_picked":["blackbeard:Shrapnel","blackbeard:Provisioning"],"picked":"blackbeard:TacticalRetreat","floor":14},{"not_picked":["blackbeard:PirateStrength","blackbeard:TheDrunkenSailor"],"picked":"blackbeard:BoostMorale","floor":16},{"not_picked":["blackbeard:Anchor","blackbeard:GoldenStrike"],"picked":"blackbeard:Rum+1","floor":18},{"not_picked":["blackbeard:GoldenDefense+1","blackbeard:CloakAndCannonball+1"],"picked":"blackbeard:GoldenStrike","floor":19},{"not_picked":["blackbeard:GoldenDefense","blackbeard:WiseDefense"],"picked":"blackbeard:PowderKeg+1","floor":21},{"not_picked":["blackbeard:Sharpening","blackbeard:FishingNets"],"picked":"blackbeard:Bandana","floor":23},{"not_picked":["blackbeard:BrownPants+1","blackbeard:DoubleBottom"],"picked":"blackbeard:Upgrade+1","floor":25},{"not_picked":["blackbeard:CannonBarrage+1","blackbeard:CannonballSupply+1"],"picked":"blackbeard:BeatUp","floor":28},{"not_picked":["blackbeard:VengefulSpirit","blackbeard:TacticalRetreat"],"picked":"blackbeard:Sharpening","floor":30},{"not_picked":["blackbeard:Lifeboat","blackbeard:HumongousCannonball"],"picked":"blackbeard:PirateStrength","floor":33},{"not_picked":["blackbeard:GoldenDefense+1","blackbeard:GhostInTheRum"],"picked":"blackbeard:Toast+1","floor":35},{"not_picked":["blackbeard:DangerousBlow","blackbeard:Sharpening+1"],"picked":"blackbeard:DeadlyArsenal+1","floor":36},{"not_picked":["blackbeard:BeatUp+1","blackbeard:GoldenStrike+1"],"picked":"blackbeard:GoldenCannonball+1","floor":39},{"not_picked":["blackbeard:BlindAttacks+1","blackbeard:PirateEarring"],"picked":"blackbeard:GoldenStrike+1","floor":40},{"not_picked":["blackbeard:Sword+1","blackbeard:BlindAttacks+1"],"picked":"blackbeard:Dagger+1","floor":42},{"not_picked":["blackbeard:Sharpening+1","blackbeard:HumongousCannonball"],"picked":"blackbeard:SwordDance+1","floor":44},{"not_picked":["blackbeard:FieryDefense+1","blackbeard:BeatUp+1"],"picked":"blackbeard:BlindAttacks+1","floor":45},{"not_picked":["blackbeard:DoubleBottom","blackbeard:JollyRoger+1"],"picked":"blackbeard:SmithingHammer+1","floor":47},{"not_picked":["blackbeard:ChaoticDefense","blackbeard:GhostInTheRum+1"],"picked":"blackbeard:Toast+1","floor":48}],"player_experience":92701,"relics_obtained":[{"floor":8,"key":"Pen Nib"},{"floor":9,"key":"MealTicket"},{"floor":11,"key":"hubris:SlimyHat"},{"floor":23,"key":"hubris:PeanutButter"},{"floor":25,"key":"Lantern"},{"floor":26,"key":"Nunchaku"},{"floor":40,"key":"Mercury Hourglass"},{"floor":43,"key":"hubris:CrystalStatue"},{"floor":43,"key":"hubris:Metronome"},{"floor":45,"key":"theForsaken:ScaryMask"}],"event_choices":[{"damage_healed":0,"gold_gain":0,"player_choice":"Forge","damage_taken":0,"max_hp_gain":0,"max_hp_loss":0,"event_name":"Accursed Blacksmith","floor":2,"gold_loss":0,"cards_upgraded":["blackbeard:Cutlass"]},{"damage_healed":0,"gold_gain":0,"player_choice":"Bought 0 Potions","damage_taken":0,"max_hp_gain":0,"max_hp_loss":0,"event_name":"The Woman in Blue","floor":7,"gold_loss":0},{"damage_healed":0,"gold_gain":0,"player_choice":"Copied","damage_taken":0,"max_hp_gain":0,"max_hp_loss":0,"event_name":"Duplicator","floor":20,"gold_loss":0,"cards_obtained":["blackbeard:BoostMorale"]},{"damage_healed":0,"gold_gain":99,"player_choice":"Stole From Cult","damage_taken":0,"max_hp_gain":0,"max_hp_loss":0,"event_name":"Nest","floor":22,"gold_loss":0},{"damage_healed":0,"gold_gain":0,"player_choice":"Obtained Relic","damage_taken":0,"relics_obtained":["Matryoshka"],"max_hp_gain":0,"max_hp_loss":0,"event_name":"Addict","floor":29,"gold_loss":85},{"damage_healed":0,"gold_gain":0,"player_choice":"Max HP","damage_taken":0,"max_hp_gain":0,"max_hp_loss":4,"event_name":"Winding Halls","floor":37,"gold_loss":0},{"cards_removed":["blackbeard:Bandana"],"damage_healed":26,"gold_gain":0,"player_choice":"Offered Uncommon","damage_taken":0,"max_hp_gain":0,"max_hp_loss":0,"event_name":"Bonfire Elementals","floor":41,"gold_loss":0}],"is_beta":false,"boss_relics":[{"not_picked":["Runic Dome","Black Star"],"picked":"hubris:TerracottaHorce"},{"not_picked":["Empty Cage","hubris:CrackedHourglass"],"picked":"Fusion Hammer"}],"items_purged_floors":[],"is_endless":false,"potions_floor_spawned":[4,5,14,16,18,19,21,30,35,42,45],"ascension_level":1}}