{"host":"mvhzznpw3ffw85pv","time":1614429347,"event":{"mods":["AchievementEnabler","BaseMod","Bestiary","Block Reminder","Colored Map","Highlight Path","Minty Spire (QoL Compilation)","Relic Stats"],"gold_per_floor":[14,14,27,42,54,87,87,122,122,139,139,139,139,153,153,230,230,244,154,42,55,68,68,78,78,78,97,113,113,131,144,144,225,225,238,272,172,172,172,172,203,222,296,296,317,342,35,50,50,50],"floor_reached":51,"language":"ENG","playtime":4556,"items_purged":["Strike_P","Defend_P","Strike_P"],"score":1093,"play_id":"a14fbbe2-d0bc-4f6b-8f07-dcb0eaca8178","local_time":"20210227073547","is_ascension_mode":true,"campfire_choices":[{"data":"Eruption","floor":7,"key":"SMITH"},{"data":"MentalFortress","floor":11,"key":"SMITH"},{"data":"CutThroughFate","floor":13,"key":"SMITH"},{"data":"Vigilance","floor":15,"key":"SMITH"},{"data":"LikeWater","floor":23,"key":"SMITH"},{"data":"Tantrum","floor":25,"key":"SMITH"},{"data":"Conclude","floor":29,"key":"SMITH"},{"floor":32,"key":"REST"},{"data":"EmptyMind","floor":40,"key":"SMITH"},{"floor":44,"key":"REST"},{"data":"MentalFortress","floor":49,"key":"SMITH"}],"circlet_count":0,"master_deck":["AscendersBane","Defend_P+1","Defend_P","Eruption+1","Vigilance+1","Conclude+1","CutThroughFate+1","EmptyMind+1","MentalFortress+1","EmptyBody+1","Tantrum+1","EmptyFist","LikeWater+1","EmptyFist+1","Devotion","Sanctity","Evaluate+1","MentalFortress+1","MentalFortress+1"],"relics":["PureWater","TeardropLocket","Darkstone Periapt","Mummified Hand","Philosopher\u0027s Stone","CeramicFish","SlaversCollar","TungstenRod","The Courier","StrikeDummy","InkBottle"],"acts_visited":["Exordium","TheCity","TheBeyond"],"potions_floor_usage":[24,31,33,41,42,42,45,50,50],"damage_taken":[{"damage":0,"enemies":"Cultist","floor":1,"turns":2},{"damage":0,"enemies":"Small Slimes","floor":3,"turns":3},{"damage":0,"enemies":"2 Louse","floor":4,"turns":1},{"damage":3,"enemies":"Blue Slaver","floor":5,"turns":3},{"damage":9,"enemies":"Lagavulin","floor":6,"turns":6},{"damage":5,"enemies":"3 Sentries","floor":8,"turns":3},{"damage":1,"enemies":"3 Louse","floor":10,"turns":2},{"damage":0,"enemies":"2 Fungi Beasts","floor":14,"turns":3},{"damage":20,"enemies":"The Guardian","floor":16,"turns":13},{"damage":11,"enemies":"Shell Parasite","floor":18,"turns":4},{"damage":1,"enemies":"2 Thieves","floor":21,"turns":3},{"damage":0,"enemies":"Centurion and Healer","floor":22,"turns":4},{"damage":0,"enemies":"Sentry and Sphere","floor":24,"turns":3},{"damage":0,"enemies":"Shelled Parasite and Fungi","floor":27,"turns":2},{"damage":13,"enemies":"Centurion and Healer","floor":28,"turns":3},{"damage":19,"enemies":"Snake Plant","floor":30,"turns":4},{"damage":0,"enemies":"Chosen and Byrds","floor":31,"turns":4},{"damage":44,"enemies":"Collector","floor":33,"turns":10},{"damage":4,"enemies":"Orb Walker","floor":35,"turns":4},{"damage":0,"enemies":"Mind Bloom Boss Battle","floor":36,"turns":5},{"damage":11,"enemies":"Reptomancer","floor":41,"turns":6},{"damage":15,"enemies":"3 Darklings","floor":42,"turns":4},{"damage":0,"enemies":"Sphere and 2 Shapes","floor":45,"turns":6},{"damage":0,"enemies":"Maw","floor":46,"turns":7},{"damage":0,"enemies":"4 Shapes","floor":48,"turns":5},{"damage":2,"enemies":"Donu and Deca","floor":50,"turns":14}],"seed_played":"-642236947216410896","potions_obtained":[{"floor":1,"key":"LiquidMemories"},{"floor":5,"key":"PowerPotion"},{"floor":8,"key":"DuplicationPotion"},{"floor":27,"key":"Regen Potion"},{"floor":33,"key":"BottledMiracle"},{"floor":36,"key":"EntropicBrew"},{"floor":42,"key":"Fire Potion"},{"floor":46,"key":"Weak Potion"}],"is_trial":false,"path_per_floor":["M","$","M","M","M","E","R","E","T","M","R","?","R","M","R","B",null,"M","?","$","M","M","R","M","R","T","M","M","R","M","M","R","B",null,"M","?","$","?","?","R","E","M","T","R","M","M","$","M","R","B",null],"character_chosen":"WATCHER","items_purchased":["LikeWater","InkBottle"],"campfire_rested":2,"item_purchase_floors":[20,47],"current_hp_per_floor":[61,61,61,61,58,49,49,44,44,43,43,43,43,43,43,23,57,46,46,46,45,45,45,45,45,45,45,32,32,13,13,33,4,52,48,48,48,48,48,48,37,22,22,41,41,41,41,41,41,39],"gold":50,"neow_bonus":"TRANSFORM_TWO_CARDS","is_daily":false,"chose_seed":false,"campfire_upgraded":9,"win_rate":0.0,"timestamp":1614429347,"path_taken":["M","?","M","M","M","E","R","E","T","M","R","?","R","M","R","BOSS","M","?","$","?","M","R","?","R","T","M","M","R","M","M","R","BOSS","M","?","$","?","?","R","E","M","T","R","M","M","$","M","R","BOSS"],"items_purchased_type":["Card","Relic"],"build_version":"2020-12-22","purchased_purges":3,"victory":true,"max_hp_per_floor":[68,68,68,68,68,68,68,68,68,68,68,68,68,68,68,68,68,68,68,68,68,68,68,68,68,68,68,68,68,68,68,68,68,68,68,68,68,68,65,65,65,65,65,65,65,65,65,65,65,65],"relic_stats":{"Darkstone Periapt":0,"counters":[26,124],"Mummified Hand":[50],"CeramicFish":45,"obtain_stats":[{"Darkstone Periapt":8,"SlaversCollar":34,"Mummified Hand":9,"CeramicFish":26,"Philosopher\u0027s Stone":17,"The Courier":41,"TeardropLocket":6,"PureWater":0,"StrikeDummy":43,"TungstenRod":36,"InkBottle":47},{"Darkstone Periapt":6,"SlaversCollar":18,"Mummified Hand":6,"CeramicFish":13,"Philosopher\u0027s Stone":9,"The Courier":21,"TeardropLocket":5,"PureWater":0,"StrikeDummy":22,"TungstenRod":20,"InkBottle":24},{"Darkstone Periapt":18,"SlaversCollar":73,"Mummified Hand":18,"CeramicFish":50,"Philosopher\u0027s Stone":36,"The Courier":88,"TeardropLocket":15,"PureWater":0,"StrikeDummy":92,"TungstenRod":82,"InkBottle":105}],"TungstenRod":4,"InkBottle":[10]},"card_choices":[{"not_picked":["Prostrate","ClearTheMind"],"picked":"CutThroughFate","floor":1},{"not_picked":["FearNoEvil","FollowUp","ClearTheMind"],"picked":"SKIP","floor":3},{"not_picked":["FlurryOfBlows","BowlingBash","ClearTheMind"],"picked":"SKIP","floor":4},{"not_picked":["EmptyFist","JustLucky"],"picked":"EmptyMind","floor":5},{"not_picked":["SashWhip","WindmillStrike","Prostrate"],"picked":"SKIP","floor":6},{"not_picked":["Meditate","Devotion"],"picked":"MentalFortress","floor":8},{"not_picked":["ForeignInfluence","EmptyFist"],"picked":"EmptyBody","floor":10},{"not_picked":["Sanctity","EmptyBody"],"picked":"Tantrum","floor":14},{"not_picked":["Crescendo","JustLucky"],"picked":"EmptyFist","floor":18},{"not_picked":["CutThroughFate","Protect","PathToVictory"],"picked":"SKIP","floor":21},{"not_picked":["Crescendo+1","WindmillStrike"],"picked":"EmptyFist+1","floor":22},{"not_picked":["Consecrate","WindmillStrike+1","Evaluate"],"picked":"SKIP","floor":24},{"not_picked":["Consecrate","WindmillStrike+1","Evaluate"],"picked":"SKIP","floor":24},{"not_picked":["MasterReality","Evaluate","Protect+1"],"picked":"SKIP","floor":27},{"not_picked":["CrushJoints","SashWhip","Crescendo"],"picked":"SKIP","floor":28},{"not_picked":["CutThroughFate","SashWhip","JustLucky"],"picked":"SKIP","floor":30},{"not_picked":["SignatureMove","WreathOfFlame","SandsOfTime"],"picked":"SKIP","floor":31},{"not_picked":["Omniscience","Vault"],"picked":"Devotion","floor":33},{"not_picked":["Worship","ForeignInfluence+1","WindmillStrike"],"picked":"SKIP","floor":35},{"not_picked":["EmptyFist","ReachHeaven"],"picked":"Sanctity","floor":36},{"not_picked":["EmptyFist+1","Prostrate+1","Protect"],"picked":"SKIP","floor":41},{"not_picked":["FlyingSleeves+1","EmptyBody"],"picked":"Evaluate+1","floor":42},{"not_picked":["Indignation","WaveOfTheHand"],"picked":"MentalFortress","floor":45},{"not_picked":["Devotion","FearNoEvil"],"picked":"MentalFortress+1","floor":46},{"not_picked":["JustLucky","EmptyBody","Conclude"],"picked":"SKIP","floor":48}],"player_experience":696170,"relics_obtained":[{"floor":6,"key":"TeardropLocket"},{"floor":8,"key":"Darkstone Periapt"},{"floor":9,"key":"Mummified Hand"},{"floor":26,"key":"CeramicFish"},{"floor":36,"key":"TungstenRod"},{"floor":41,"key":"The Courier"},{"floor":43,"key":"StrikeDummy"}],"event_choices":[{"damage_healed":0,"gold_gain":0,"player_choice":"Upgraded","damage_taken":0,"max_hp_gain":0,"max_hp_loss":0,"event_name":"Upgrade Shrine","floor":12,"gold_loss":0,"cards_upgraded":["EmptyBody"]},{"cards_removed":["Strike_P"],"damage_healed":0,"gold_gain":0,"player_choice":"Upgrade and Remove","damage_taken":0,"max_hp_gain":0,"max_hp_loss":0,"event_name":"Designer","floor":19,"gold_loss":90,"cards_upgraded":["Defend_P"]},{"damage_healed":0,"gold_gain":0,"player_choice":"Fight","damage_taken":0,"max_hp_gain":0,"max_hp_loss":0,"event_name":"MindBloom","floor":36,"gold_loss":0},{"cards_removed":["FlyingSleeves"],"damage_healed":0,"gold_gain":0,"player_choice":"Removed Attack","damage_taken":0,"max_hp_gain":0,"max_hp_loss":0,"event_name":"Falling","floor":38,"gold_loss":0},{"damage_healed":0,"gold_gain":0,"player_choice":"Max HP","damage_taken":0,"max_hp_gain":0,"max_hp_loss":3,"event_name":"Winding Halls","floor":39,"gold_loss":0}],"is_beta":false,"boss_relics":[{"not_picked":["Astrolabe","Coffee Dripper"],"picked":"Philosopher\u0027s Stone"},{"not_picked":["Velvet Choker","Black Star"],"picked":"SlaversCollar"}],"items_purged_floors":[20,37,47],"is_endless":false,"potions_floor_spawned":[1,5,6,8,21,27,30,33,36,42,46],"ascension_level":14}}