{"host":"zefmhu9ryehjj4p1","time":1614425787,"event":{"mods":["100% Spire Juice","2.2 Compatiblity","Act Like it!","Aspiration","Aya Shameimaru","BaseMod","Beaked The Cultist","Better Note","CapriCore","ChefMod","Colored Powertips","Dark Map","DeckTracker","Downfall","Ekko","Elementarium","Friendly Minions","Gensokyo","Hallownest","Hermit","Highlight Path","Hubris","Infinite Spire","Koishi","LagranYue(???·?)","Library of Ruina","Library of Ruina Extra","Luminous","Marisa????????","Minty Spire (QoL Compilation)","Random Character Button","Reimu??????","Reliquary","Remilia??????","Replay The Spire","Ruina","Shade Mod","Shapeshifter Mod","StSLib","The Administrix","The Blue Laboratory","The Bug Knight","The Construct","The Cursed","The Gatherer","The Hierophant","The Immortal","The Judge","The Marked","The Mystic","The Runesmith","The Senshi","The Servant 0.9.4","The Vixen","The Wild Card","TheVacant","Wandering Minibosses"],"gold_per_floor":[110,110,110,110,126,152,152,152,152,152,181,200,200,219,219,324,324,342,292,223,223,242,242,253,15,93,119,119,129,129,143,143,143,143],"floor_reached":33,"language":"ENG","playtime":1812,"items_purged":[],"score":323,"play_id":"ff77b8af-1627-4d1c-a2a4-1920338e91dd","local_time":"20210227123627","is_ascension_mode":false,"campfire_choices":[{"data":"shameimaru:InstantShotJournalist","floor":7,"key":"SMITH"},{"floor":15,"key":"RECALL"},{"data":"shameimaru:QuickReporting","floor":23,"key":"SMITH"},{"floor":30,"key":"REST"},{"floor":32,"key":"REST"}],"circlet_count":0,"master_deck":["shameimaru:Strike","shameimaru:Strike","shameimaru:Strike","shameimaru:Defend","shameimaru:Defend","shameimaru:Defend","shameimaru:Defend","shameimaru:PlayfulTaunt","shameimaru:SnapshotStrike","shameimaru:Opportunity+1","shameimaru:MassDeletion","shameimaru:InstantShotJournalist+1","shameimaru:Tailwind","shameimaru:HitAndRun","shameimaru:Photoshoot","shameimaru:SpiralingTempest","AbeCurse","shameimaru:SuddenOutburst","shameimaru:QuickReporting+1","shameimaru:HurricaneOfFreedom+1","shameimaru:BlindingSpeed+1","shameimaru:Imitation+1"],"relics":["shameimaru:blackbirdfeather","aspiration:Nostalgia","hexamod:SpiritBrand","hubris:ToyBattleship","Onion Ring","WingedGreaves","Abe\u0027s Treasure","hubris:SphereOfDissonance","Replay:Bottled Flurry","reliquary:WeakTea"],"acts_visited":["Exordium","TheCity"],"potions_floor_usage":[27,29],"damage_taken":[{"damage":0,"enemies":"2 Louse","floor":1,"turns":6},{"damage":5,"enemies":"Jaw Worm","floor":5,"turns":4},{"damage":15,"enemies":"Gremlin Nob","floor":6,"turns":7},{"damage":28,"enemies":"3 Sentries","floor":11,"turns":11},{"damage":0,"enemies":"Small Slimes","floor":12,"turns":4},{"damage":0,"enemies":"Looter","floor":14,"turns":3},{"damage":0,"enemies":"Slime Boss","floor":16,"turns":7},{"damage":14,"enemies":"Spheric Guardian","floor":18,"turns":3},{"damage":0,"enemies":"Chosen","floor":22,"turns":3},{"damage":24,"enemies":"Shelled Parasite and Fungi","floor":24,"turns":3},{"damage":36,"enemies":"Slavers","floor":27,"turns":7},{"damage":5,"enemies":"Snake Plant","floor":29,"turns":2},{"damage":0,"enemies":"Sentry and Sphere","floor":31,"turns":3},{"damage":52,"enemies":"KingOfGreed","floor":33,"turns":5}],"seed_played":"-1827952786973769108","potions_obtained":[{"floor":1,"key":"blueLaboratory:LouseDecoction"},{"floor":11,"key":"SteroidPotion"},{"floor":16,"key":"hexamod:SoulburnPotion"},{"floor":27,"key":"blueLaboratory:BottleOfRum"}],"is_trial":false,"path_per_floor":["M","?","?","?","M","E","R","T","T","?","E","M","$","M","R","B",null,"M","?","$","?","M","R","M","$","T","E","?","M","R","M","R","B"],"character_chosen":"AYA","items_purchased":["shameimaru:QuickReporting","hubris:SphereOfDissonance"],"campfire_rested":2,"item_purchase_floors":[20,25],"current_hp_per_floor":[80,80,80,80,75,60,60,60,60,60,32,32,32,32,32,32,80,66,66,66,66,66,66,42,42,42,6,6,1,25,25,49,0,0],"gold":143,"neow_bonus":"NOSTALGIA","is_daily":false,"chose_seed":false,"campfire_upgraded":2,"win_rate":0.0,"timestamp":1614425787,"path_taken":["M","?","?","?","M","E","R","?","T","?","E","?","?","M","R","BOSS","M","?","?","?","M","R","M","$","T","E","?","M","R","M","R","BOSS"],"items_purchased_type":["Card","Relic"],"build_version":"2020-12-22","purchased_purges":0,"victory":false,"max_hp_per_floor":[80,80,80,80,80,80,80,80,80,80,80,80,80,80,80,80,80,80,80,80,80,80,80,80,80,80,80,80,80,80,80,80,80,80],"card_choices":[{"not_picked":["shameimaru:Imitation","shameimaru:PressRelease"],"picked":"shameimaru:Opportunity","floor":1},{"not_picked":["shameimaru:Persuade","shameimaru:DashingDomination"],"picked":"shameimaru:MassDeletion","floor":5},{"not_picked":["shameimaru:MassDeletion","shameimaru:ExclusiveScoop"],"picked":"shameimaru:InstantShotJournalist","floor":6},{"not_picked":["shameimaru:Preparation","shameimaru:CherishingBreeze"],"picked":"shameimaru:Tailwind","floor":11},{"not_picked":["shameimaru:Telescoping","shameimaru:CoerciveReport"],"picked":"shameimaru:HitAndRun","floor":12},{"not_picked":["shameimaru:WhispersOfTheWind","shameimaru:Preparation"],"picked":"shameimaru:Photoshoot","floor":14},{"not_picked":["shameimaru:PhotoAlbum","shameimaru:RapidEnhancement"],"picked":"shameimaru:SpiralingTempest","floor":16},{"not_picked":["shameimaru:AirCutter","shameimaru:DashingGrace"],"picked":"shameimaru:SuddenOutburst","floor":18},{"not_picked":["shameimaru:LoadedStatement","shameimaru:SuddenOutburst"],"picked":"shameimaru:HurricaneOfFreedom+1","floor":22},{"not_picked":["shameimaru:HitAndRun","shameimaru:Persuade"],"picked":"shameimaru:BlindingSpeed","floor":24},{"not_picked":["shameimaru:LoadedStatement","shameimaru:GuidingBreeze","shameimaru:HitAndRun"],"picked":"SKIP","floor":27},{"not_picked":["shameimaru:PeerlessWind+1","shameimaru:DashingGrace","shameimaru:CandidShot"],"picked":"SKIP","floor":29},{"not_picked":["shameimaru:DashingGrace","shameimaru:FlutteringFeyFan+1"],"picked":"shameimaru:Imitation+1","floor":31}],"player_experience":220185,"relics_obtained":[{"floor":6,"key":"hubris:ToyBattleship"},{"floor":9,"key":"Onion Ring"},{"floor":11,"key":"WingedGreaves"},{"floor":26,"key":"Replay:Bottled Flurry"},{"floor":27,"key":"reliquary:WeakTea"}],"event_choices":[{"damage_healed":0,"gold_gain":0,"player_choice":"Leave","damage_taken":0,"max_hp_gain":0,"max_hp_loss":0,"event_name":"FaceTrader","floor":10,"gold_loss":0},{"damage_healed":0,"gold_gain":0,"player_choice":"Bet on Murderer","damage_taken":0,"max_hp_gain":0,"max_hp_loss":0,"event_name":"The Joust","floor":19,"gold_loss":50},{"cards_removed":["shameimaru:Strike"],"damage_healed":0,"gold_gain":0,"player_choice":"Offered Basic","damage_taken":0,"max_hp_gain":0,"max_hp_loss":0,"event_name":"Bonfire Elementals","floor":21,"gold_loss":0},{"damage_healed":0,"gold_gain":0,"player_choice":"Forge","damage_taken":0,"max_hp_gain":0,"max_hp_loss":0,"event_name":"Accursed Blacksmith","floor":28,"gold_loss":0,"cards_upgraded":["shameimaru:BlindingSpeed"]}],"is_beta":false,"boss_relics":[{"not_picked":["ReplayTheSpireMod:DimensionalGlitch","hubris:RunicObelisk"],"picked":"Abe\u0027s Treasure"}],"items_purged_floors":[],"is_endless":false,"potions_floor_spawned":[1,11,16,22,27,29],"killed_by":"KingOfGreed","ascension_level":0}}