{"host":"pi8b3ffzwvxqztac","time":1614433277,"event":{"mods":["BaseMod","Colored Map","Custom Start","Downfall","Minty Spire (QoL Compilation)","StSLib"],"gold_per_floor":[115,115,135,135,155,186,186,186,212,222,222,247,247,259,259,364,364,380,173,188,188,0,12,12,40,40,55,5,5,5,31,31,136,136,154,154,171,171,171],"floor_reached":38,"language":"ENG","playtime":1286,"items_purged":["Strike_B"],"score":684,"play_id":"b157d5f2-4761-4797-847d-9912cc1a2876","local_time":"20210228024117","is_ascension_mode":true,"campfire_choices":[{"data":"Zap","floor":8,"key":"SMITH"},{"data":"Dualcast","floor":11,"key":"SMITH"},{"data":"Scrape","floor":13,"key":"SMITH"},{"floor":15,"key":"REST"},{"data":"Hologram","floor":24,"key":"SMITH"},{"floor":29,"key":"REST"},{"data":"Reinforced Body","floor":32,"key":"SMITH"}],"circlet_count":0,"master_deck":["Defend_B","Defend_B","Defend_B","Defend_B","Zap+1","Dualcast+1","Rebound+1","Scrape+1","Scrape+1","Hyperbeam+1","Rip and Tear+1","Rip and Tear+1","All For One+1","Reinforced Body+1","Hologram+1","Conserve Battery","Melter+1","Gash+1","Chill","Gash+1","Gash+1","Go for the Eyes+1","Scrape+1"],"relics":["Cracked Core","NeowsBlessing","Toy Ornithopter","Molten Egg 2","Happy Flower","Art of War","Nuclear Battery","Centennial Puzzle","HornCleat","Ancient Tea Set","Empty Cage"],"acts_visited":["Exordium","TheCity","TheBeyond"],"potions_floor_usage":[25,31,35],"damage_taken":[{"damage":0,"enemies":"Jaw Worm","floor":1,"turns":1},{"damage":0,"enemies":"2 Louse","floor":3,"turns":1},{"damage":0,"enemies":"Cultist","floor":5,"turns":1},{"damage":28,"enemies":"Gremlin Nob","floor":6,"turns":4},{"damage":0,"enemies":"Large Slime","floor":10,"turns":4},{"damage":10,"enemies":"3 Sentries","floor":12,"turns":5},{"damage":4,"enemies":"Red Slaver","floor":14,"turns":2},{"damage":0,"enemies":"Slime Boss","floor":16,"turns":4},{"damage":20,"enemies":"3 Byrds","floor":18,"turns":4},{"damage":0,"enemies":"Chosen","floor":20,"turns":3},{"damage":0,"enemies":"Sentry and Sphere","floor":23,"turns":2},{"damage":25,"enemies":"Book of Stabbing","floor":25,"turns":5},{"damage":0,"enemies":"Snecko","floor":27,"turns":3},{"damage":19,"enemies":"Slavers","floor":31,"turns":3},{"damage":39,"enemies":"Automaton","floor":33,"turns":8},{"damage":0,"enemies":"3 Darklings","floor":35,"turns":4},{"damage":4,"enemies":"Orb Walker","floor":37,"turns":2},{"damage":64,"enemies":"2 Orb Walkers","floor":38,"turns":4}],"seed_played":"941116457387406889","potions_obtained":[{"floor":3,"key":"SmokeBomb"},{"floor":5,"key":"SkillPotion"},{"floor":7,"key":"DuplicationPotion"},{"floor":7,"key":"Ancient Potion"},{"floor":25,"key":"SpeedPotion"},{"floor":31,"key":"Fire Potion"},{"floor":37,"key":"Ancient Potion"}],"is_trial":false,"path_per_floor":["M","?","M","?","M","E","?","R","T","M","R","E","R","M","R","B",null,"M","$","M","?","?","M","R","E","T","M","$","R","?","E","R","B",null,"M","?","M","?"],"character_chosen":"DEFECT","items_purchased":["Hologram","Conserve Battery","Melter+1","Gash+1"],"campfire_rested":2,"item_purchase_floors":[19,19,19,28],"current_hp_per_floor":[68,56,56,56,56,28,28,28,28,28,28,18,18,14,36,36,65,45,45,45,31,31,31,31,11,11,11,11,35,61,47,47,8,62,67,67,63,0,0],"gold":171,"neow_bonus":"THREE_ENEMY_KILL","is_daily":false,"chose_seed":false,"campfire_upgraded":5,"win_rate":0.0,"timestamp":1614433277,"path_taken":["M","?","M","?","?","E","?","R","T","?","R","E","R","M","R","BOSS","M","$","M","?","?","M","R","E","T","M","?","R","?","E","R","BOSS","M","?","?","?"],"items_purchased_type":["Card","Card","Card","Card"],"build_version":"2020-12-22","purchased_purges":1,"victory":false,"max_hp_per_floor":[75,75,75,75,75,75,75,75,75,75,75,75,75,75,75,75,75,75,75,75,80,80,80,80,80,80,80,80,80,80,80,80,80,80,80,80,80,80,80],"card_choices":[{"not_picked":["Compile Driver","Steam","Capacitor"],"picked":"SKIP","floor":1},{"not_picked":["Double Energy","BootSequence"],"picked":"Rebound","floor":3},{"not_picked":["Reprogram","Lockon"],"picked":"Scrape","floor":5},{"not_picked":["Hello World","White Noise"],"picked":"Scrape+1","floor":6},{"not_picked":["Consume","Barrage+1"],"picked":"Hyperbeam+1","floor":10},{"not_picked":["Hyperbeam+1","FTL+1"],"picked":"Rip and Tear+1","floor":12},{"not_picked":["Lockon+1","Heatsinks"],"picked":"Rip and Tear+1","floor":14},{"not_picked":["Reboot","Multi-Cast"],"picked":"All For One+1","floor":16},{"not_picked":["Loop","Darkness"],"picked":"Reinforced Body","floor":18},{"not_picked":["Darkness","Barrage+1","Consume"],"picked":"SKIP","floor":20},{"not_picked":["Streamline+1","Cold Snap+1"],"picked":"Gash+1","floor":23},{"not_picked":["Machine Learning","Defragment"],"picked":"Chill","floor":25},{"not_picked":["Defragment","Hologram","Coolheaded"],"picked":"SKIP","floor":27},{"not_picked":["Rainbow","BootSequence"],"picked":"Gash+1","floor":31},{"not_picked":["Sweeping Beam+1","Rebound+1"],"picked":"Go for the Eyes+1","floor":35},{"not_picked":["Lockon+1","Hologram"],"picked":"Scrape+1","floor":37}],"player_experience":842866,"relics_obtained":[{"floor":6,"key":"Molten Egg 2"},{"floor":9,"key":"Happy Flower"},{"floor":12,"key":"Art of War"},{"floor":25,"key":"Centennial Puzzle"},{"floor":26,"key":"HornCleat"},{"floor":31,"key":"Ancient Tea Set"}],"event_choices":[{"damage_healed":0,"gold_gain":0,"player_choice":"Success","damage_taken":12,"relics_obtained":["Toy Ornithopter"],"max_hp_gain":0,"max_hp_loss":0,"event_name":"Scrap Ooze","floor":2,"gold_loss":0},{"cards_removed":["Strike_B"],"damage_healed":0,"gold_gain":0,"player_choice":"Offered Basic","damage_taken":0,"max_hp_gain":0,"max_hp_loss":0,"event_name":"Bonfire Elementals","floor":4,"gold_loss":0},{"damage_healed":0,"gold_gain":0,"player_choice":"Got Potions","damage_taken":0,"max_hp_gain":0,"max_hp_loss":0,"event_name":"Lab","floor":7,"gold_loss":0},{"damage_healed":0,"gold_gain":0,"player_choice":"Shed Blood","damage_taken":19,"max_hp_gain":5,"max_hp_loss":0,"event_name":"Forgotten Altar","floor":21,"gold_loss":0},{"damage_healed":0,"gold_gain":0,"player_choice":"Paid Fearfully","damage_taken":0,"max_hp_gain":0,"max_hp_loss":0,"event_name":"Masked Bandits","floor":22,"gold_loss":188},{"damage_healed":26,"gold_gain":0,"player_choice":"Heal","damage_taken":0,"max_hp_gain":0,"max_hp_loss":0,"event_name":"The Library","floor":30,"gold_loss":0},{"damage_healed":0,"gold_gain":0,"player_choice":"Upgraded","damage_taken":0,"max_hp_gain":0,"max_hp_loss":0,"event_name":"Upgrade Shrine","floor":36,"gold_loss":0,"cards_upgraded":["Rebound"]},{"damage_healed":0,"gold_gain":0,"player_choice":"Fight","damage_taken":0,"max_hp_gain":0,"max_hp_loss":0,"event_name":"Mysterious Sphere","floor":38,"gold_loss":0}],"is_beta":false,"boss_relics":[{"not_picked":["Black Star","Snecko Eye"],"picked":"Nuclear Battery"},{"not_picked":["Fusion Hammer","Velvet Choker"],"picked":"Empty Cage"}],"items_purged_floors":[19],"is_endless":false,"potions_floor_spawned":[3,5,14,16,23,25,31,37],"killed_by":"2 Orb Walkers","ascension_level":9}}