{"host":"lktusdb9orijgc6z","time":1614411348,"event":{"mods":["BaseMod","Bestiary","Colored Map","Colored Powertips","Minty Spire (QoL Compilation)","Permanent Neow","Quick Restart","Relic Stats","StSLib","everything is the same but u backflip on backflip","slay the spire mod where everything is the same but ironclad has a cowboy hat"],"gold_per_floor":[115,128,146,161,161,161,192,211,235,270,280,280,307,319,319,393,393,411,411,426,426,53,85,85,85,85,97,97,132,144,176,176,247,247,257,257,269,13,31,56,73,100,100,100,50,50,65,83,83,83,83,83,83,33,64,64],"floor_reached":57,"language":"ENG","playtime":2088,"items_purged":["Writhe","Strike_G","Infinite Blades+1"],"score":3063,"play_id":"9bdf0cda-d773-4a54-8f98-a5e1a97cf0e8","local_time":"20210227083548","is_ascension_mode":true,"campfire_choices":[{"data":"Glass Knife","floor":6.0,"key":"SMITH"},{"data":"Crippling Poison","floor":12.0,"key":"SMITH"},{"data":"Wraith Form v2","floor":15.0,"key":"SMITH"},{"data":"Wraith Form v2","floor":24.0,"key":"SMITH"},{"data":"Poisoned Stab","floor":28.0,"key":"SMITH"},{"data":"Crippling Poison","floor":32.0,"key":"SMITH"},{"floor":44,"key":"REST"},{"floor":49,"key":"RECALL"},{"data":"Wraith Form v2","floor":53,"key":"SMITH"}],"circlet_count":0,"master_deck":["AscendersBane","Strike_G","Strike_G","Strike_G","Defend_G","Defend_G","Defend_G","Survivor","Neutralize","Dagger Throw","Sucker Punch","Glass Knife+1","Heel Hook","After Image","Poisoned Stab","Crippling Poison+1","Poisoned Stab+1","Wraith Form v2+1","Wraith Form v2+1","Deadly Poison+1","Bouncing Flask+1","Crippling Poison+1","Poisoned Stab+1","Venomology","Catalyst+1","Flechettes+1","Catalyst","Deadly Poison+1","Catalyst","Wraith Form v2+1","Wraith Form v2+1","Adrenaline"],"relics":["Velvet Choker","Vajra","Snake Skull","Smiling Mask","Toy Ornithopter","Runic Pyramid","Pantograph","Tough Bandages","Mummified Hand","Molten Egg 2","TungstenRod","Art of War","Astrolabe","Shovel","DollysMirror","Torii","Gremlin Horn","Pen Nib"],"acts_visited":["Exordium","TheCity","TheBeyond","TheEnding"],"potions_floor_usage":[51,51,56],"damage_taken":[{"damage":0.0,"enemies":"Cultist","floor":1.0,"turns":4.0},{"damage":0.0,"enemies":"Small Slimes","floor":2.0,"turns":3.0},{"damage":0.0,"enemies":"2 Louse","floor":3.0,"turns":3.0},{"damage":20.0,"enemies":"Large Slime","floor":4.0,"turns":6.0},{"damage":10.0,"enemies":"3 Sentries","floor":7.0,"turns":8.0},{"damage":3.0,"enemies":"Exordium Thugs","floor":8.0,"turns":2.0},{"damage":0.0,"enemies":"Lagavulin","floor":10.0,"turns":5.0},{"damage":0.0,"enemies":"2 Fungi Beasts","floor":11.0,"turns":2.0},{"damage":6.0,"enemies":"Gremlin Nob","floor":13.0,"turns":3.0},{"damage":1.0,"enemies":"Exordium Wildlife","floor":14.0,"turns":3.0},{"damage":12.0,"enemies":"The Guardian","floor":16.0,"turns":10.0},{"damage":11.0,"enemies":"Chosen","floor":18.0,"turns":5.0},{"damage":5.0,"enemies":"2 Thieves","floor":20.0,"turns":4.0},{"damage":11.0,"enemies":"Gremlin Leader","floor":23.0,"turns":8.0},{"damage":0.0,"enemies":"Cultist and Chosen","floor":27.0,"turns":7.0},{"damage":2.0,"enemies":"Book of Stabbing","floor":29.0,"turns":5.0},{"damage":0.0,"enemies":"Snake Plant","floor":30.0,"turns":4.0},{"damage":23.0,"enemies":"Slavers","floor":31.0,"turns":4.0},{"damage":17.0,"enemies":"Collector","floor":33.0,"turns":8.0},{"damage":0.0,"enemies":"3 Shapes","floor":35.0,"turns":4.0},{"damage":21.0,"enemies":"3 Darklings","floor":37.0,"turns":4.0},{"damage":41.0,"enemies":"Jaw Worm Horde","floor":39.0,"turns":5.0},{"damage":0.0,"enemies":"Nemesis","floor":40.0,"turns":5.0},{"damage":0.0,"enemies":"Transient","floor":41.0,"turns":5.0},{"damage":8,"enemies":"Giant Head","floor":42,"turns":4},{"damage":0,"enemies":"Maw","floor":47,"turns":6},{"damage":0,"enemies":"4 Shapes","floor":48,"turns":3},{"damage":23,"enemies":"Donu and Deca","floor":50,"turns":9},{"damage":0,"enemies":"Time Eater","floor":51,"turns":6},{"damage":0,"enemies":"Shield and Spear","floor":55,"turns":6},{"damage":3,"enemies":"The Heart","floor":56,"turns":8}],"seed_played":"-6281959786977957583","potions_obtained":[{"floor":3.0,"key":"CunningPotion"},{"floor":4.0,"key":"LiquidBronze"},{"floor":5.0,"key":"Poison Potion"},{"floor":11.0,"key":"DuplicationPotion"},{"floor":16.0,"key":"FairyPotion"},{"floor":33.0,"key":"Weak Potion"},{"floor":47,"key":"GamblersBrew"}],"is_trial":false,"path_per_floor":["M","M","M","M","?","R","E","M","T","E","M","R","E","M","R","B",null,"M","?","M","?","$","E","R","?","T","M","R","E","M","E","R","B",null,"M","?","M","$","M","E","M","E","T","R","$","?","M","M","R","B","B",null,"R","$","E","B",null],"character_chosen":"THE_SILENT","items_purchased":["Tough Bandages","Catalyst","DollysMirror"],"campfire_rested":1,"item_purchase_floors":[22,38,38],"current_hp_per_floor":[59,59,59,39,39,39,29,26,26,26,26,26,20,19,19,12,53,42,38,33,33,33,22,22,22,22,22,22,20,20,19,19,27,56,61,61,45,45,9,9,9,1,1,20,20,54,54,54,54,31,54,54,54,54,54,54],"gold":64,"neow_bonus":"BOSS_RELIC","is_daily":false,"chose_seed":false,"campfire_upgraded":7,"win_rate":0.0,"timestamp":1614411348,"path_taken":["M","M","M","M","?","R","E","M","T","E","?","R","E","M","R","BOSS","M","?","?","?","$","E","R","?","T","?","R","E","M","E","R","BOSS","M","?","M","?","M","E","M","E","T","R","$","?","M","M","R","BOSS","BOSS","R","$","E","BOSS"],"items_purchased_type":["Relic","Card","Relic"],"build_version":"2020-12-22","purchased_purges":3,"victory":true,"max_hp_per_floor":[66,66,66,66,66,66,66,66,66,66,66,66,66,66,66,66,66,66,66,66,66,66,66,66,66,66,66,66,66,66,66,66,66,66,66,66,66,66,66,66,66,66,66,66,66,54,54,54,54,54,54,54,54,54,54,54],"relic_stats":{"Torii":3,"Gremlin Horn":[4,4],"counters":[31,159],"Astrolabe":["Infinite Blades","Catalyst","Flechettes"],"Snake Skull":[217],"Pen Nib":[1],"Smiling Mask":150,"Tough Bandages":[66],"Shovel":0,"Mummified Hand":[71],"Pantograph":48,"Art of War":[6],"obtain_stats":[{"Torii":40,"Gremlin Horn":42,"Astrolabe":34,"Velvet Choker":0,"Vajra":7,"Snake Skull":9,"Pen Nib":55,"Smiling Mask":10,"Tough Bandages":22,"Shovel":36,"Mummified Hand":23,"DollysMirror":38,"Pantograph":21,"Molten Egg 2":26,"Art of War":31,"Toy Ornithopter":13,"TungstenRod":29,"Ring of the Snake":0,"Runic Pyramid":17},{"Torii":23,"Gremlin Horn":25,"Astrolabe":19,"Velvet Choker":0,"Vajra":5,"Snake Skull":6,"Pen Nib":30,"Smiling Mask":7,"Tough Bandages":13,"Shovel":20,"Mummified Hand":14,"DollysMirror":21,"Pantograph":13,"Molten Egg 2":14,"Art of War":18,"Toy Ornithopter":9,"TungstenRod":16,"Ring of the Snake":0,"Runic Pyramid":11},{"Torii":112,"Gremlin Horn":121,"Astrolabe":94,"Velvet Choker":0,"Vajra":24,"Snake Skull":26,"Pen Nib":151,"Smiling Mask":31,"Tough Bandages":58,"Shovel":98,"Mummified Hand":66,"DollysMirror":102,"Pantograph":58,"Molten Egg 2":66,"Art of War":86,"Toy Ornithopter":36,"TungstenRod":78,"Ring of the Snake":0,"Runic Pyramid":49}],"Toy Ornithopter":23,"TungstenRod":61},"card_choices":[{"not_picked":["Underhanded Strike","Blade Dance"],"picked":"Dagger Throw","floor":1.0},{"not_picked":["Bane","Slice"],"picked":"Sucker Punch","floor":2.0},{"not_picked":["Dagger Throw","Blade Dance"],"picked":"Glass Knife","floor":3.0},{"not_picked":["Dagger Throw","Flying Knee"],"picked":"Heel Hook","floor":4.0},{"not_picked":["Heel Hook","PiercingWail"],"picked":"After Image","floor":7.0},{"not_picked":["Dodge and Roll","Tactician"],"picked":"Poisoned Stab","floor":8.0},{"not_picked":["Reflex","Poisoned Stab"],"picked":"Crippling Poison","floor":10.0},{"not_picked":["Choke","Blade Dance","Infinite Blades"],"picked":"SKIP","floor":11.0},{"not_picked":["PiercingWail","Expertise"],"picked":"Poisoned Stab","floor":13.0},{"not_picked":["Dodge and Roll","Flying Knee"],"picked":"Wraith Form v2","floor":14.0},{"not_picked":["Malaise","Burst"],"picked":"Wraith Form v2","floor":16.0},{"not_picked":["Dagger Spray","Dagger Throw","Dodge and Roll"],"picked":"SKIP","floor":18.0},{"not_picked":["Dagger Throw","Cloak And Dagger","Riddle With Holes"],"picked":"SKIP","floor":20.0},{"not_picked":["Riddle With Holes","Blade Dance"],"picked":"Deadly Poison","floor":23.0},{"not_picked":["Flying Knee+1","Underhanded Strike+1"],"picked":"Bouncing Flask+1","floor":27.0},{"not_picked":["Poisoned Stab+1","Die Die Die+1"],"picked":"Crippling Poison","floor":29.0},{"not_picked":["Prepared","Bane+1"],"picked":"Poisoned Stab+1","floor":30.0},{"not_picked":["Backstab+1","Deadly Poison","Poisoned Stab+1"],"picked":"SKIP","floor":31.0},{"not_picked":["Unload+1","After Image"],"picked":"Venomology","floor":33.0},{"not_picked":["Bane+1","Poisoned Stab+1"],"picked":"Catalyst","floor":35.0},{"not_picked":["Deflect","Predator+1"],"picked":"Deadly Poison+1","floor":37.0},{"not_picked":["Accuracy","Finisher+1"],"picked":"Wraith Form v2","floor":39.0},{"not_picked":["Deadly Poison","Sucker Punch+1","Slice+1"],"picked":"SKIP","floor":40.0},{"not_picked":["Heel Hook+1","Concentrate+1","Prepared"],"picked":"SKIP","floor":41.0},{"not_picked":["Dodge and Roll","Flying Knee+1"],"picked":"Adrenaline","floor":42},{"not_picked":["Predator+1","Flying Knee+1","Eviscerate+1"],"picked":"SKIP","floor":47},{"not_picked":["Sucker Punch+1","Deflect+1","Skewer+1"],"picked":"SKIP","floor":48},{"not_picked":["Cloak And Dagger","Deadly Poison","Dodge and Roll+1"],"picked":"SKIP","floor":55}],"player_experience":835610,"relics_obtained":[{"floor":7.0,"key":"Vajra"},{"floor":9.0,"key":"Snake Skull"},{"floor":10.0,"key":"Smiling Mask"},{"floor":13.0,"key":"Toy Ornithopter"},{"floor":23.0,"key":"Mummified Hand"},{"floor":26.0,"key":"Molten Egg 2"},{"floor":29.0,"key":"TungstenRod"},{"floor":31.0,"key":"Art of War"},{"floor":40.0,"key":"Torii"},{"floor":42,"key":"Gremlin Horn"},{"floor":55,"key":"Pen Nib"}],"event_choices":[{"damage_healed":0.0,"max_hp_gain":0.0,"max_hp_loss":0.0,"gold_gain":0.0,"event_name":"Lab","player_choice":"Got Potions","floor":5.0,"gold_loss":0.0,"damage_taken":0.0},{"damage_healed":0.0,"max_hp_gain":0.0,"max_hp_loss":0.0,"gold_gain":0.0,"event_name":"The Woman in Blue","player_choice":"Bought 0 Potions","floor":19.0,"gold_loss":0.0,"damage_taken":0.0},{"damage_healed":0.0,"max_hp_gain":0.0,"max_hp_loss":0.0,"gold_gain":0.0,"event_name":"The Mausoleum","player_choice":"Opened","floor":21.0,"gold_loss":0.0,"damage_taken":0.0,"relics_obtained":["Pantograph"],"cards_obtained":["Writhe"]},{"damage_healed":0.0,"max_hp_gain":0.0,"max_hp_loss":0.0,"gold_gain":0.0,"event_name":"Accursed Blacksmith","player_choice":"Forge","floor":25.0,"gold_loss":0.0,"damage_taken":0.0,"cards_upgraded":["Deadly Poison"]},{"damage_healed":0.0,"max_hp_gain":0.0,"max_hp_loss":0.0,"gold_gain":0.0,"event_name":"WeMeetAgain","player_choice":"Gave Potion","floor":36.0,"gold_loss":0.0,"damage_taken":0.0,"relics_obtained":["Shovel"]},{"damage_healed":54,"gold_gain":0,"player_choice":"Heal","damage_taken":0,"max_hp_gain":0,"max_hp_loss":12,"event_name":"The Moai Head","floor":46,"gold_loss":0}],"is_beta":false,"boss_relics":[{"not_picked":["SacredBark","Sozu"],"picked":"Runic Pyramid"},{"not_picked":["Fusion Hammer","Runic Dome"],"picked":"Astrolabe"}],"items_purged_floors":[22,45,54],"is_endless":false,"potions_floor_spawned":[3,4,11,16,23,27,30,33,35,47,48],"ascension_level":20}}