{"host":"c97twqu0op5dg8i4","time":1614410782,"event":{"mods":["AchievementEnabler","BaseMod","Colored Map","Minty Spire (QoL Compilation)","Permanent Neow"],"gold_per_floor":[110,122,54,54,54,82,106,118,181,207,230,259,271,298,310,423,435,467,479,39,57,57,57,88,88,88,88,101,111,111,36,50,50,146,146,157,84,99,113,13,13,13,13,38,38,38,38,54,82,2,2,2,2],"floor_reached":54,"language":"ENG","playtime":1711,"items_purged":["Strike_R","Bash"],"score":1182,"play_id":"5c313147-de34-403c-937f-ffcef5939540","local_time":"20210227022622","is_ascension_mode":true,"campfire_choices":[{"floor":8.0,"key":"REST"},{"floor":15.0,"key":"REST"},{"floor":23.0,"key":"REST"},{"data":"Apotheosis","floor":25.0,"key":"SMITH"},{"data":"Shockwave","floor":33,"key":"SMITH"},{"floor":41,"key":"REST"},{"floor":43,"key":"REST"},{"floor":51,"key":"REST"},{"floor":52,"key":"RECALL"}],"circlet_count":0,"master_deck":["AscendersBane","Strike_R","Strike_R","Defend_R","Defend_R+1","Defend_R","Defend_R","Apotheosis+1","Rampage","Headbutt","Spot Weakness","True Grit","Shockwave+1","Flame Barrier","Headbutt","Immolate","Battle Trance+1","Metallicize+1","Shrug It Off","Immolate","Power Through","Flash of Steel","Rampage","Disarm"],"relics":["Burning Blood","MawBank","Bronze Scales","Philosopher\u0027s Stone","Centennial Puzzle","Medical Kit","Omamori","War Paint","TungstenRod","Lantern","Fusion Hammer","InkBottle","Eternal Feather","Blood Vial"],"acts_visited":["Exordium","TheCity","TheBeyond"],"potions_floor_usage":[34],"damage_taken":[{"damage":12.0,"enemies":"Small Slimes","floor":1.0,"turns":3.0},{"damage":2.0,"enemies":"Cultist","floor":2.0,"turns":4.0},{"damage":38.0,"enemies":"3 Sentries","floor":6.0,"turns":7.0},{"damage":4.0,"enemies":"2 Louse","floor":7.0,"turns":4.0},{"damage":3.0,"enemies":"Exordium Thugs","floor":10.0,"turns":5.0},{"damage":34.0,"enemies":"Lots of Slimes","floor":11.0,"turns":4.0},{"damage":2.0,"enemies":"Looter","floor":12.0,"turns":4.0},{"damage":21.0,"enemies":"Gremlin Gang","floor":14.0,"turns":6.0},{"damage":7.0,"enemies":"Slime Boss","floor":16.0,"turns":8.0},{"damage":34.0,"enemies":"Shell Parasite","floor":18.0,"turns":5.0},{"damage":6.0,"enemies":"Chosen","floor":21.0,"turns":3.0},{"damage":13.0,"enemies":"Gremlin Leader","floor":24.0,"turns":5.0},{"damage":8.0,"enemies":"Snecko","floor":28.0,"turns":5.0},{"damage":1.0,"enemies":"Centurion and Healer","floor":29.0,"turns":5.0},{"damage":5.0,"enemies":"Snake Plant","floor":32.0,"turns":4.0},{"damage":52,"enemies":"Automaton","floor":34,"turns":10},{"damage":17,"enemies":"Orb Walker","floor":36,"turns":4},{"damage":7,"enemies":"3 Shapes","floor":38,"turns":3},{"damage":30,"enemies":"Transient","floor":39,"turns":5},{"damage":18,"enemies":"Reptomancer","floor":44,"turns":6},{"damage":21,"enemies":"Maw","floor":48,"turns":7},{"damage":6,"enemies":"Giant Head","floor":49,"turns":7},{"damage":52,"enemies":"Awakened One","floor":53,"turns":13}],"seed_played":"8179170721130684438","potions_obtained":[{"floor":1.0,"key":"SkillPotion"},{"floor":6.0,"key":"CultistPotion"},{"floor":11.0,"key":"Block Potion"},{"floor":14.0,"key":"ElixirPotion"},{"floor":18.0,"key":"ColorlessPotion"},{"floor":21.0,"key":"SneckoOil"},{"floor":26.0,"key":"Ancient Potion"},{"floor":26.0,"key":"ColorlessPotion"},{"floor":28.0,"key":"Dexterity Potion"},{"floor":32.0,"key":"Energy Potion"},{"floor":34,"key":"FearPotion"},{"floor":44,"key":"Fire Potion"}],"is_trial":false,"path_per_floor":["M","M","$","?","$","E","M","R","T","M","M","M","?","M","R","B",null,"M","?","$","M","?","R","E","R","?","T","M","M","?","$","M","R","B",null,"M","$","M","M","$","R","?","R","E","T","?","?","M","E","$","R","R","B",null],"character_chosen":"IRONCLAD","items_purchased":["Spot Weakness","Medical Kit","Omamori","War Paint","Immolate","Disarm"],"campfire_rested":6,"item_purchase_floors":[3,20,20,20,37,50],"current_hp_per_floor":[45,49,49,49,49,17,19,43,43,46,18,22,22,7,31,30,68,40,40,40,40,40,64,57,57,57,57,55,60,60,60,61,61,15,64,53,53,52,28,28,52,52,74,62,62,62,62,47,47,47,76,76,30],"gold":2,"neow_bonus":"RANDOM_COLORLESS_2","is_daily":false,"chose_seed":false,"campfire_upgraded":2,"win_rate":0.0,"timestamp":1614410782,"path_taken":["M","M","$","?","?","E","?","R","T","M","M","M","?","M","R","BOSS","M","?","$","?","?","R","E","R","?","T","M","?","?","?","?","R","BOSS","M","$","M","M","$","R","?","R","E","T","?","?","M","E","?","R","R","BOSS"],"items_purchased_type":["Card","Relic","Relic","Relic","Card","Card"],"build_version":"2020-12-22","purchased_purges":2,"victory":true,"max_hp_per_floor":[80,80,80,80,80,80,80,80,80,80,80,80,80,80,80,80,80,80,80,80,80,80,80,80,80,80,80,80,80,80,80,80,80,80,80,80,80,80,80,80,80,76,76,76,76,76,76,76,76,76,76,76,76],"card_choices":[{"not_picked":["Transmutation","Master of Strategy"],"picked":"Apotheosis","floor":0.0},{"not_picked":["Hemokinesis","Havoc"],"picked":"Rampage","floor":1.0},{"not_picked":["Rage","Clothesline"],"picked":"Headbutt","floor":2.0},{"not_picked":["Feed","Dropkick"],"picked":"True Grit","floor":6.0},{"not_picked":["Body Slam","True Grit"],"picked":"Shockwave","floor":7.0},{"not_picked":["Body Slam","Perfected Strike","Iron Wave"],"picked":"SKIP","floor":10.0},{"not_picked":["Headbutt","Bludgeon"],"picked":"Flame Barrier","floor":11.0},{"not_picked":["Shrug It Off","Sword Boomerang"],"picked":"Headbutt","floor":12.0},{"not_picked":["Heavy Blade","Uppercut","Rage"],"picked":"SKIP","floor":14.0},{"not_picked":["Bludgeon","Feed"],"picked":"Immolate","floor":16.0},{"not_picked":["Dark Embrace+1","Dropkick"],"picked":"Battle Trance","floor":18.0},{"not_picked":["Headbutt","Flex","Metallicize+1"],"picked":"SKIP","floor":21.0},{"not_picked":["Fire Breathing","Havoc","Wild Strike"],"picked":"SKIP","floor":24.0},{"not_picked":["Armaments","Anger"],"picked":"Metallicize+1","floor":28.0},{"not_picked":["Sentinel","Entrench","Clothesline"],"picked":"SKIP","floor":29.0},{"not_picked":["Combust","Anger","Clash"],"picked":"SKIP","floor":32.0},{"not_picked":["Twin Strike","True Grit+1"],"picked":"Shrug It Off","floor":36},{"not_picked":["Rage","Body Slam"],"picked":"Power Through","floor":38},{"not_picked":["Perfected Strike+1","Sword Boomerang+1","Clothesline+1"],"picked":"SKIP","floor":39},{"not_picked":["Clash","Twin Strike"],"picked":"Metallicize","floor":44},{"not_picked":["The Bomb","Deep Breath"],"picked":"Flash of Steel","floor":47},{"not_picked":["Armaments","Whirlwind","Clash"],"picked":"SKIP","floor":48},{"not_picked":["Pommel Strike","Armaments"],"picked":"Rampage","floor":49}],"player_experience":432568,"relics_obtained":[{"floor":6.0,"key":"MawBank"},{"floor":9.0,"key":"Bronze Scales"},{"floor":24.0,"key":"TungstenRod"},{"floor":27.0,"key":"Lantern"},{"floor":44,"key":"InkBottle"},{"floor":45,"key":"Eternal Feather"},{"floor":49,"key":"Blood Vial"}],"event_choices":[{"cards_removed":["Strike_R"],"damage_healed":0.0,"max_hp_gain":0.0,"max_hp_loss":0.0,"gold_gain":0.0,"event_name":"Bonfire Elementals","player_choice":"Offered Basic","floor":4.0,"gold_loss":0.0,"damage_taken":0.0},{"damage_healed":0.0,"max_hp_gain":0.0,"max_hp_loss":0.0,"gold_gain":0.0,"event_name":"Dead Adventurer","player_choice":"Searched \u00270\u0027 times","floor":13.0,"gold_loss":0.0,"damage_taken":0.0},{"damage_healed":0.0,"max_hp_gain":0.0,"max_hp_loss":0.0,"gold_gain":0.0,"event_name":"WeMeetAgain","player_choice":"Gave Potion","floor":19.0,"gold_loss":0.0,"damage_taken":0.0,"relics_obtained":["Centennial Puzzle"]},{"cards_removed":["Strike_R"],"damage_healed":0.0,"max_hp_gain":0.0,"max_hp_loss":0.0,"gold_gain":0.0,"event_name":"Back to Basics","player_choice":"Elegance","floor":22.0,"gold_loss":0.0,"damage_taken":0.0},{"damage_healed":0.0,"max_hp_gain":0.0,"max_hp_loss":0.0,"gold_gain":0.0,"event_name":"Lab","player_choice":"Got Potions","floor":26.0,"gold_loss":0.0,"damage_taken":0.0},{"damage_healed":0.0,"max_hp_gain":0.0,"max_hp_loss":0.0,"gold_gain":0.0,"event_name":"Ghosts","player_choice":"Ignored","floor":30.0,"gold_loss":0.0,"damage_taken":0.0},{"damage_healed":0,"gold_gain":0,"player_choice":"Max HP","damage_taken":0,"max_hp_gain":0,"max_hp_loss":4,"event_name":"Winding Halls","floor":42,"gold_loss":0},{"cards_removed":["Metallicize"],"damage_healed":0,"gold_gain":0,"player_choice":"Removed Power","damage_taken":0,"max_hp_gain":0,"max_hp_loss":0,"event_name":"Falling","floor":46,"gold_loss":0},{"damage_healed":0,"gold_gain":0,"player_choice":"Memory 1","damage_taken":0,"max_hp_gain":0,"max_hp_loss":0,"event_name":"SensoryStone","floor":47,"gold_loss":0}],"is_beta":false,"boss_relics":[{"not_picked":["Runic Dome","Runic Cube"],"picked":"Philosopher\u0027s Stone"},{"not_picked":["Sozu","Coffee Dripper"],"picked":"Fusion Hammer"}],"items_purged_floors":[31,40],"is_endless":false,"potions_floor_spawned":[1,6,11,12,14,18,21,28,32,34,44,48,49],"ascension_level":12}}