{"host":"n1v11un6j7y72mz7","time":1614413706,"event":{"mods":["Act Like it!","BaseMod","Downfall","Minty Spire (QoL Compilation)","StSLib"],"gold_per_floor":[118,118,68,79,33,33,33,49,69,69,69,244,244,319,344,344,344,344],"floor_reached":17,"language":"ZHS","playtime":343,"items_purged":[],"score":119,"play_id":"70abeaaa-0bca-4087-9f54-7253a13a69b7","local_time":"20210227161506","is_ascension_mode":true,"campfire_choices":[{"data":"Prepared","floor":7,"key":"SMITH"},{"data":"Tools of the Trade","floor":16,"key":"SMITH"}],"circlet_count":0,"master_deck":["Strike_G","Strike_G","Defend_G","Defend_G","Defend_G","Defend_G","Defend_G","Survivor","Neutralize","Acrobatics","Prepared+1","Tools of the Trade+1","Noxious Fumes","Doubt","Flechettes"],"relics":["Ring of the Snake","Bronze Scales","Mercury Hourglass","Golden Idol"],"acts_visited":["Exordium"],"potions_floor_usage":[9],"damage_taken":[{"damage":2,"enemies":"Jaw Worm","floor":1,"turns":4},{"damage":1,"enemies":"Small Slimes","floor":4,"turns":4},{"damage":10,"enemies":"Cultist","floor":8,"turns":4},{"damage":11,"enemies":"Lots of Slimes","floor":9,"turns":4},{"damage":2,"enemies":"Blue Slaver","floor":15,"turns":4},{"damage":28,"enemies":"Slime Boss","floor":17,"turns":3}],"seed_played":"1213330537064287751","potions_obtained":[{"floor":4,"key":"Weak Potion"},{"floor":8,"key":"Fire Potion"}],"is_trial":false,"path_per_floor":["M","?","?","M","$","?","R","M","M","T","$","?","?","?","M","R","B"],"character_chosen":"THE_SILENT","items_purchased":["Prepared"],"campfire_rested":0,"item_purchase_floors":[5],"current_hp_per_floor":[68,61,61,60,60,60,60,50,39,39,39,39,39,28,26,26,0,0],"gold":344,"neow_bonus":"RANDOM_COMMON_RELIC","is_daily":false,"chose_seed":false,"campfire_upgraded":2,"win_rate":0.0,"timestamp":1614413706,"path_taken":["M","?","?","M","$","?","R","M","?","T","?","?","?","?","M","R","BOSS"],"items_purchased_type":["Card"],"build_version":"2020-12-22","purchased_purges":0,"victory":false,"max_hp_per_floor":[70,70,70,70,70,70,70,70,70,70,70,70,65,65,65,65,65,65],"card_choices":[{"not_picked":["Deflect","Flying Knee","Underhanded Strike"],"picked":"SKIP","floor":1},{"not_picked":["Prepared","Skewer"],"picked":"Acrobatics","floor":4},{"not_picked":["Outmaneuver","Backflip"],"picked":"Tools of the Trade","floor":8},{"not_picked":["Deflect","Reflex"],"picked":"Noxious Fumes","floor":9},{"not_picked":["Blade Dance","Leg Sweep"],"picked":"Flechettes","floor":15}],"player_experience":229197,"relics_obtained":[{"floor":10,"key":"Mercury Hourglass"}],"event_choices":[{"cards_removed":["Strike_G"],"damage_healed":0,"gold_gain":0,"player_choice":"Card Removal","damage_taken":7,"max_hp_gain":0,"max_hp_loss":0,"event_name":"Golden Wing","floor":2,"gold_loss":0},{"cards_removed":["Strike_G"],"damage_healed":0,"gold_gain":0,"player_choice":"Card Removal","damage_taken":0,"max_hp_gain":0,"max_hp_loss":0,"event_name":"The Cleric","floor":3,"gold_loss":50},{"cards_removed":["Strike_G"],"damage_healed":0,"gold_gain":0,"player_choice":"Card Removal","damage_taken":0,"max_hp_gain":0,"max_hp_loss":0,"event_name":"Wheel of Change","floor":6,"gold_loss":0},{"damage_healed":0,"gold_gain":175,"player_choice":"AGREE","damage_taken":0,"max_hp_gain":0,"max_hp_loss":0,"event_name":"Liars Game","floor":12,"gold_loss":0,"cards_obtained":["Doubt"]},{"damage_healed":0,"gold_gain":0,"player_choice":"Lose Max HP","damage_taken":0,"relics_obtained":["Golden Idol"],"max_hp_gain":0,"max_hp_loss":5,"event_name":"Golden Idol","floor":13,"gold_loss":0},{"damage_healed":0,"gold_gain":75,"player_choice":"Gather Gold","damage_taken":11,"max_hp_gain":0,"max_hp_loss":0,"event_name":"World of Goop","floor":14,"gold_loss":0}],"is_beta":false,"boss_relics":[],"items_purged_floors":[],"is_endless":false,"potions_floor_spawned":[4,8],"killed_by":"Slime Boss","ascension_level":5}}