{"host":"89ki4406vw77ltpv","time":1614407271,"event":{"mods":["BaseMod","Colored Map","Downfall","Minty Spire (QoL Compilation)","Spire Arcade","StSLib"],"gold_per_floor":[349,361,86,86,86,186,210,210,222,233,233,233,133,144,157,259,259,259,270,286,30,130,163,163,190,227,39,51,63,93,124,148,256,268,280,306,330,353,77,111,136,272,292,292,345,368,418,206,219,219,219,219,219,219],"floor_reached":52,"language":"ENG","playtime":4674,"items_purged":[],"score":790,"play_id":"7e998eda-dc62-4f2d-bba2-edc1145be15a","local_time":"20210227012751","is_ascension_mode":false,"campfire_choices":[{"data":"Guardian:TwinSlam","floor":1,"key":"SMITH"},{"floor":18,"key":"RECALL"},{"floor":27,"key":"REST"},{"data":"Guardian:StasisField","floor":29,"key":"SMITH"},{"data":"Guardian:DecasProtection","floor":35,"key":"SMITH"},{"data":"Guardian:FastForward","floor":44,"key":"SMITH"}],"circlet_count":0,"master_deck":["Guardian:Strike_Guardian","Guardian:Strike_Guardian","Guardian:Defend_Guardian","Guardian:Defend_Guardian","Guardian:Defend_Guardian","Guardian:Defend_Guardian","Guardian:CurlUp","Guardian:TwinSlam+1","Guardian:RollAttack","Guardian:SentryBeam","Guardian:RefractedBeam","Guardian:DecasProtection","Guardian:Recover","Guardian:BronzeOrb","Guardian:Repulse","Guardian:StasisField+1","Guardian:TemporalShield","Guardian:BronzeOrb","Guardian:PrimingBeam+1","Guardian:ChargeCore","Guardian:ChargeCore+1","Guardian:CrystalBeam","Guardian:ChargeCore+1","Guardian:TemporalStrike","Guardian:Preprogram","Guardian:Recover","Guardian:DonusPower","Guardian:DecasProtection+1","Guardian:TemporalStrike","Guardian:FastForward+1","Guardian:MultiBeam+1","Guardian:Reroute+1","Guardian:ExploitGems","Guardian:TemporalStrike+1","Guardian:Planning","Guardian:PrismaticBeam+1","Guardian:WalkerClaw+1","Guardian:Suspension","Guardian:TemporalStrike+1","Guardian:ShieldSpikes+1","Guardian:Incinerate+1","Guardian:EvasiveProtocol","Guardian:ShieldSpikes","Guardian:PiercingHide","Guardian:ShieldCharger+1","Guardian:Incinerate+1","Guardian:StasisStrike+1","Guardian:Gem_Red","Guardian:Gem_Green","Guardian:WalkerClaw+1"],"relics":["Guardian:ModeShifter","Tiny Chest","Toy Ornithopter","Guardian:PickAxe","Bag of Preparation","downfall:HeartBlessingBlue","Black Star","Orrery","MutagenicStrength","Happy Flower","Molten Egg 2","Centennial Puzzle","MawBank","Bag of Marbles","downfall:HeartBlessingRed","downfall:HeartBlessingGreen","Philosopher\u0027s Stone","Membership Card","Whetstone","Letter Opener","Regal Pillow","Nunchaku","Guardian:BottledStasis","Unceasing Top","Ancient Tea Set","Ginger","Ornamental Fan"],"acts_visited":["Exordium","TheCity","TheBeyond","TheEnding"],"potions_floor_usage":[16,20,23,33,33,50,50,50],"damage_taken":[{"damage":1,"enemies":"Cultist","floor":2,"turns":4},{"damage":0,"enemies":"downfall:FleeingMerchant","floor":3,"turns":4},{"damage":11,"enemies":"downfall:FleeingMerchant","floor":5,"turns":4},{"damage":5,"enemies":"Jaw Worm","floor":9,"turns":3},{"damage":7,"enemies":"Small Slimes","floor":10,"turns":3},{"damage":9,"enemies":"Exordium Thugs","floor":14,"turns":6},{"damage":9,"enemies":"Blue Slaver","floor":15,"turns":3},{"damage":23,"enemies":"SI_SHIV_ARCHETYPE","floor":16,"turns":13},{"damage":27,"enemies":"3 Byrds","floor":19,"turns":9},{"damage":15,"enemies":"downfall:LooterAlt2","floor":20,"turns":5},{"damage":1,"enemies":"downfall:FleeingMerchant","floor":21,"turns":4},{"damage":18,"enemies":"downfall:Augmenter","floor":22,"turns":9},{"damage":25,"enemies":"Book of Stabbing","floor":23,"turns":6},{"damage":0,"enemies":"Snake Plant","floor":30,"turns":2},{"damage":2,"enemies":"Centurion and Healer","floor":31,"turns":2},{"damage":0,"enemies":"Shelled Parasite and Fungi","floor":32,"turns":2},{"damage":31,"enemies":"WA_ARCHETYPE_CALM","floor":33,"turns":11},{"damage":9,"enemies":"3 Darklings","floor":36,"turns":3},{"damage":0,"enemies":"3 Shapes","floor":37,"turns":1},{"damage":0,"enemies":"Spire Growth","floor":38,"turns":2},{"damage":7,"enemies":"downfall:FleeingMerchant","floor":39,"turns":4},{"damage":2,"enemies":"Reptomancer","floor":40,"turns":4},{"damage":0,"enemies":"downfall:FleeingMerchant","floor":42,"turns":1},{"damage":14,"enemies":"Maw","floor":43,"turns":6},{"damage":0,"enemies":"2 Orb Walkers","floor":45,"turns":2},{"damage":0,"enemies":"2 Orb Walkers","floor":47,"turns":6},{"damage":2,"enemies":"4 Shapes","floor":49,"turns":5},{"damage":29,"enemies":"DF_ARCHETYPE_ORBS","floor":50,"turns":5},{"damage":112,"enemies":"downfall:CharBossMerchant","floor":52,"turns":8}],"seed_played":"-6332093473288419876","potions_obtained":[{"floor":9,"key":"bronze:BurnAndBuffPotion"},{"floor":10,"key":"BlessingOfTheForge"},{"floor":15,"key":"bronze:BurnAndBuffPotion"},{"floor":22,"key":"SkillPotion"},{"floor":30,"key":"Block Potion"},{"floor":32,"key":"SkillPotion"},{"floor":33,"key":"Explosive Potion"},{"floor":37,"key":"DuplicationPotion"},{"floor":38,"key":"Dexterity Potion"},{"floor":49,"key":"SkillPotion"}],"is_trial":false,"path_per_floor":["R","M","$","?","?","?","T","R","M","M","R","T","R","M","M","B",null,"R","M","M","$","?","E","T","T","T","R","?","R","M","M","M","B",null,"R","M","M","M","$","E","T","$","M","R","?","T","?","$","M","B",null,"E"],"character_chosen":"GUARDIAN","items_purchased":["Guardian:RefractedBeam","Tiny Chest","Guardian:DecasProtection","Orrery","Guardian:Preprogram","Guardian:Recover","Membership Card","Guardian:Suspension","Guardian:TemporalStrike+1","Whetstone","Guardian:Incinerate+1","Guardian:Gem_Synthetic","Guardian:BottledStasis","Guardian:EvasiveProtocol","Guardian:ShieldSpikes","Ornamental Fan","Guardian:StasisStrike+1","Guardian:Gem_Red","Guardian:Gem_Green"],"campfire_rested":1,"item_purchase_floors":[3,3,3,21,21,21,39,39,39,39,42,42,42,42,42,48,48,48,48],"current_hp_per_floor":[72,71,71,71,54,54,54,54,49,42,42,42,52,43,34,16,82,82,55,45,44,26,6,6,6,6,30,30,30,30,28,28,7,82,82,73,73,73,66,64,64,64,50,50,50,50,50,50,48,34,82,0,0,0],"gold":219,"neow_bonus":"TWO_FIFTY_GOLD","is_daily":false,"chose_seed":false,"campfire_upgraded":4,"win_rate":0.0,"timestamp":1614407271,"path_taken":["R","M","$","?","?","?","T","R","M","M","R","?","R","?","M","BOSS","R","M","M","$","?","E","T","?","?","R","?","R","M","?","M","BOSS","R","M","M","M","$","E","T","$","M","R","?","?","?","?","M","BOSS","E"],"items_purchased_type":["Card","Relic","Card","Relic","Card","Card","Relic","Card","Card","Relic","Card","Card","Relic","Card","Card","Relic","Card","Card","Card"],"build_version":"2020-12-22","purchased_purges":0,"victory":false,"max_hp_per_floor":[72,72,72,72,72,72,72,72,72,72,72,72,82,82,82,82,82,82,82,82,82,82,82,82,82,82,82,82,82,82,82,82,82,82,82,82,82,82,82,82,82,82,82,82,82,82,82,82,82,82,82,82,82,82],"card_choices":[{"not_picked":["Guardian:Gem_Green","Guardian:Incinerate"],"picked":"Guardian:RollAttack","floor":2},{"not_picked":["Guardian:GuardianWhirl","Guardian:PrimingBeam"],"picked":"Guardian:SentryBeam","floor":3},{"not_picked":["Guardian:TimeCapacitor","Guardian:Orbwalk"],"picked":"Guardian:Recover","floor":9},{"not_picked":["Guardian:GuardianWhirl","Guardian:FloatingOrbs"],"picked":"Guardian:BronzeOrb","floor":10},{"not_picked":["Guardian:SentryBeam","Guardian:TimeCapacitor"],"picked":"Guardian:Gem_Synthetic","floor":14},{"not_picked":["Guardian:Gem_Red","Guardian:GuardianWhirl"],"picked":"Guardian:Repulse","floor":15},{"not_picked":["Guardian:BaubleBeam","Guardian:HyperBeam_Guardian"],"picked":"Guardian:StasisField","floor":16},{"not_picked":["Guardian:Gem_Red","Guardian:RefractedBeam+1"],"picked":"Guardian:TemporalShield","floor":19},{"not_picked":["Guardian:ArmoredProtocol","Guardian:Gem_Red"],"picked":"Guardian:BronzeOrb","floor":20},{"not_picked":["Guardian:Gem_Cyan","Guardian:TemporalShield"],"picked":"Guardian:PrimingBeam+1","floor":21},{"not_picked":["Guardian:RollAttack","Guardian:TimeBomb"],"picked":"Guardian:ChargeCore","floor":21},{"not_picked":["Guardian:BronzeOrb","Guardian:Gem_Red"],"picked":"Guardian:ChargeCore","floor":21},{"not_picked":["Guardian:FierceBash","Guardian:GuardianWhirl+1"],"picked":"Guardian:CrystalBeam","floor":21},{"not_picked":["Guardian:RollAttack+1","Guardian:Gem_Lightblue"],"picked":"Guardian:ChargeCore","floor":21},{"not_picked":["Guardian:BronzeOrb","Guardian:Gem_Red"],"picked":"Guardian:TemporalStrike","floor":21},{"not_picked":["Guardian:VentSteam","Guardian:ChargeCore"],"picked":"Guardian:DonusPower","floor":22},{"not_picked":["Guardian:Suspension","Guardian:Gem_Red"],"picked":"Guardian:FastForward","floor":23},{"not_picked":["Guardian:TemporalStrike+1","Guardian:RollAttack+1"],"picked":"Guardian:MultiBeam+1","floor":30},{"not_picked":["Guardian:SentryBeam+1","Guardian:Suspension"],"picked":"Guardian:Gem_Purple","floor":31},{"not_picked":["Guardian:Gem_Fragmented","Guardian:WalkerClaw+1"],"picked":"Guardian:Reroute+1","floor":32},{"not_picked":["Guardian:SphericShield","Guardian:Gem_Orange"],"picked":"Guardian:ExploitGems","floor":33},{"not_picked":["Guardian:CrystalBeam+1","Guardian:BodySlam+1"],"picked":"Guardian:TemporalStrike+1","floor":36},{"not_picked":["Guardian:RefractedBeam+1","Guardian:CrystalBeam+1"],"picked":"Guardian:Planning","floor":37},{"not_picked":["Guardian:Planning+1","Guardian:Gem_Lightblue"],"picked":"Guardian:PrismaticBeam+1","floor":38},{"not_picked":["Guardian:Harden+1","Guardian:Gem_Lightblue"],"picked":"Guardian:WalkerClaw+1","floor":39},{"not_picked":["Guardian:DecasProtection","Guardian:PrismaticBarrier"],"picked":"Guardian:ShieldSpikes+1","floor":40},{"not_picked":["Guardian:ShieldCharger+1","Guardian:CrystalBeam+1"],"picked":"Guardian:Gem_Cyan","floor":42},{"not_picked":["Guardian:SentryBeam+1","Guardian:Suspension+1"],"picked":"Guardian:PiercingHide","floor":43},{"not_picked":["Guardian:CrystalBeam+1","Guardian:VentSteam"],"picked":"Guardian:ShieldCharger+1","floor":45},{"not_picked":["Guardian:Gem_Synthetic","Guardian:ShieldCharger"],"picked":"Guardian:Incinerate+1","floor":47},{"not_picked":["Guardian:Incinerate+1","Guardian:ChargeCore+1"],"picked":"Guardian:WalkerClaw+1","floor":49}],"player_experience":827329,"relics_obtained":[{"floor":12,"key":"Bag of Preparation"},{"floor":22,"key":"MutagenicStrength"},{"floor":23,"key":"Happy Flower"},{"floor":23,"key":"Molten Egg 2"},{"floor":24,"key":"Centennial Puzzle"},{"floor":25,"key":"MawBank"},{"floor":26,"key":"Bag of Marbles"},{"floor":40,"key":"Letter Opener"},{"floor":40,"key":"Regal Pillow"},{"floor":41,"key":"Nunchaku"},{"floor":45,"key":"Unceasing Top"},{"floor":46,"key":"Ancient Tea Set"},{"floor":47,"key":"Ginger"}],"event_choices":[{"damage_healed":0,"gold_gain":0,"player_choice":"Box","damage_taken":0,"relics_obtained":["Toy Ornithopter"],"max_hp_gain":0,"max_hp_loss":0,"event_name":"Big Fish","floor":4,"gold_loss":0,"cards_obtained":["Regret"]},{"damage_healed":0,"gold_gain":0,"player_choice":"Fight","damage_taken":0,"max_hp_gain":0,"max_hp_loss":0,"event_name":"Mysterious Sphere","floor":45,"gold_loss":0}],"is_beta":false,"boss_relics":[{"not_picked":["Sozu","Runic Dome"],"picked":"Black Star"},{"not_picked":["Snecko Eye","Empty Cage"],"picked":"Philosopher\u0027s Stone"}],"items_purged_floors":[],"is_endless":false,"potions_floor_spawned":[9,10,15,22,30,32,33,37,38,43,49],"killed_by":"downfall:CharBossMerchant","ascension_level":0}}