{"host":"5h6e4l6hpn0p5lap","time":1614395178,"event":{"mods":["AchievementEnabler","BaseMod","Better Altar","Better Match","Better Sensory Stone","Better Skull","Better Third Choice","Colored Map","Filter the Spire","Minty Spire (QoL Compilation)","StSLib"],"gold_per_floor":[119,135,153,153,172,172,200,211,260,35,35,108,121,121,121,217,217,230,230,230],"floor_reached":19,"language":"ENG","playtime":622,"items_purged":["Normality"],"score":254,"play_id":"7bd93d9e-ea53-4a8b-aaa7-130d8d117f04","local_time":"20210226220618","is_ascension_mode":true,"campfire_choices":[{"data":"Bane","floor":6,"key":"SMITH"},{"floor":15,"key":"REST"}],"circlet_count":0,"master_deck":["AscendersBane","Survivor","Neutralize+1","Dagger Spray+1","Poisoned Stab","Bane+1","Masterful Stab","Deadly Poison","Noxious Fumes","Bane","Slice","Footwork","Corpse Explosion","Terror","Unload","PiercingWail","Eviscerate","PiercingWail","Bane","Distraction","Caltrops","Distraction","Deadly Poison","Blade Dance","All Out Attack","Leg Sweep+1"],"relics":["Cursed Key","Juzu Bracelet","Whetstone","Orrery","Pandora\u0027s Box"],"acts_visited":["Exordium","TheCity"],"potions_floor_usage":[7],"damage_taken":[{"damage":2,"enemies":"Small Slimes","floor":1,"turns":5},{"damage":0,"enemies":"Cultist","floor":2,"turns":5},{"damage":4,"enemies":"2 Louse","floor":3,"turns":2},{"damage":4,"enemies":"Blue Slaver","floor":5,"turns":4},{"damage":30,"enemies":"Lagavulin","floor":7,"turns":6},{"damage":8,"enemies":"Exordium Wildlife","floor":8,"turns":3},{"damage":0,"enemies":"Large Slime","floor":13,"turns":4},{"damage":6,"enemies":"Slime Boss","floor":16,"turns":8},{"damage":23,"enemies":"Chosen","floor":18,"turns":4},{"damage":0,"enemies":"2 Thieves","floor":19,"turns":1}],"seed_played":"2162435791250693043","potions_obtained":[{"floor":3,"key":"Energy Potion"},{"floor":5,"key":"SteroidPotion"},{"floor":7,"key":"LiquidBronze"}],"is_trial":false,"path_per_floor":["M","M","M","?","M","R","E","M","T","$","?","?","M","?","R","B",null,"M","M"],"character_chosen":"THE_SILENT","items_purchased":["Orrery"],"campfire_rested":1,"item_purchase_floors":[10],"current_hp_per_floor":[61,61,57,70,66,66,36,28,28,28,28,28,28,28,49,43,63,40,40,40],"gold":230,"neow_bonus":"BOSS_RELIC","is_daily":false,"chose_seed":false,"campfire_upgraded":1,"win_rate":0.0,"timestamp":1614395178,"path_taken":["M","M","M","?","M","R","E","M","T","$","?","?","M","?","R","BOSS","M","M"],"items_purchased_type":["Relic"],"build_version":"2020-12-22","purchased_purges":1,"victory":false,"max_hp_per_floor":[70,70,70,70,70,70,70,70,70,70,70,70,70,70,70,70,70,70,70,70],"card_choices":[{"not_picked":["Deflect","Reflex"],"picked":"Dagger Spray","floor":1},{"not_picked":["PiercingWail","Prepared"],"picked":"Poisoned Stab","floor":2},{"not_picked":["Deadly Poison","Quick Slash"],"picked":"Bane","floor":3},{"not_picked":["Storm of Steel","Quick Slash"],"picked":"Masterful Stab","floor":5},{"not_picked":["Blade Dance","Dagger Spray"],"picked":"Deadly Poison","floor":7},{"not_picked":["Quick Slash","Deadly Poison"],"picked":"Noxious Fumes","floor":8},{"not_picked":["Eviscerate","Accuracy"],"picked":"Bane","floor":10},{"not_picked":["Cloak And Dagger","Choke"],"picked":"Slice","floor":10},{"not_picked":["Bouncing Flask","Prepared"],"picked":"Footwork","floor":10},{"not_picked":["Crippling Poison","Backstab"],"picked":"Corpse Explosion","floor":10},{"not_picked":["Riddle With Holes","Cloak And Dagger"],"picked":"Terror","floor":10},{"not_picked":["Sucker Punch","Cloak And Dagger"],"picked":"PiercingWail","floor":13},{"not_picked":["PiercingWail+1","Blade Dance"],"picked":"Leg Sweep+1","floor":18}],"player_experience":1185519,"relics_obtained":[{"floor":7,"key":"Juzu Bracelet"},{"floor":9,"key":"Whetstone"}],"event_choices":[{"damage_healed":23,"gold_gain":0,"player_choice":"Banana","damage_taken":0,"max_hp_gain":0,"max_hp_loss":0,"event_name":"Big Fish","floor":4,"gold_loss":0},{"damage_healed":0,"gold_gain":0,"cards_transformed":["Strike_G"],"player_choice":"Transformed","damage_taken":0,"max_hp_gain":0,"max_hp_loss":0,"event_name":"Transmorgrifier","floor":11,"gold_loss":0,"cards_obtained":["Unload"]},{"damage_healed":0,"gold_gain":73,"player_choice":"Gained Gold","damage_taken":0,"max_hp_gain":0,"max_hp_loss":0,"event_name":"Golden Wing","floor":12,"gold_loss":0},{"damage_healed":0,"gold_gain":0,"player_choice":"Ignored","damage_taken":121,"max_hp_gain":0,"max_hp_loss":0,"event_name":"betterThird:BetterSerpent","floor":14,"gold_loss":0}],"is_beta":false,"boss_relics":[{"not_picked":["WristBlade","SacredBark"],"picked":"Pandora\u0027s Box"}],"items_purged_floors":[10],"is_endless":false,"potions_floor_spawned":[3,5,7],"killed_by":"2 Thieves","ascension_level":10}}