{"host":"ujw6l3a2nhn97ib9","time":1614398087,"event":{"mods":["BaseMod","Hermit","Koishi","Lobotomy","Minty Spire (QoL Compilation)","Replay The Spire","StSLib","The Bug Knight","The Cursed","The Dragon Tamer","The Hierophant","The Jungle","The Poker Player","The Runesmith"],"gold_per_floor":[109,124,135,135,68,99,110,128,128,163,181,209,209,236,236,341,341,355,366,306,321,126,157,174,39,39,124,157,157,174,187,187,289,289,305,305,355,355,355,355,655,683,759,792,63,63,130,55,55,95],"floor_reached":51,"language":"KOR","playtime":3145,"items_purged":["hermit:Defend_Hermit","Regret","Hallucinations","Amnesia"],"score":804,"play_id":"953a0dba-3b97-490b-a6a3-2898060b2de0","local_time":"20210227125447","is_ascension_mode":true,"campfire_choices":[{"data":"hermit:Combo","floor":13.0,"key":"SMITH"},{"floor":29.0,"key":"REST"},{"floor":32.0,"key":"REST"},{"data":"hermit:EyeOfTheStorm","floor":40,"key":"SMITH"},{"floor":49,"key":"DIG"}],"circlet_count":0,"master_deck":["hermit:Strike_Hermit","hermit:Strike_Hermit","hermit:Strike_Hermit","hermit:Strike_Hermit","hermit:Defend_Hermit","hermit:Snapshot+1","hermit:Covet","hermit:GoldenBullet","hermit:Glare","hermit:Enervate","hermit:EyeOfTheStorm+1","hermit:Ricochet+1","hermit:Combo+1","hermit:ItchyTrigger","hermit:Deadeye+1","hermit:Quickdraw+1","hermit:Glare+1","hermit:DeadMansHand+1","hermit:EyeOfTheStorm+1"],"relics":["Empty Cage","Anchor","Counterbalance","The Courier","Durian","Ice Cream","Frozen Egg 2","Ring of Chaos","hermit:PetGhost","Whetstone","theJungle:Flamango","Bag of Marbles","Strawberry","Blood Vial","Philosopher\u0027s Stone","Torii","HornCleat","ReplayTheSpireMod:Ring of Sloth","ReplayTheSpireMod:Ring of Collecting","Old Coin","ReplayTheSpireMod:Ring of Addiction","White Beast Statue","Chameleon Ring","Regal Pillow","MealTicket","Ring of Greed","Membership Card","Replay:Bandana","Potion Belt","Divine Protection","Replay:Rubber Ducky","Mercury Hourglass","DollysMirror","Onion Ring","Lizard Tail","Replay:Baseball","ReplayTheSpireMod:Lightbulb"],"acts_visited":["Exordium","Exordium","TheBeyond"],"potions_floor_usage":[42,42,42,50],"damage_taken":[{"damage":0.0,"enemies":"Small Slimes","floor":1.0,"turns":3.0},{"damage":0.0,"enemies":"Cultist","floor":2.0,"turns":3.0},{"damage":1.0,"enemies":"Jaw Worm","floor":3.0,"turns":4.0},{"damage":26.0,"enemies":"Lagavulin","floor":6.0,"turns":4.0},{"damage":0.0,"enemies":"Looter","floor":7.0,"turns":2.0},{"damage":1.0,"enemies":"Exordium Wildlife","floor":8.0,"turns":3.0},{"damage":4.0,"enemies":"3 Sentries","floor":10.0,"turns":6.0},{"damage":0.0,"enemies":"Blue Slaver","floor":11.0,"turns":2.0},{"damage":0.0,"enemies":"HollowMod:MossKnight","floor":12.0,"turns":3.0},{"damage":25.0,"enemies":"3 Sentries","floor":14.0,"turns":7.0},{"damage":21.0,"enemies":"Slime Boss","floor":16.0,"turns":7.0},{"damage":6.0,"enemies":"theJungle:MUSHROOMGANG","floor":18.0,"turns":3.0},{"damage":4.0,"enemies":"theJungle:5_Spyders","floor":19.0,"turns":6.0},{"damage":1.0,"enemies":"theJungle:JungleHuntersEncounter","floor":21.0,"turns":4.0},{"damage":5.0,"enemies":"theJungle:MamaSnecko","floor":23.0,"turns":5.0},{"damage":11.0,"enemies":"theJungle:2_Snecko_Cultists","floor":24.0,"turns":3.0},{"damage":17.0,"enemies":"theJungle:2_Phrogs","floor":28.0,"turns":4.0},{"damage":24.0,"enemies":"theJungle:Snecko_Cultist_And_Trap","floor":30.0,"turns":3.0},{"damage":0.0,"enemies":"Snake Plant","floor":31.0,"turns":3.0},{"damage":18.0,"enemies":"theJungle:TotemBoss","floor":33.0,"turns":7.0},{"damage":30.0,"enemies":"3 Darklings","floor":35.0,"turns":4.0},{"damage":9,"enemies":"Mind Bloom Boss Battle","floor":37,"turns":6},{"damage":2,"enemies":"Reptomancer","floor":42,"turns":6},{"damage":0,"enemies":"Orb Walker","floor":44,"turns":2},{"damage":0,"enemies":"Nemesis","floor":47,"turns":3},{"damage":1,"enemies":"Replay:Hell Engine","floor":50,"turns":4}],"seed_played":"2681010477683895207","potions_obtained":[{"floor":3.0,"key":"Ancient Potion"},{"floor":7.0,"key":"AttackPotion"},{"floor":11.0,"key":"LiquidBronze"},{"floor":16.0,"key":"Languid Potion"},{"floor":19.0,"key":"Death Potion"},{"floor":28.0,"key":"Weak Potion"},{"floor":33.0,"key":"Explosive Potion"},{"floor":37,"key":"FearPotion"},{"floor":41,"key":"Weak Potion"},{"floor":41,"key":"DuplicationPotion"},{"floor":41,"key":"LifebloodPotion"},{"floor":42,"key":"SpeedPotion"},{"floor":44,"key":"Ancient Potion"},{"floor":46,"key":"Strength Potion"},{"floor":46,"key":"Block Potion"},{"floor":47,"key":"BlessingOfTheForge"}],"is_trial":false,"path_per_floor":["M","M","M","?","$","E","M","M","T","E","M","E","R","E","R","B",null,"M","M","$","M","$","E","M","?","T","?","E","R","M","M","R","B",null,"M","?","?","T","?","R","T","E","T","M","$","R","E","$","R","B",null],"character_chosen":"HERMIT","items_purchased":["hermit:Enervate","hermit:PetGhost","Potion Belt","Divine Protection","AttackPotion","hermit:Tonic","Milkshake","Replay:Rubber Ducky","Mercury Hourglass","DollysMirror","Onion Ring","Lizard Tail"],"campfire_rested":2,"item_purchase_floors":[5,22,45,45,45,45,45,45,45,45,45,45],"current_hp_per_floor":[75,75,74,74,74,48,48,47,47,43,43,48,48,23,23,2,80,74,70,70,69,69,64,53,53,53,28,11,37,15,17,43,27,87,57,57,50,50,50,50,50,50,50,52,67,67,69,81,79,78],"gold":95,"neow_bonus":"BOSS_RELIC","is_daily":false,"chose_seed":false,"campfire_upgraded":2,"win_rate":0.0,"timestamp":1614398087,"path_taken":["M","M","M","?","$","E","?","M","T","E","M","E","R","E","R","BOSS","M","M","$","M","$","E","M","?","T","?","E","R","M","M","R","BOSS","M","?","?","?","?","R","?","E","T","?","$","R","E","$","R","BOSS"],"items_purchased_type":["Card","Relic","Relic","Relic","Potion","Potion","Potion","Relic","Relic","Relic","Relic","Relic"],"build_version":"2020-12-22","purchased_purges":4,"victory":true,"max_hp_per_floor":[75,75,75,75,75,75,75,75,75,75,75,80,80,80,80,80,80,80,80,80,80,80,80,80,80,80,87,87,87,87,87,87,87,87,87,83,83,83,83,83,83,83,83,83,83,81,81,81,79,79],"card_choices":[{"not_picked":["hermit:Roulette","hermit:Brawl","hermit:CursedWeapon"],"picked":"SKIP","floor":1.0},{"not_picked":["hermit:Coalescence","hermit:Roulette"],"picked":"hermit:GoldenBullet","floor":2.0},{"not_picked":["hermit:HoleUp","hermit:TakeCover"],"picked":"hermit:Glare","floor":3.0},{"not_picked":["hermit:FatalDesire","hermit:LuckOfTheDraw"],"picked":"hermit:EyeOfTheStorm","floor":6.0},{"not_picked":["hermit:LoneWolf","hermit:Feint"],"picked":"hermit:Ricochet","floor":7.0},{"not_picked":["hermit:Showdown","hermit:Desperado","hermit:Feint"],"picked":"SKIP","floor":8.0},{"not_picked":["hermit:Brawl","hermit:BodyArmor"],"picked":"hermit:Combo","floor":10.0},{"not_picked":["hermit:Midnight","hermit:Maintenance","hermit:Malice"],"picked":"SKIP","floor":11.0},{"not_picked":["hermit:CalledShot","hermit:CursedWeapon","hermit:BodyArmor"],"picked":"SKIP","floor":12.0},{"not_picked":["hermit:CalledShot","hermit:CursedWeapon","hermit:BodyArmor"],"picked":"SKIP","floor":12.0},{"not_picked":["hermit:Adapt","hermit:Glare","hermit:Manifest"],"picked":"SKIP","floor":14.0},{"not_picked":["hermit:Horror","hermit:BodyArmor","hermit:ShadowCloak+1"],"picked":"SKIP","floor":18.0},{"not_picked":["hermit:Quickdraw+1","hermit:Ricochet","hermit:CursedWeapon"],"picked":"SKIP","floor":19.0},{"not_picked":["hermit:BodyArmor","hermit:ShadowCloak+1"],"picked":"hermit:ItchyTrigger","floor":21.0},{"not_picked":["hermit:HoleUp","hermit:Dissolve","hermit:Desperado"],"picked":"SKIP","floor":23.0},{"not_picked":["hermit:BodyArmor","hermit:Coalescence","hermit:HighCaliber"],"picked":"SKIP","floor":24.0},{"not_picked":["hermit:CursedWeapon+1","hermit:Midnight","hermit:Scavenge"],"picked":"SKIP","floor":28.0},{"not_picked":["hermit:SprayPray","hermit:BodyArmor"],"picked":"hermit:Deadeye+1","floor":30.0},{"not_picked":["hermit:TrackingShot","hermit:FinalCanter"],"picked":"hermit:Quickdraw+1","floor":31.0},{"not_picked":["hermit:Determination+1","hermit:HighCaliber+1","hermit:Quickdraw"],"picked":"SKIP","floor":35.0},{"not_picked":["hermit:Quickdraw+1","hermit:CalledShot"],"picked":"hermit:Glare+1","floor":37},{"not_picked":["hermit:Misfire+1","hermit:Dissolve","hermit:HighCaliber"],"picked":"SKIP","floor":42},{"not_picked":["hermit:Combo+1","hermit:Desperado+1"],"picked":"hermit:DeadMansHand+1","floor":44},{"not_picked":["hermit:Showdown","hermit:LowProfile+1","hermit:Glare+1"],"picked":"SKIP","floor":47}],"player_experience":497728,"relics_obtained":[{"floor":6.0,"key":"Anchor"},{"floor":9.0,"key":"Counterbalance"},{"floor":10.0,"key":"The Courier"},{"floor":12.0,"key":"Durian"},{"floor":14.0,"key":"Ice Cream"},{"floor":23.0,"key":"Whetstone"},{"floor":26.0,"key":"Bag of Marbles"},{"floor":27.0,"key":"Strawberry"},{"floor":28.0,"key":"Blood Vial"},{"floor":37,"key":"Torii"},{"floor":38,"key":"HornCleat"},{"floor":39,"key":"ReplayTheSpireMod:Ring of Sloth"},{"floor":39,"key":"ReplayTheSpireMod:Ring of Collecting"},{"floor":41,"key":"Old Coin"},{"floor":41,"key":"ReplayTheSpireMod:Ring of Addiction"},{"floor":41,"key":"White Beast Statue"},{"floor":41,"key":"Chameleon Ring"},{"floor":42,"key":"Regal Pillow"},{"floor":43,"key":"MealTicket"},{"floor":43,"key":"Ring of Greed"},{"floor":43,"key":"Membership Card"},{"floor":43,"key":"Replay:Bandana"},{"floor":47,"key":"Replay:Baseball"},{"floor":49,"key":"ReplayTheSpireMod:Lightbulb"}],"event_choices":[{"damage_healed":0.0,"max_hp_gain":0.0,"max_hp_loss":0.0,"gold_gain":0.0,"event_name":"The Woman in Blue","player_choice":"Bought 0 Potions","floor":4.0,"gold_loss":0.0,"damage_taken":0.0},{"damage_healed":0.0,"max_hp_gain":0.0,"max_hp_loss":0.0,"gold_gain":0.0,"event_name":"Big Fish","player_choice":"Box","floor":15.0,"gold_loss":0.0,"damage_taken":0.0,"relics_obtained":["Frozen Egg 2"],"cards_obtained":["Regret"]},{"damage_healed":0.0,"max_hp_gain":0.0,"max_hp_loss":4.0,"gold_gain":0.0,"event_name":"Winding Halls","player_choice":"Max HP","floor":36.0,"gold_loss":0.0,"damage_taken":0.0},{"damage_healed":0,"gold_gain":0,"player_choice":"Fight","damage_taken":0,"max_hp_gain":0,"max_hp_loss":0,"event_name":"MindBloom","floor":37,"gold_loss":0}],"is_beta":false,"boss_relics":[{"not_picked":["Snecko Eye","Velvet Choker"],"picked":"Ring of Chaos"},{"not_picked":["Kintsugi","Replay:Fungal Core"],"picked":"Philosopher\u0027s Stone"}],"items_purged_floors":[20,22,45,48],"is_endless":false,"potions_floor_spawned":[3,7,11,14,16,18,19,28,33,37,42,44,47],"ascension_level":1}}