{"host":"n43wxkei7kulhi8o","time":1614443134,"event":{"mods":["BaseMod","Bestiary","Block Reminder","Colored Map","Colored Powertips","Curses Come First","Custom Start","Dark Map","Highlight Path","Minty Spire (QoL Compilation)","Relic Stats","StSLib"],"gold_per_floor":[115,132,151,161,161,161,11,11,37,50,50,65,65,84,84,188,188,188],"floor_reached":17,"language":"ENG","playtime":524,"items_purged":[],"score":149,"play_id":"b051611a-b5aa-49b9-9863-1e3e0165fd31","local_time":"20210227112534","is_ascension_mode":false,"campfire_choices":[{"data":"Infinite Blades","floor":6,"key":"SMITH"},{"data":"Cloak And Dagger","floor":8,"key":"SMITH"},{"data":"Neutralize","floor":11,"key":"SMITH"},{"data":"Quick Slash","floor":13,"key":"SMITH"},{"data":"Dagger Spray","floor":15,"key":"SMITH"}],"circlet_count":0,"master_deck":["Strike_G","Strike_G","Strike_G","Defend_G","Defend_G","Defend_G","Defend_G","Survivor","Neutralize+1","Cloak And Dagger+1","Flying Knee","Infinite Blades+1","Clumsy","Quick Slash+1","Dagger Spray+1","Venomology","Bullet Time+1","Bullet Time+1","Heel Hook+1"],"relics":["Cursed Key","Lantern","Centennial Puzzle","Astrolabe"],"acts_visited":["Exordium","TheCity"],"potions_floor_usage":[16,16],"damage_taken":[{"damage":0,"enemies":"Small Slimes","floor":1,"turns":4},{"damage":3,"enemies":"Jaw Worm","floor":2,"turns":4},{"damage":0,"enemies":"2 Louse","floor":3,"turns":2},{"damage":0,"enemies":"Large Slime","floor":4,"turns":5},{"damage":0,"enemies":"3 Louse","floor":10,"turns":3},{"damage":5,"enemies":"Looter","floor":12,"turns":2},{"damage":20,"enemies":"Exordium Thugs","floor":14,"turns":3},{"damage":28,"enemies":"The Guardian","floor":16,"turns":13}],"seed_played":"-8433778935412407740","potions_obtained":[{"floor":2,"key":"Poison Potion"},{"floor":3,"key":"SteroidPotion"},{"floor":4,"key":"Swift Potion"}],"is_trial":false,"path_per_floor":["M","M","M","M","?","R","$","R","T","M","R","M","R","M","R","B",null],"character_chosen":"THE_SILENT","items_purchased":["Lantern"],"campfire_rested":0,"item_purchase_floors":[7],"current_hp_per_floor":[70,67,67,67,67,67,67,67,67,67,67,62,62,42,42,14,70,70],"gold":188,"neow_bonus":"BOSS_RELIC","is_daily":false,"chose_seed":false,"campfire_upgraded":5,"win_rate":0.0,"timestamp":1614443134,"path_taken":["M","M","M","M","?","R","$","R","T","M","R","M","R","M","R","BOSS"],"items_purchased_type":["Relic"],"build_version":"2020-12-22","purchased_purges":0,"victory":false,"max_hp_per_floor":[70,70,70,70,70,70,70,70,70,70,70,70,70,70,70,70,70,70],"relic_stats":{"Centennial Puzzle":[9],"counters":[8,36],"Astrolabe":["Bullet Time","Bullet Time","Heel Hook"],"Cursed Key":1,"obtain_stats":[{"Lantern":7,"Centennial Puzzle":9,"Astrolabe":17,"Cursed Key":0,"Ring of the Snake":0},{"Lantern":4,"Centennial Puzzle":4,"Astrolabe":8,"Cursed Key":0,"Ring of the Snake":0},{"Lantern":15,"Centennial Puzzle":15,"Astrolabe":36,"Cursed Key":0,"Ring of the Snake":0}]},"card_choices":[{"not_picked":["Dagger Spray","All Out Attack"],"picked":"Cloak And Dagger","floor":1},{"not_picked":["Dodge and Roll","Poisoned Stab"],"picked":"Flying Knee","floor":2},{"not_picked":["Bullet Time","Bane","Underhanded Strike"],"picked":"SKIP","floor":3},{"not_picked":["PiercingWail","Predator"],"picked":"Infinite Blades","floor":4},{"not_picked":["Reflex","Skewer","Riddle With Holes"],"picked":"SKIP","floor":10},{"not_picked":["Outmaneuver","Deflect"],"picked":"Quick Slash","floor":12},{"not_picked":["Dagger Throw","Acrobatics"],"picked":"Dagger Spray","floor":14},{"not_picked":["Night Terror","Storm of Steel"],"picked":"Venomology","floor":16}],"player_experience":725995,"relics_obtained":[{"floor":9,"key":"Centennial Puzzle"}],"event_choices":[{"damage_healed":0,"gold_gain":0,"player_choice":"Ignored","damage_taken":0,"max_hp_gain":0,"max_hp_loss":0,"event_name":"Shining Light","floor":5,"gold_loss":0}],"is_beta":false,"boss_relics":[{"not_picked":["Snecko Eye","Ectoplasm"],"picked":"Astrolabe"}],"items_purged_floors":[],"is_endless":false,"potions_floor_spawned":[2,3,4,10],"ascension_level":0}}