{"host":"n605f8gctjc87d7h","time":1614405934,"event":{"mods":["Aspiration","Bard","BaseMod","Bestiary","Better Match","Better Note","Better Skull","Better Third Choice","Conspire","Downfall","Halation","Hermit","Infinite Spire","JesterMod","Minty Spire (QoL Compilation)","Reliquary","Replay The Spire","Retaliation","Shade Mod","Spicy Shops","StS++","StSLib","The Blue Laboratory","The IronCluck","The Jungle","The Runesmith","TheSurvivalist"],"gold_per_floor":[112,112,125,125,75,75,75,75,98,117,132,165,165],"floor_reached":12,"language":"ENG","playtime":706,"items_purged":[],"score":116,"play_id":"8a183e63-94e2-40f5-806b-76b8bbf7f235","local_time":"20210226220534","is_ascension_mode":true,"campfire_choices":[{"floor":6,"key":"REST"},{"data":"m_Survivalism","floor":8,"key":"SMITH"}],"circlet_count":0,"master_deck":["AscendersBane","Strike_G","Strike_G","Strike_G","Strike_G","Defend_G","Defend_G","Defend_G","Defend_G","Neutralize","ReplayTheSpireMod:Speed Training+1","Flying Knee","m_Survivalism+1","conspire:SpireCoStock","ReplayTheSpireMod:Speed Training"],"relics":["Ring of the Snake","halation:IllGainedPizza"],"acts_visited":["Exordium"],"potions_floor_usage":[11,12],"damage_taken":[{"damage":1,"enemies":"conspire:RoseBush","floor":1,"turns":6},{"damage":6,"enemies":"Small Slimes","floor":3,"turns":5},{"damage":2,"enemies":"Cultist","floor":10,"turns":4},{"damage":12,"enemies":"2 Fungi Beasts","floor":11,"turns":5},{"damage":58,"enemies":"3 Sentries","floor":12,"turns":12}],"seed_played":"3853627251878666121","potions_obtained":[{"floor":1,"key":"blueLaboratory:FruitPunch"},{"floor":3,"key":"conspire:TimeTravelPotion"}],"is_trial":false,"path_per_floor":["M","?","M","?","?","R","?","R","T","M","M","E"],"character_chosen":"THE_SILENT","items_purchased":[],"campfire_rested":1,"item_purchase_floors":[],"current_hp_per_floor":[43,43,37,37,37,56,56,56,56,54,54,0,0],"gold":165,"neow_bonus":"REMOVE_TWO","is_daily":false,"chose_seed":false,"campfire_upgraded":1,"win_rate":0.0,"timestamp":1614405934,"path_taken":["M","?","M","?","?","R","?","R","T","M","M","E"],"items_purchased_type":[],"build_version":"2020-12-22","purchased_purges":0,"victory":false,"max_hp_per_floor":[66,66,66,66,66,66,66,66,66,66,66,68,68],"card_choices":[{"not_picked":["Dagger Spray","Flying Knee"],"picked":"ReplayTheSpireMod:Speed Training","floor":1},{"not_picked":["ReplayTheSpireMod:Tripwire","Outmaneuver"],"picked":"Flying Knee","floor":3},{"not_picked":["Outmaneuver","StSpp:PoisonousPunch","Dagger Spray"],"picked":"SKIP","floor":10},{"not_picked":["Quick Slash","Dodge and Roll"],"picked":"ReplayTheSpireMod:Speed Training","floor":11}],"player_experience":926346,"relics_obtained":[{"floor":9,"key":"halation:IllGainedPizza"}],"event_choices":[{"damage_healed":0,"gold_gain":0,"player_choice":"Invest 1","damage_taken":0,"max_hp_gain":0,"max_hp_loss":0,"event_name":"conspire:Investor","floor":5,"gold_loss":0},{"damage_healed":0,"gold_gain":0,"player_choice":"Forge","damage_taken":0,"max_hp_gain":0,"max_hp_loss":0,"event_name":"Accursed Blacksmith","floor":7,"gold_loss":0,"cards_upgraded":["ReplayTheSpireMod:Speed Training"]}],"is_beta":false,"boss_relics":[],"items_purged_floors":[],"is_endless":false,"potions_floor_spawned":[1,3,10],"killed_by":"3 Sentries","ascension_level":14}}