{"host":"h0d4vuzvk6m4sr1m","time":1614448164,"event":{"mods":["AchievementEnabler","BaseMod","Block Reminder","Colored Powertips","Hermit","Highlight Path","Minty Spire (QoL Compilation)","Quick Restart","StSLib","The Cursed","The Runesmith"],"gold_per_floor":[111,186,186,186,200,226,226,240,240,240,255,310,56,67,67,67,67],"floor_reached":16,"language":"ENG","playtime":3564,"items_purged":[],"score":125,"play_id":"70c72e9b-b0a8-4fd7-b005-c6bf6f05651d","local_time":"20210227184924","is_ascension_mode":false,"campfire_choices":[{"data":"hermit:Vantage","floor":7,"key":"SMITH"},{"data":"hermit:Covet","floor":10,"key":"SMITH"},{"data":"hermit:EyeOfTheStorm","floor":15,"key":"SMITH"}],"circlet_count":0,"master_deck":["hermit:Strike_Hermit","hermit:Strike_Hermit","hermit:Strike_Hermit","hermit:Strike_Hermit","hermit:Defend_Hermit","hermit:Defend_Hermit","hermit:Defend_Hermit","hermit:Defend_Hermit","hermit:Snapshot+1","hermit:Covet+1","hermit:Vantage+1","Regret","hermit:LowProfile","hermit:EyeOfTheStorm+1"],"relics":["hermit:Momento","NeowsBlessing","hermit:Spyglass","Meat on the Bone","Juzu Bracelet","Nunchaku","hermit:Horseshoe"],"acts_visited":["Exordium"],"potions_floor_usage":[16,16],"damage_taken":[{"damage":0,"enemies":"2 Louse","floor":1,"turns":1},{"damage":0,"enemies":"Small Slimes","floor":5,"turns":1},{"damage":0,"enemies":"3 Sentries","floor":6,"turns":2},{"damage":0,"enemies":"Cultist","floor":8,"turns":3},{"damage":0,"enemies":"Looter","floor":11,"turns":3},{"damage":6,"enemies":"Large Slime","floor":14,"turns":6},{"damage":58,"enemies":"Hexaghost","floor":16,"turns":16}],"seed_played":"-8734233697836809610","potions_obtained":[{"floor":11,"key":"Strength Potion"},{"floor":14,"key":"hermit:Tonic"}],"is_trial":false,"path_per_floor":["M","?","?","?","M","E","R","M","T","R","M","T","$","M","R","B"],"character_chosen":"HERMIT","items_purchased":["hermit:Horseshoe"],"campfire_rested":0,"item_purchase_floors":[13],"current_hp_per_floor":[75,64,64,64,64,64,64,64,64,64,64,64,64,58,58,0,0],"gold":67,"neow_bonus":"THREE_ENEMY_KILL","is_daily":false,"chose_seed":false,"campfire_upgraded":3,"win_rate":0.0,"timestamp":1614448164,"path_taken":["M","?","?","?","M","E","R","M","T","R","M","?","$","M","R","BOSS"],"items_purchased_type":["Relic"],"build_version":"2020-12-22","purchased_purges":0,"victory":false,"max_hp_per_floor":[75,75,75,75,75,75,75,75,75,75,75,75,75,75,75,75,75],"card_choices":[{"not_picked":["hermit:Misfire","hermit:Desperado"],"picked":"hermit:Vantage","floor":1},{"not_picked":["hermit:Feint","hermit:CalledShot"],"picked":"hermit:LowProfile","floor":5},{"not_picked":["hermit:HeroicBravado","hermit:Combo","hermit:Grudge"],"picked":"SKIP","floor":6},{"not_picked":["hermit:HoleUp","hermit:Grudge","hermit:LoneWolf"],"picked":"SKIP","floor":8},{"not_picked":["hermit:Desperado","hermit:LowProfile"],"picked":"hermit:EyeOfTheStorm","floor":11},{"not_picked":["hermit:Feint","hermit:CalledShot","hermit:Roughhouse"],"picked":"SKIP","floor":14}],"player_experience":95699,"relics_obtained":[{"floor":6,"key":"Meat on the Bone"},{"floor":9,"key":"Juzu Bracelet"},{"floor":12,"key":"Nunchaku"}],"event_choices":[{"damage_healed":0,"gold_gain":75,"player_choice":"Gather Gold","damage_taken":11,"max_hp_gain":0,"max_hp_loss":0,"event_name":"World of Goop","floor":2,"gold_loss":0},{"damage_healed":0,"gold_gain":0,"player_choice":"Box","damage_taken":0,"relics_obtained":["hermit:Spyglass"],"max_hp_gain":0,"max_hp_loss":0,"event_name":"Big Fish","floor":3,"gold_loss":0,"cards_obtained":["Regret"]},{"damage_healed":0,"gold_gain":0,"player_choice":"Grow","damage_taken":0,"max_hp_gain":0,"max_hp_loss":0,"event_name":"Living Wall","floor":4,"gold_loss":0,"cards_upgraded":["hermit:Snapshot"]}],"is_beta":false,"boss_relics":[],"items_purged_floors":[],"is_endless":false,"potions_floor_spawned":[11,14],"killed_by":"Hexaghost","ascension_level":0}}