{"host":"nsc6ozq3atyrdr3m","time":1614428470,"event":{"mods":["BaseMod","Colored Map","Minty Spire (QoL Compilation)"],"gold_per_floor":[210,210,26,39,57,57,77,103,103,103,122,122,139,153,153,257,257,273,285,305,305,305],"floor_reached":21,"language":"FRA","playtime":425,"items_purged":[],"score":293,"play_id":"2778d8a1-e9a0-46ba-8193-0ab0cf52fe8d","local_time":"20210227132110","is_ascension_mode":true,"campfire_choices":[{"data":"Defragment","floor":6,"key":"SMITH"},{"floor":10,"key":"REST"},{"floor":12,"key":"REST"},{"floor":15,"key":"REST"}],"circlet_count":0,"master_deck":["Strike_B","Strike_B","Strike_B","Strike_B","Defend_B","Defend_B","Defend_B","Defend_B","Zap","Dualcast","Darkness+1","Defragment+1","Redo","Seek","Static Discharge","Darkness","Redo","Conserve Battery","Electrodynamics","Chaos","Conserve Battery","Barrage+1"],"relics":["Cracked Core","DataDisk","Ancient Tea Set","Pear","Black Star"],"acts_visited":["Exordium","TheCity"],"potions_floor_usage":[14,18],"damage_taken":[{"damage":7,"enemies":"2 Louse","floor":1,"turns":3},{"damage":1,"enemies":"Cultist","floor":4,"turns":3},{"damage":15,"enemies":"Small Slimes","floor":5,"turns":3},{"damage":0,"enemies":"Exordium Wildlife","floor":7,"turns":3},{"damage":44,"enemies":"Gremlin Nob","floor":8,"turns":3},{"damage":26,"enemies":"Exordium Thugs","floor":11,"turns":3},{"damage":16,"enemies":"2 Fungi Beasts","floor":13,"turns":3},{"damage":5,"enemies":"Gremlin Gang","floor":14,"turns":3},{"damage":29,"enemies":"The Guardian","floor":16,"turns":7},{"damage":7,"enemies":"Chosen","floor":18,"turns":4},{"damage":17,"enemies":"Shell Parasite","floor":19,"turns":5},{"damage":19,"enemies":"Snake Plant","floor":20,"turns":3},{"damage":36,"enemies":"Shelled Parasite and Fungi","floor":21,"turns":2}],"seed_played":"8909436565082671978","potions_obtained":[{"floor":4,"key":"Explosive Potion"},{"floor":11,"key":"SteroidPotion"},{"floor":14,"key":"Fire Potion"},{"floor":16,"key":"CultistPotion"},{"floor":18,"key":"Fruit Juice"}],"is_trial":false,"path_per_floor":["M","?","$","M","M","R","M","E","T","R","M","R","M","M","R","B",null,"M","M","M","M"],"character_chosen":"DEFECT","items_purchased":["Defragment","DataDisk"],"campfire_rested":3,"item_purchase_floors":[3,3],"current_hp_per_floor":[61,61,61,60,45,45,45,1,11,36,10,35,19,14,39,10,66,64,47,28,0,0],"gold":305,"neow_bonus":"HUNDRED_GOLD","is_daily":false,"chose_seed":false,"campfire_upgraded":1,"win_rate":0.0,"timestamp":1614428470,"path_taken":["M","?","$","M","M","R","M","E","T","R","M","R","?","M","R","BOSS","M","?","?","M"],"items_purchased_type":["Card","Relic"],"build_version":"2020-12-22","purchased_purges":0,"victory":false,"max_hp_per_floor":[75,75,75,75,75,75,75,75,85,85,85,85,85,85,85,85,85,90,90,90,90,90],"card_choices":[{"not_picked":["Sweeping Beam","Cold Snap"],"picked":"Darkness","floor":1},{"not_picked":["Stack","Beam Cell"],"picked":"Redo","floor":4},{"not_picked":["Cold Snap","Conserve Battery"],"picked":"Seek","floor":5},{"not_picked":["Conserve Battery","Ball Lightning"],"picked":"Static Discharge","floor":7},{"not_picked":["Force Field","Lockon","Ball Lightning"],"picked":"SKIP","floor":8},{"not_picked":["Lockon","Ball Lightning"],"picked":"Darkness","floor":11},{"not_picked":["Beam Cell","Compile Driver"],"picked":"Redo","floor":13},{"not_picked":["Lockon","Blizzard"],"picked":"Conserve Battery","floor":14},{"not_picked":["Biased Cognition","All For One"],"picked":"Electrodynamics","floor":16},{"not_picked":["Beam Cell+1","Ball Lightning"],"picked":"Chaos","floor":18},{"not_picked":["Go for the Eyes","Cold Snap"],"picked":"Conserve Battery","floor":19},{"not_picked":["Redo","Echo Form"],"picked":"Barrage+1","floor":20}],"player_experience":451048,"relics_obtained":[{"floor":8,"key":"Ancient Tea Set"},{"floor":9,"key":"Pear"}],"event_choices":[{"damage_healed":0,"gold_gain":0,"player_choice":"Forge","damage_taken":0,"max_hp_gain":0,"max_hp_loss":0,"event_name":"Accursed Blacksmith","floor":2,"gold_loss":0,"cards_upgraded":["Darkness"]}],"is_beta":false,"boss_relics":[{"not_picked":["Philosopher\u0027s Stone","Velvet Choker"],"picked":"Black Star"}],"items_purged_floors":[],"is_endless":false,"potions_floor_spawned":[4,11,14,16,18],"killed_by":"Shelled Parasite and Fungi","ascension_level":9}}