{"host":"jr3yzgmf64mzte6u","time":1614456788,"event":{"mods":["100% Spire Juice","AchievementEnabler","Act Like it!","Aspiration","Aya Shameimaru","BaseMod","Chen","Gensokyo","Hallownest","Koishi","Marisa????????","Minty Spire (QoL Compilation)","Remilia??????","Replay The Spire","Shop Mod","StSLib","The Servant 0.9.4","Waifu the Spire","Yakumo Yukari mod","Yuyuko"],"gold_per_floor":[127,11,28,28,28,28,5,38,110,110,110,129,160,178,178,279,279,292,310,327,327,327,327,327,345,420,177,228,239,239,251,251,348,348,359,42,56,70,70,70],"floor_reached":39,"language":"ENG","playtime":1734,"items_purged":[],"score":443,"play_id":"a8ad7d23-0464-4a82-a8e0-2388043f6a06","local_time":"20210227141308","is_ascension_mode":false,"campfire_choices":[{"data":"Defragment","floor":6.0,"key":"SMITH"},{"data":"Coolheaded","floor":10.0,"key":"SMITH"},{"data":"Redo","floor":15.0,"key":"SMITH"},{"floor":23.0,"key":"REST"},{"floor":30.0,"key":"REST"},{"data":"Multi-Cast","floor":32.0,"key":"SMITH"}],"circlet_count":0,"master_deck":["Strike_B","Strike_B","Strike_B","Strike_B","Defend_B","Defend_B","Defend_B","Defend_B","Zap","Dualcast","Rip and Tear","Defragment+1","Coolheaded+1","Conserve Battery","Coolheaded","Turbo","Redo+1","Ball Lightning","Electrodynamics","CurseOfTheBell","FTL","Hologram","Leap","Hologram+1","Ball Lightning+1","Multi-Cast+1","All For One","Self Repair","Loop","PanicButton","Redo","Panic Button+1"],"relics":["Cracked Core","MawBank","Mango","Bottled Tornado","Toy Ornithopter","Calling Bell","Strawberry","Meat on the Bone","TungstenRod","Peace Pipe","Pen Nib","InkBottle","Pantograph","Sozu","Orichalcum"],"acts_visited":[],"potions_floor_usage":[],"damage_taken":[{"damage":5.0,"enemies":"2_ Uuma","floor":1.0,"turns":7.0},{"damage":5.0,"enemies":"Hallownest:monsterHuskGuard","floor":3.0,"turns":4.0},{"damage":5.0,"enemies":"Hallownest:eliteCrystalGuardian","floor":8.0,"turns":6.0},{"damage":0.0,"enemies":"Hallownest:monsterHuskWarrior","floor":12.0,"turns":3.0},{"damage":0.0,"enemies":"Hallownest:eliteVengeflyKing","floor":13.0,"turns":6.0},{"damage":17.0,"enemies":"Hallownest:1_Ooma_and_2_Uuma","floor":14.0,"turns":11.0},{"damage":30.0,"enemies":"Hallownest:BossFalseKnight","floor":16.0,"turns":8.0},{"damage":25.0,"enemies":"Hallownest:2_Mistakes","floor":18.0,"turns":4.0},{"damage":3.0,"enemies":"Hallownest:Guard_and_Sentry","floor":19.0,"turns":3.0},{"damage":13.0,"enemies":"Hallownest:2_Husk_Sentries","floor":20.0,"turns":3.0},{"damage":16.0,"enemies":"Hallownest:Master_and_Novice","floor":25.0,"turns":4.0},{"damage":11.0,"enemies":"Hallownest:Glutton_and_Coward","floor":28.0,"turns":4.0},{"damage":17.0,"enemies":"Hallownest:3_Mistakes","floor":29.0,"turns":4.0},{"damage":2.0,"enemies":"Hallownest:monsterShrumalOgre","floor":31.0,"turns":4.0},{"damage":68.0,"enemies":"Hallownest:BossMantisLord","floor":33.0,"turns":7.0},{"damage":4.0,"enemies":"3 Shapes","floor":35.0,"turns":2.0},{"damage":21.0,"enemies":"3 Darklings","floor":37.0,"turns":3.0},{"damage":22.0,"enemies":"Spire Growth","floor":38.0,"turns":6.0},{"damage":75,"enemies":"4 Shapes","floor":39,"turns":3}],"seed_played":"-7797810833863586588","potions_obtained":[{"floor":3.0,"key":"GamblersBrew"},{"floor":14.0,"key":"Swift Potion"},{"floor":18.0,"key":"DistilledChaos"},{"floor":19.0,"key":"SpeedPotion"},{"floor":25.0,"key":"Ancient Potion"}],"is_trial":false,"path_per_floor":["M","$","M","?","?","R","$","E","T","R","?","M","E","M","R","B",null,"M","M","M","?","T","R","?","M","T","$","M","M","R","M","R","B",null,"M","$","M","M","M"],"character_chosen":"DEFECT","items_purchased":["Defragment","Coolheaded","Coolheaded","Pantograph","Orichalcum","Loop","PanicButton"],"campfire_rested":2,"item_purchase_floors":[2,2,7,27,36,36,36],"current_hp_per_floor":[70,70,65,65,65,65,65,74,74,74,74,74,74,57,57,32,96,71,73,60,60,60,88,88,72,72,72,61,56,84,82,82,45,96,92,92,78,63,0,0],"gold":70,"neow_bonus":"RANDOM_COMMON_RELIC","is_daily":false,"chose_seed":false,"campfire_upgraded":4,"win_rate":0.0,"timestamp":1614456788,"path_taken":["M","$","M","?","?","R","$","E","T","R","?","M","E","?","R","BOSS","M","M","M","?","?","R","?","M","T","$","M","?","R","M","R","BOSS","M","$","M","M","M"],"items_purchased_type":["Card","Card","Card","Relic","Relic","Card","Card"],"build_version":"2020-12-22","purchased_purges":0,"victory":false,"max_hp_per_floor":[75,75,75,75,75,75,75,89,89,89,89,89,89,89,89,89,96,96,96,96,96,96,96,96,96,96,96,96,96,96,96,96,96,96,96,96,96,96,96,96],"card_choices":[{"not_picked":["Go for the Eyes","Compile Driver"],"picked":"Rip and Tear","floor":1.0},{"not_picked":["Beam Cell","Streamline"],"picked":"Conserve Battery","floor":3.0},{"not_picked":["Go for the Eyes","Steam"],"picked":"Turbo","floor":8.0},{"not_picked":["Reprogram","Compile Driver","Rebound"],"picked":"SKIP","floor":12.0},{"not_picked":["Darkness","Reprogram"],"picked":"Redo","floor":13.0},{"not_picked":["Auto Shields","Gash"],"picked":"Ball Lightning","floor":14.0},{"not_picked":["Multi-Cast","Hyperbeam"],"picked":"Electrodynamics","floor":16.0},{"not_picked":["Sunder","Coolheaded+1"],"picked":"FTL","floor":18.0},{"not_picked":["Rebound+1","Sweeping Beam+1"],"picked":"Hologram","floor":19.0},{"not_picked":["Rebound","Storm"],"picked":"Leap","floor":20.0},{"not_picked":["Streamline+1","Rebound"],"picked":"Hologram+1","floor":21.0},{"not_picked":["Gash","Steam","Conserve Battery"],"picked":"SKIP","floor":25.0},{"not_picked":["Stack","Chill","Scrape"],"picked":"SKIP","floor":28.0},{"not_picked":["Core Surge","Barrage"],"picked":"Ball Lightning+1","floor":29.0},{"not_picked":["Coolheaded","Rebound"],"picked":"Multi-Cast","floor":31.0},{"not_picked":["Biased Cognition","Reboot"],"picked":"All For One","floor":33.0},{"not_picked":["Go for the Eyes","Skim+1"],"picked":"Self Repair","floor":35.0},{"not_picked":["Skim","Steam Power+1"],"picked":"Redo","floor":37.0},{"not_picked":["Steam","BootSequence+1"],"picked":"Panic Button+1","floor":38}],"player_experience":341782,"relics_obtained":[{"floor":8.0,"key":"Mango"},{"floor":9.0,"key":"Bottled Tornado"},{"floor":13.0,"key":"Toy Ornithopter"},{"floor":17.0,"key":"Strawberry"},{"floor":17.0,"key":"Meat on the Bone"},{"floor":17.0,"key":"TungstenRod"},{"floor":22.0,"key":"Peace Pipe"},{"floor":26.0,"key":"InkBottle"}],"event_choices":[],"is_beta":false,"boss_relics":[{"not_picked":["Fusion Hammer","Black Star"],"picked":"Calling Bell"},{"not_picked":["Runic Dome","Snecko Eye"],"picked":"Sozu"}],"items_purged_floors":[],"is_endless":false,"potions_floor_spawned":[3,14,18,19,25,37],"killed_by":"4 Shapes","ascension_level":0}}