{"host":"8fnghcq8tvbg6z9e","time":1614435235,"event":{"mods":["BaseMod","Downfall","Minty Spire (QoL Compilation)","Quick Restart","StSLib"],"gold_per_floor":[115,127,140,140,159,159,172,186,186,205,130,52,63,73,73,176,176,195,213,10,22,33,33,45,65,65,85,100,100,111,61,61,161,161,175,186,206,62,72,72,72,83,83,103,123,139,152,472,472,472],"floor_reached":51,"language":"ZHS","playtime":1272,"items_purged":["bronze:Iterate","bronze:BitShift","bronze:Branch"],"score":786,"play_id":"aa64b35b-4d74-450a-8089-f671a1573f50","local_time":"20210227221355","daily_mods":["SealedDeck","Vintage","Heirloom","Time Dilation","Flight"],"is_ascension_mode":false,"campfire_choices":[{"data":"bronze:Backtrace","floor":6,"key":"SMITH"},{"data":"bronze:Backtrace","floor":15,"key":"SMITH"},{"data":"bronze:AlphaBuild","floor":23,"key":"SMITH"},{"data":"bronze:Backtrace","floor":29,"key":"SMITH"},{"data":"bronze:DelayedSlice","floor":32,"key":"SMITH"},{"data":"bronze:Library","floor":40,"key":"SMITH"},{"data":"bronze:ChosenStrike","floor":41,"key":"SMITH"},{"floor":49,"key":"REST"}],"circlet_count":0,"master_deck":["bronze:Backtrace+1","bronze:DelayedSlice+1","bronze:Backtrace+1","bronze:ChosenStrike+1","bronze:Backtrace+1","bronze:AlphaBuild+1","bronze:Library+1"],"relics":["bronze:BronzeCore","bronze:AnalyticalCore","Torii","bronze:CableSpool","sneckomod:BlankCard","Letter Opener","Gremlin Horn","Singing Bowl","Darkstone Periapt","Akabeko","Nunchaku","Smiling Mask","Shuriken","expansioncontent:StudyCardRelic","champ:DuelingGlove","Pear","PreservedInsect","Juzu Bracelet","Eternal Feather","Molten Egg 2","Toxic Egg 2","Kunai","Anchor","hexamod:BolsterEngine","Matryoshka","Empty Cage","Mercury Hourglass","Art of War","Slimebound:PreparedRelic","TheAbacus","Toy Ornithopter","InkBottle","Slimebound:StickyStick","Gambling Chip","Meat on the Bone","Omamori","War Paint","White Beast Statue","Old Coin"],"acts_visited":["Exordium","TheCity","TheBeyond"],"potions_floor_usage":[42,46],"damage_taken":[{"damage":0,"enemies":"Jaw Worm","floor":1,"turns":1},{"damage":0,"enemies":"2 Louse","floor":2,"turns":1},{"damage":0,"enemies":"Small Slimes","floor":3,"turns":1},{"damage":0,"enemies":"2 Fungi Beasts","floor":5,"turns":1},{"damage":0,"enemies":"Lots of Slimes","floor":7,"turns":1},{"damage":0,"enemies":"Large Slime","floor":8,"turns":1},{"damage":0,"enemies":"Exordium Wildlife","floor":10,"turns":1},{"damage":0,"enemies":"3 Louse","floor":13,"turns":1},{"damage":0,"enemies":"Large Slime","floor":14,"turns":1},{"damage":36,"enemies":"Hexaghost","floor":16,"turns":5},{"damage":0,"enemies":"Chosen","floor":18,"turns":1},{"damage":0,"enemies":"2 Thieves","floor":19,"turns":1},{"damage":0,"enemies":"Snecko","floor":21,"turns":1},{"damage":0,"enemies":"Chosen and Byrds","floor":22,"turns":1},{"damage":0,"enemies":"Snake Plant","floor":24,"turns":1},{"damage":0,"enemies":"Shelled Parasite and Fungi","floor":25,"turns":1},{"damage":0,"enemies":"Centurion and Healer","floor":27,"turns":1},{"damage":0,"enemies":"Chosen and Byrds","floor":28,"turns":1},{"damage":0,"enemies":"Snake Plant","floor":30,"turns":1},{"damage":0,"enemies":"Collector","floor":33,"turns":1},{"damage":0,"enemies":"Orb Walker","floor":35,"turns":1},{"damage":0,"enemies":"3 Darklings","floor":36,"turns":1},{"damage":0,"enemies":"Jaw Worm Horde","floor":37,"turns":1},{"damage":0,"enemies":"Spire Growth","floor":39,"turns":1},{"damage":0,"enemies":"3 Darklings","floor":42,"turns":1},{"damage":0,"enemies":"Maw","floor":44,"turns":2},{"damage":0,"enemies":"Jaw Worm Horde","floor":45,"turns":1},{"damage":1,"enemies":"Transient","floor":46,"turns":5},{"damage":0,"enemies":"Spire Growth","floor":47,"turns":1},{"damage":0,"enemies":"Writhing Mass","floor":48,"turns":1},{"damage":32,"enemies":"Awakened One","floor":50,"turns":5}],"seed_played":"-1895071484334220094","potions_obtained":[{"floor":2,"key":"GamblersBrew"},{"floor":5,"key":"LiquidBronze"},{"floor":7,"key":"Ancient Potion"},{"floor":39,"key":"Explosive Potion"},{"floor":42,"key":"Fruit Juice"},{"floor":45,"key":"PowerPotion"},{"floor":47,"key":"bronze:FreeFunctionsPotion"}],"is_trial":true,"path_per_floor":["M","M","M","?","M","R","M","M","T","M","$","$","M","M","R","B",null,"M","M","$","M","M","R","M","M","T","M","M","R","M","$","R","B",null,"M","M","M","$","M","R","R","M","T","M","M","M","M","M","R","B",null],"character_chosen":"THE_AUTOMATON","items_purchased":["bronze:Backtrace","PreservedInsect","TheAbacus"],"campfire_rested":1,"item_purchase_floors":[12,20,38],"current_hp_per_floor":[70,70,70,63,63,63,63,63,63,63,63,63,63,63,63,27,70,70,80,80,80,80,80,80,80,80,80,80,80,80,80,80,80,80,80,80,80,80,80,80,80,85,85,85,85,84,84,84,85,53],"gold":472,"neow_bonus":"","is_daily":false,"chose_seed":false,"campfire_upgraded":7,"win_rate":0.0,"timestamp":1614435235,"path_taken":["M","M","M","?","M","R","M","M","T","M","$","$","M","M","R","BOSS","M","M","$","M","M","R","M","M","T","M","M","R","M","$","R","BOSS","M","M","M","$","M","R","R","M","T","M","M","M","M","M","R","BOSS"],"items_purchased_type":["Card","Relic","Relic"],"build_version":"2020-12-22","purchased_purges":3,"victory":true,"max_hp_per_floor":[70,70,70,70,70,70,70,70,70,70,70,70,70,70,70,70,70,70,80,80,80,80,80,80,80,80,80,80,80,80,80,80,80,80,80,80,80,80,80,80,80,85,85,85,85,85,85,85,85,85],"card_choices":[{"not_picked":["bronze:SpaghettiCode","bronze:ShipIt"],"picked":"bronze:AlphaBuild","floor":16},{"not_picked":["bronze:FindAndReplace+1","bronze:Format+1"],"picked":"bronze:Library","floor":33}],"player_experience":215530,"relics_obtained":[{"floor":1,"key":"bronze:CableSpool"},{"floor":2,"key":"sneckomod:BlankCard"},{"floor":3,"key":"Letter Opener"},{"floor":5,"key":"Gremlin Horn"},{"floor":7,"key":"Singing Bowl"},{"floor":8,"key":"Darkstone Periapt"},{"floor":9,"key":"Akabeko"},{"floor":10,"key":"Nunchaku"},{"floor":13,"key":"Smiling Mask"},{"floor":14,"key":"Shuriken"},{"floor":18,"key":"champ:DuelingGlove"},{"floor":19,"key":"Pear"},{"floor":21,"key":"Juzu Bracelet"},{"floor":22,"key":"Eternal Feather"},{"floor":24,"key":"Molten Egg 2"},{"floor":25,"key":"Toxic Egg 2"},{"floor":26,"key":"Kunai"},{"floor":27,"key":"Anchor"},{"floor":28,"key":"hexamod:BolsterEngine"},{"floor":30,"key":"Matryoshka"},{"floor":35,"key":"Mercury Hourglass"},{"floor":36,"key":"Art of War"},{"floor":37,"key":"Slimebound:PreparedRelic"},{"floor":39,"key":"Toy Ornithopter"},{"floor":42,"key":"InkBottle"},{"floor":43,"key":"Slimebound:StickyStick"},{"floor":43,"key":"Gambling Chip"},{"floor":44,"key":"Meat on the Bone"},{"floor":45,"key":"Omamori"},{"floor":46,"key":"War Paint"},{"floor":47,"key":"White Beast Statue"},{"floor":48,"key":"Old Coin"}],"event_choices":[{"cards_removed":["bronze:FineTuning"],"damage_healed":0,"gold_gain":0,"player_choice":"Card Removal","damage_taken":7,"max_hp_gain":0,"max_hp_loss":0,"event_name":"Golden Wing","floor":4,"gold_loss":0}],"is_beta":false,"boss_relics":[{"not_picked":["SlaversCollar","Runic Dome"],"picked":"expansioncontent:StudyCardRelic"},{"not_picked":["Snecko Eye","Coffee Dripper"],"picked":"Empty Cage"}],"items_purged_floors":[11,20,31],"is_endless":false,"potions_floor_spawned":[2,5,7,10,13,21,22,27,28,35,39,42,45,47,48],"ascension_level":0}}