{"host":"puhn14s7bdwcyqz6","time":1614404987,"event":{"mods":["Aya Shameimaru","BaseMod","CapriCore","Koishi","Marisa（霧雨　魔理沙）","Minty Spire (QoL Compilation)","Reimu（博丽灵梦）","Remilia（蕾米莉亚）","StSLib","The Administrix","The Immortal","The Senshi","The Servant 0.9.4","Yakumo Yukari mod","Yuyuko"],"gold_per_floor":[140,157,44,16,16,44,44,44,71,71,71],"floor_reached":10,"language":"ENG","playtime":1063,"items_purged":[],"score":64,"play_id":"8781bbbe-f910-4e42-8a1a-db87028f53a2","local_time":"20210227004947","is_ascension_mode":false,"campfire_choices":[{"floor":7,"key":"REST"}],"circlet_count":0,"master_deck":["AT_purpleEX","AT_purpleEX","AT_purpleEX","AT_purpleEX","Defend_purpleEX","Defend_purpleEX","Defend_purpleEX","Defend_purpleEX","Observe_purple_1","Observe_purple_2","Sadistic Nature","Boundary_DreamRealityDamnation_purple","Yakumo_Ran_purple","Boundary_of_Extermination_purpleEX","RealityDreamConfluencek_purple","Shallow_ocean_purpleEX"],"relics":["Boundary_crack","Memoryfragments_purpleEX","Omamori","Orichalcum"],"acts_visited":["Exordium"],"potions_floor_usage":[6],"damage_taken":[{"damage":0,"enemies":"2 Louse","floor":1,"turns":4},{"damage":0,"enemies":"Small Slimes","floor":2,"turns":3},{"damage":32,"enemies":"3 Sentries","floor":6,"turns":8},{"damage":75,"enemies":"Gremlin Nob","floor":10,"turns":6}],"seed_played":"-496496177546224495","potions_obtained":[{"floor":1,"key":"EssenceOfSteel"},{"floor":2,"key":"Energy Potion"}],"is_trial":false,"path_per_floor":["M","M","$","?","?","E","R","?","T","E"],"character_chosen":"Youkari","items_purchased":["Boundary_of_Extermination_purpleEX","RealityDreamConfluencek_purple"],"campfire_rested":1,"item_purchase_floors":[3,3],"current_hp_per_floor":[63,63,63,63,63,31,49,63,63,0,0],"gold":71,"neow_bonus":"RANDOM_COLORLESS_2","is_daily":false,"chose_seed":false,"campfire_upgraded":0,"win_rate":0.0,"timestamp":1614404987,"path_taken":["M","M","$","?","?","E","R","?","T","E"],"items_purchased_type":["Card","Card"],"build_version":"2020-12-22","purchased_purges":0,"victory":false,"max_hp_per_floor":[63,63,63,63,63,63,63,63,63,63,63],"card_choices":[{"not_picked":["Secret Weapon","Master of Strategy"],"picked":"Sadistic Nature","floor":0},{"not_picked":["OpenedBox_purple","OmniscientAndOmnipotent_Monster_purple"],"picked":"Boundary_DreamRealityDamnation_purple","floor":1},{"not_picked":["Worldmountain_purple","ExistenceContinue_purple"],"picked":"Yakumo_Ran_purple","floor":2},{"not_picked":["StretchesForeverDream_purple","UniverseChoice_purple"],"picked":"Shallow_ocean_purpleEX","floor":6}],"player_experience":113157,"relics_obtained":[{"floor":6,"key":"Omamori"},{"floor":9,"key":"Orichalcum"}],"event_choices":[{"damage_healed":0,"gold_gain":0,"player_choice":"Left Gold","damage_taken":0,"max_hp_gain":0,"max_hp_loss":0,"event_name":"World of Goop","floor":4,"gold_loss":28},{"damage_healed":0,"gold_gain":0,"player_choice":"Ignored","damage_taken":0,"max_hp_gain":0,"max_hp_loss":0,"event_name":"Golden Wing","floor":5,"gold_loss":0},{"damage_healed":15,"gold_gain":0,"player_choice":"Healed and dodged fight","damage_taken":0,"max_hp_gain":0,"max_hp_loss":0,"event_name":"Mushrooms","floor":8,"gold_loss":0,"cards_obtained":["Parasite"]}],"is_beta":false,"boss_relics":[],"items_purged_floors":[],"is_endless":false,"potions_floor_spawned":[1,2],"killed_by":"Gremlin Nob","ascension_level":0}}