{"host":"xkc7tfemhzdc5j5t","time":1614425861,"event":{"mods":["AchievementEnabler","Act Like it!","BaseMod","BetterRewards","Colored Map","Colored Powertips","Downfall","Gensokyo","Hallownest","Hermit","Highlight Path","Infinite Spire","Marisa£®ÏF”Í°°ƒß¿Ì…≥£©","Minty Spire (QoL Compilation)","Prisma Mod","Quick Restart","Reimu£®≤©¿ˆ¡È√Œ£©","Replay The Spire","Shop Mod","StSLib","SuperFastMode","The Bug Knight","The Construct","The Cursed","The Disciple","The Hierophant","The Jungle","The Necromancer","The Runesmith","The Servant 0.9.4","Youmu£®ªÍ∆«—˝√Œ£©"],"gold_per_floor":[110,122,135,155,174,174,189,189,189,214,214,214,225,150,150,221,221,239,164,179,191,201,201,221,221,244,244,244,244,278,15,15,90,90,105,105,125,136,47,47,61,61,61,61,6,17,35,45,45,45],"floor_reached":51,"language":"ZHS","playtime":3612,"items_purged":["Defend_B","Poor:ReiMu","Strike_B"],"score":920,"play_id":"0c6030bf-686a-4cc5-8aa7-621e8c0c6135","local_time":"20210227193741","is_ascension_mode":true,"campfire_choices":[{"data":"Zap","floor":6.0,"key":"SMITH"},{"data":"Consume","floor":8.0,"key":"SMITH"},{"data":"Dualcast","floor":12.0,"key":"SMITH"},{"data":"Ball Lightning","floor":15.0,"key":"SMITH"},{"floor":23.0,"key":"REST"},{"floor":25.0,"key":"REST"},{"data":"Creative AI","floor":27.0,"key":"SMITH"},{"data":"infinitespire:NeuralNetwork","floor":32.0,"key":"SMITH"},{"data":"Heatsinks","floor":40,"key":"SMITH"},{"data":"Storm","floor":42,"key":"SMITH"},{"data":"Coolheaded","floor":49,"key":"SMITH"}],"circlet_count":0,"master_deck":["AscendersBane","Strike_B","Strike_B","Defend_B","Defend_B","Zap+1","Dualcast+1","Self Repair","Streamline","Ball Lightning+1","Skim","Consume+1","Seek","Auto Shields","Doom and Gloom+1","BootSequence","Creative AI+1","Steam","Aggregate+1","Ball Lightning","Hologram+1","Panic Button","Compile Driver","Stack","infinitespire:NeuralNetwork+1","BootSequence","Cold Snap+1","Coolheaded+1","Heatsinks+1","Storm+1","Gash","Gash+1"],"relics":["Cracked Core","NeowsBlessing","Prayer Wheel","HornCleat","Runesmith:AutoHammer","Cursed Key","Replay:Rubber Ducky","Bottled Tornado","Shovel","Bag of Preparation","construct:WeddingRing","RuthlessExorcism:ReiMu","Spirit Poop"],"acts_visited":["Exordium","TheCity","TheBeyond"],"potions_floor_usage":[46,50],"damage_taken":[{"damage":0.0,"enemies":"Cultist","floor":1.0,"turns":1.0},{"damage":0.0,"enemies":"2 Louse","floor":2.0,"turns":1.0},{"damage":0.0,"enemies":"Jaw Worm","floor":3.0,"turns":1.0},{"damage":4.0,"enemies":"Red Slaver","floor":4.0,"turns":4.0},{"damage":17.0,"enemies":"Large Slime","floor":5.0,"turns":6.0},{"damage":9.0,"enemies":"3 Louse","floor":7.0,"turns":2.0},{"damage":27.0,"enemies":"3 Sentries","floor":10.0,"turns":6.0},{"damage":0.0,"enemies":"Looter","floor":13.0,"turns":2.0},{"damage":42.0,"enemies":"Fading Forest","floor":16.0,"turns":11.0},{"damage":26.0,"enemies":"Shell Parasite","floor":18.0,"turns":5.0},{"damage":19.0,"enemies":"2 Thieves","floor":20.0,"turns":4.0},{"damage":27.0,"enemies":"Snake Plant","floor":21.0,"turns":4.0},{"damage":7.0,"enemies":"Chosen and Byrds","floor":22.0,"turns":4.0},{"damage":10.0,"enemies":"Centurion and Healer","floor":24.0,"turns":7.0},{"damage":0.0,"enemies":"HollowMod:Nosk","floor":30.0,"turns":5.0},{"damage":14.0,"enemies":"Champ","floor":33.0,"turns":8.0},{"damage":4.0,"enemies":"3 Shapes","floor":35.0,"turns":4.0},{"damage":3.0,"enemies":"3 Darklings","floor":37.0,"turns":4.0},{"damage":0,"enemies":"Writhing Mass","floor":38,"turns":5},{"damage":14,"enemies":"Maw","floor":41,"turns":9},{"damage":0,"enemies":"Transient","floor":46,"turns":6},{"damage":0,"enemies":"Sphere and 2 Shapes","floor":47,"turns":3},{"damage":0,"enemies":"4 Shapes","floor":48,"turns":4},{"damage":7,"enemies":"Replay:Hell Engine","floor":50,"turns":11}],"seed_played":"4461585891809694602","potions_obtained":[{"floor":2.0,"key":"SteroidPotion"},{"floor":4.0,"key":"ColorlessPotion"},{"floor":7.0,"key":"FairyPotion"},{"floor":10.0,"key":"Energy Potion"},{"floor":21.0,"key":"Swift Potion"},{"floor":24.0,"key":"Strength Potion"},{"floor":30.0,"key":"FocusPotion"},{"floor":38,"key":"ColorlessPotion"}],"is_trial":false,"path_per_floor":["M","M","M","M","M","R","M","R","T","E","?","R","M","$","R","B",null,"M","?","M","M","M","R","M","R","T","R","AVR","?","E","$","R","B",null,"M","?","M","M","$","R","M","R","T","?","$","M","M","M","R","B",null],"character_chosen":"DEFECT","items_purchased":["Bag of Preparation","Heatsinks","Adrenaline Potion"],"campfire_rested":2,"item_purchase_floors":[31,39,45],"current_hp_per_floor":[64,71,71,71,61,61,59,59,59,39,39,39,39,39,39,26,60,41,41,29,9,9,30,27,48,48,48,48,42,49,49,49,42,64,60,60,57,64,64,64,57,57,57,57,57,64,71,71,71,71],"gold":45,"neow_bonus":"THREE_ENEMY_KILL","is_daily":false,"chose_seed":false,"campfire_upgraded":9,"win_rate":0.0,"timestamp":1614425861,"path_taken":["M","M","M","M","?","R","M","R","T","E","?","R","M","$","R","BOSS","M","?","M","M","M","R","M","R","T","R","AVR","?","E","$","R","BOSS","M","?","M","M","$","R","?","R","T","?","$","M","?","M","R","BOSS"],"items_purchased_type":["Relic","Card","Potion"],"build_version":"2020-12-22","purchased_purges":3,"victory":true,"max_hp_per_floor":[71,71,71,71,71,71,71,71,71,71,71,71,71,71,71,71,71,71,71,71,71,71,71,71,71,71,71,71,71,71,71,71,71,71,71,71,71,71,71,71,71,71,71,71,71,71,71,71,71,71],"card_choices":[{"not_picked":["Conserve Battery","Stack"],"picked":"Self Repair","floor":1.0},{"not_picked":["Hello World","Leap"],"picked":"Streamline","floor":2.0},{"not_picked":["ReplayTheSpireMod:GoodbyeWorld","Redo"],"picked":"Ball Lightning","floor":3.0},{"not_picked":["Sweeping Beam","Conserve Battery"],"picked":"ReplayTheSpireMod:Fabricate Wheel","floor":4.0},{"not_picked":["Hello World","Go for the Eyes"],"picked":"Skim","floor":5.0},{"not_picked":["Streamline","Double Energy","Reprogram"],"picked":"SKIP","floor":5.0},{"not_picked":["Stack","Sunder"],"picked":"Consume","floor":7.0},{"not_picked":["Cold Snap","Barrage"],"picked":"Seek","floor":7.0},{"not_picked":["Barrage","Beam Cell"],"picked":"Auto Shields","floor":10.0},{"not_picked":["Sweeping Beam","Conserve Battery"],"picked":"BootSequence","floor":13.0},{"not_picked":["Ball Lightning","Tempest","Fusion"],"picked":"SKIP","floor":13.0},{"not_picked":["Seek","Hyperbeam"],"picked":"Creative AI","floor":16.0},{"not_picked":["Undo","Genetic Algorithm"],"picked":"Steam","floor":18.0},{"not_picked":["Conserve Battery","BasicCrystalCard","Fusion"],"picked":"SKIP","floor":18.0},{"not_picked":["Panic Button","Skim"],"picked":"Aggregate+1","floor":20.0},{"not_picked":["Time Bomb","Compile Driver"],"picked":"Ball Lightning","floor":20.0},{"not_picked":["Cold Snap","Multi-Cast"],"picked":"Hologram","floor":21.0},{"not_picked":["Compile Driver","Go for the Eyes"],"picked":"Panic Button","floor":21.0},{"not_picked":["Redo","Recycle"],"picked":"Compile Driver","floor":22.0},{"not_picked":["Redo","Steam","Tempest"],"picked":"SKIP","floor":22.0},{"not_picked":["Hologram","BasicCrystalCard"],"picked":"Stack","floor":24.0},{"not_picked":["Leap","BasicCrystalCard+1","FIFO Queue"],"picked":"SKIP","floor":24.0},{"not_picked":["Defragment","Barrage"],"picked":"BootSequence","floor":30.0},{"not_picked":["BasicCrystalCard+1","Tempest+1","Sweeping Beam+1"],"picked":"SKIP","floor":35.0},{"not_picked":["Panic Button","Blizzard","Sweeping Beam"],"picked":"SKIP","floor":35.0},{"not_picked":["Redo","Reprogram"],"picked":"Cold Snap+1","floor":37.0},{"not_picked":["Auto Shields","Ball Lightning+1","Fusion"],"picked":"SKIP","floor":37.0},{"not_picked":["Self Repair","Biased Cognition"],"picked":"Coolheaded","floor":38},{"not_picked":["Melter","Steam","Leap"],"picked":"SKIP","floor":38},{"not_picked":["Rip and Tear+1","Skim+1"],"picked":"Storm","floor":41},{"not_picked":["Barrage","FTL","Ball Lightning"],"picked":"SKIP","floor":41},{"not_picked":["Barrage","FTL","Ball Lightning"],"picked":"SKIP","floor":41},{"not_picked":["Panic Button","Ball Lightning","Chaos+1"],"picked":"SKIP","floor":46},{"not_picked":["Undo","Blizzard+1","Panic Button"],"picked":"SKIP","floor":46},{"not_picked":["Skim","Sunder","Hologram"],"picked":"SKIP","floor":47},{"not_picked":["Hologram","Undo","Redo+1"],"picked":"SKIP","floor":47},{"not_picked":["Beam Cell","Streamline+1"],"picked":"Gash","floor":48},{"not_picked":["Melter","Static Discharge"],"picked":"Gash+1","floor":48}],"player_experience":811268,"relics_obtained":[{"floor":9.0,"key":"HornCleat"},{"floor":10.0,"key":"Runesmith:AutoHammer"},{"floor":26.0,"key":"Replay:Rubber Ducky"},{"floor":30.0,"key":"Shovel"},{"floor":43,"key":"RuthlessExorcism:ReiMu"}],"event_choices":[{"cards_removed":["Defend_B"],"damage_healed":0.0,"max_hp_gain":0.0,"max_hp_loss":0.0,"gold_gain":0.0,"event_name":"Beggar","player_choice":"Gave Gold","floor":19.0,"gold_loss":75.0,"damage_taken":0.0},{"damage_healed":0.0,"max_hp_gain":0.0,"max_hp_loss":0.0,"gold_gain":0.0,"event_name":"Knowing Skull","player_choice":"","floor":29.0,"potions_obtained":[],"gold_loss":0.0,"damage_taken":6.0,"cards_obtained":[]},{"damage_healed":0.0,"max_hp_gain":0.0,"max_hp_loss":0.0,"gold_gain":0.0,"event_name":"Accursed Blacksmith","player_choice":"Forge","floor":36.0,"gold_loss":0.0,"damage_taken":0.0,"cards_upgraded":["Hologram"]},{"cards_removed":["Shame"],"damage_healed":0,"gold_gain":0,"player_choice":"Offered Curse","damage_taken":0,"relics_obtained":["Spirit Poop"],"max_hp_gain":0,"max_hp_loss":0,"event_name":"Bonfire Elementals","floor":44,"gold_loss":0}],"is_beta":false,"boss_relics":[{"not_picked":["infinitespire:Cupcake","Replay:Fungal Core"],"picked":"Cursed Key"},{"not_picked":["Snecko Eye","Kintsugi"],"picked":"construct:WeddingRing"}],"items_purged_floors":[14,28,31],"is_endless":false,"potions_floor_spawned":[2,4,7,10,21,24,30,38],"ascension_level":17}}