{"host":"po0gzr6h085cygwo","time":1614420344,"event":{"mods":["AchievementEnabler","BaseMod","Colored Map","KOR Keyword Fix","Minty Spire (QoL Compilation)","Rare Cards Sparkle","StSLib","SuperFastMode"],"gold_per_floor":[116,116,131,131,63,90,90,101,101,101,130,149,149,164,164,263,263,238,251,32,49,69,69,69,69,69],"floor_reached":25,"language":"KOR","playtime":887,"items_purged":["Defend_R"],"score":348,"play_id":"655a3e3d-b010-4a35-ad34-56a1d0f71d5b","local_time":"20210227190544","is_ascension_mode":true,"campfire_choices":[{"data":"Rage","floor":7,"key":"SMITH"},{"data":"Barricade","floor":10,"key":"SMITH"},{"data":"Clash","floor":15,"key":"SMITH"},{"data":"Heavy Blade","floor":23,"key":"SMITH"}],"circlet_count":0,"master_deck":["Defend_R","Bash+1","Clash+1","Clash","Clash","Clash","Clash","Rage+1","Heavy Blade+1","Barricade+1","Limit Break+1","Impervious+1"],"relics":["Burning Blood","Matryoshka","Pen Nib","Red Skull","Strawberry","Black Star","War Paint"],"acts_visited":["Exordium","TheCity"],"potions_floor_usage":[11,11,21],"damage_taken":[{"damage":0,"enemies":"2 Louse","floor":1,"turns":1},{"damage":0,"enemies":"Jaw Worm","floor":3,"turns":1},{"damage":10,"enemies":"Gremlin Nob","floor":6,"turns":3},{"damage":0,"enemies":"Cultist","floor":8,"turns":2},{"damage":0,"enemies":"3 Sentries","floor":11,"turns":5},{"damage":3,"enemies":"Blue Slaver","floor":12,"turns":4},{"damage":0,"enemies":"2 Fungi Beasts","floor":14,"turns":1},{"damage":2,"enemies":"Slime Boss","floor":16,"turns":8},{"damage":18,"enemies":"2 Thieves","floor":18,"turns":5},{"damage":37,"enemies":"3 Byrds","floor":19,"turns":6},{"damage":15,"enemies":"Centurion and Healer","floor":21,"turns":4},{"damage":12,"enemies":"Cultist and Chosen","floor":22,"turns":5},{"damage":35,"enemies":"Book of Stabbing","floor":25,"turns":3}],"seed_played":"6016884108396012151","potions_obtained":[{"floor":1,"key":"DuplicationPotion"},{"floor":6,"key":"Fire Potion"},{"floor":12,"key":"SpeedPotion"},{"floor":16,"key":"Strength Potion"},{"floor":19,"key":"PowerPotion"}],"is_trial":false,"path_per_floor":["M","?","M","?","$","E","R","M","T","R","E","M","?","M","R","B",null,"M","M","$","M","M","R","?","E"],"character_chosen":"IRONCLAD","items_purchased":["Rage","War Paint"],"campfire_rested":0,"item_purchase_floors":[5,20],"current_hp_per_floor":[88,88,88,81,81,77,77,83,83,83,95,95,76,82,82,86,93,81,50,50,41,35,35,35,0,0],"gold":69,"neow_bonus":"TEN_PERCENT_HP_BONUS","is_daily":false,"chose_seed":false,"campfire_upgraded":4,"win_rate":0.0,"timestamp":1614420344,"path_taken":["M","?","M","?","?","E","R","?","T","R","E","M","?","M","R","BOSS","M","M","$","M","M","R","?","E"],"items_purchased_type":["Card","Relic"],"build_version":"2020-12-22","purchased_purges":1,"victory":false,"max_hp_per_floor":[88,88,88,88,88,88,88,88,88,88,95,95,95,95,95,95,95,95,95,95,95,95,95,95,95,95],"card_choices":[{"not_picked":["Disarm","Headbutt","Sentinel"],"picked":"SKIP","floor":1},{"not_picked":["Carnage","Warcry"],"picked":"Shrug It Off","floor":3},{"not_picked":["Body Slam","Sever Soul"],"picked":"Heavy Blade","floor":6},{"not_picked":["Sever Soul","Shrug It Off"],"picked":"Barricade","floor":8},{"not_picked":["Rupture","Body Slam"],"picked":"Limit Break","floor":11},{"not_picked":["Whirlwind","Shrug It Off","Infernal Blade"],"picked":"SKIP","floor":12},{"not_picked":["Havoc","Twin Strike","Dark Embrace"],"picked":"SKIP","floor":14},{"not_picked":["Reaper","Barricade"],"picked":"Impervious","floor":16},{"not_picked":["Searing Blow","Armaments","Cleave"],"picked":"SKIP","floor":18},{"not_picked":["Entrench+1","Anger","Clothesline"],"picked":"SKIP","floor":19},{"not_picked":["Shrug It Off","Heavy Blade+1","Dark Embrace"],"picked":"SKIP","floor":21},{"not_picked":["Rampage","Thunderclap","Rage+1"],"picked":"SKIP","floor":22}],"player_experience":99525,"relics_obtained":[{"floor":6,"key":"Matryoshka"},{"floor":9,"key":"Pen Nib"},{"floor":9,"key":"Red Skull"},{"floor":11,"key":"Strawberry"}],"event_choices":[{"cards_removed":["Defend_R"],"damage_healed":0,"gold_gain":0,"player_choice":"Forget","damage_taken":0,"max_hp_gain":0,"max_hp_loss":0,"event_name":"Living Wall","floor":2,"gold_loss":0},{"cards_removed":["Defend_R"],"damage_healed":0,"gold_gain":0,"player_choice":"Card Removal","damage_taken":7,"max_hp_gain":0,"max_hp_loss":0,"event_name":"Golden Wing","floor":4,"gold_loss":0},{"damage_healed":0,"gold_gain":0,"player_choice":"Entered Light","damage_taken":19,"max_hp_gain":0,"max_hp_loss":0,"event_name":"Shining Light","floor":13,"gold_loss":0,"cards_upgraded":["Shrug It Off","Bash"]},{"cards_removed":["Shrug It Off"],"damage_healed":0,"gold_gain":0,"player_choice":"Purged","damage_taken":0,"max_hp_gain":0,"max_hp_loss":0,"event_name":"Purifier","floor":24,"gold_loss":0}],"is_beta":false,"boss_relics":[{"not_picked":["Busted Crown","Fusion Hammer"],"picked":"Black Star"}],"items_purged_floors":[20],"is_endless":false,"potions_floor_spawned":[1,6,12,16,19],"killed_by":"Book of Stabbing","ascension_level":5}}