{"host":"zxkjcgzis4pm3za5","time":1614440078,"event":{"mods":["2.2 Compatiblity","AchievementEnabler","BaseMod","Colored Map","Colored Powertips","Minty Spire (QoL Compilation)","Quick Restart","Random Character Button","Relic Filter Mod","Relic Sorter","Relic Stats","StSLib","ojb\u0027s Info Mod"],"gold_per_floor":[17,17,32,51,64,64,98,98,98,130,156,156,175,210,210,286,286,298,298,340,265,27,27,60,60,60,123,140,151,178,211,220,332,332,382,382,121,130,182,182,219,243,243,277,302,311,320,320,320,320,320],"floor_reached":50,"language":"ENG","playtime":1938,"items_purged":["Strike_P"],"score":1462,"play_id":"fdbd03f3-3263-4d03-b1bf-303902caf7c4","local_time":"20210227210438","is_ascension_mode":true,"campfire_choices":[{"data":"Conclude","floor":6.0,"key":"SMITH"},{"data":"Eruption","floor":8.0,"key":"SMITH"},{"data":"Meditate","floor":15.0,"key":"SMITH"},{"data":"Wish","floor":23.0,"key":"SMITH"},{"floor":32.0,"key":"REST"},{"data":"SpiritShield","floor":40.0,"key":"SMITH"},{"floor":47,"key":"REST"},{"floor":49,"key":"RECALL"}],"circlet_count":0,"master_deck":["AscendersBane","Defend_P+1","Eruption+1","Vigilance","Conclude+1","Meditate+1","WheelKick","BattleHymn","Establishment","DeusExMachina","ThirdEye","FearNoEvil","Wish+1","Indignation","Swivel+1","BowlingBash+1","InnerPeace+1","Wish+1","SpiritShield+1","Worship+1","ThirdEye","Wallop","Halt+1","BattleHymn+1","Prostrate","Consecrate+1","Writhe","EmptyFist+1"],"relics":["PureWater","Toy Ornithopter","TeardropLocket","WingedGreaves","Potion Belt","Mercury Hourglass","Centennial Puzzle","SlaversCollar","Lee\u0027s Waffle","StrikeDummy","The Courier","MealTicket","Dream Catcher","CeramicFish","Philosopher\u0027s Stone","War Paint","Happy Flower","Bottled Tornado","Unceasing Top","Meat on the Bone"],"acts_visited":["Exordium","TheCity","TheBeyond"],"potions_floor_usage":[50],"damage_taken":[{"damage":4.0,"enemies":"Jaw Worm","floor":1.0,"turns":5.0},{"damage":1.0,"enemies":"Cultist","floor":3.0,"turns":4.0},{"damage":0.0,"enemies":"Small Slimes","floor":4.0,"turns":2.0},{"damage":12.0,"enemies":"Exordium Wildlife","floor":5.0,"turns":2.0},{"damage":0.0,"enemies":"Lagavulin","floor":7.0,"turns":4.0},{"damage":0.0,"enemies":"3 Sentries","floor":10.0,"turns":2.0},{"damage":3.0,"enemies":"Lagavulin","floor":11.0,"turns":5.0},{"damage":0.0,"enemies":"2 Fungi Beasts","floor":13.0,"turns":2.0},{"damage":0.0,"enemies":"3 Sentries","floor":14.0,"turns":1.0},{"damage":20.0,"enemies":"Hexaghost","floor":16.0,"turns":5.0},{"damage":13.0,"enemies":"3 Byrds","floor":18.0,"turns":3.0},{"damage":10.0,"enemies":"2 Thieves","floor":20.0,"turns":2.0},{"damage":20.0,"enemies":"Slavers","floor":24.0,"turns":2.0},{"damage":0.0,"enemies":"Gremlin Leader","floor":27.0,"turns":3.0},{"damage":19.0,"enemies":"Snake Plant","floor":28.0,"turns":2.0},{"damage":0.0,"enemies":"Cultist and Chosen","floor":29.0,"turns":2.0},{"damage":0.0,"enemies":"Slavers","floor":30.0,"turns":1.0},{"damage":23.0,"enemies":"Book of Stabbing","floor":31.0,"turns":4.0},{"damage":21.0,"enemies":"Collector","floor":33.0,"turns":4.0},{"damage":8.0,"enemies":"3 Shapes","floor":35.0,"turns":3.0},{"damage":6.0,"enemies":"3 Darklings","floor":39.0,"turns":3.0},{"damage":16.0,"enemies":"Giant Head","floor":41.0,"turns":6.0},{"damage":7.0,"enemies":"Transient","floor":42.0,"turns":6.0},{"damage":55,"enemies":"Nemesis","floor":44,"turns":5},{"damage":0,"enemies":"Spire Growth","floor":45,"turns":2},{"damage":71,"enemies":"Time Eater","floor":50,"turns":5}],"seed_played":"2672301264513747718","potions_obtained":[{"floor":2.0,"key":"CultistPotion"},{"floor":2.0,"key":"Swift Potion"},{"floor":5.0,"key":"DuplicationPotion"},{"floor":13.0,"key":"EssenceOfSteel"},{"floor":27.0,"key":"Explosive Potion"},{"floor":28.0,"key":"Explosive Potion"},{"floor":30.0,"key":"BottledMiracle"},{"floor":33.0,"key":"EssenceOfSteel"},{"floor":35.0,"key":"Swift Potion"},{"floor":41.0,"key":"SneckoOil"}],"is_trial":false,"path_per_floor":["M","?","M","M","M","R","E","R","T","E","E","?","M","E","R","B",null,"M","?","M","?","$","R","E","?","T","E","M","M","E","E","R","B",null,"M","?","$","?","M","R","E","M","T","E","M","?","R","T","R","B"],"character_chosen":"WATCHER","items_purchased":["Lee\u0027s Waffle","War Paint","Happy Flower"],"campfire_rested":2,"item_purchase_floors":[22,37,37],"current_hp_per_floor":[57,57,56,56,44,44,44,44,44,44,46,46,46,46,46,26,58,45,45,35,35,75,75,55,55,55,55,36,41,46,23,45,29,64,56,56,71,71,70,70,59,57,57,2,2,17,39,39,39,0,0],"gold":320,"neow_bonus":"REMOVE_TWO","is_daily":false,"chose_seed":false,"campfire_upgraded":5,"win_rate":0.0,"timestamp":1614440078,"path_taken":["M","?","?","M","M","R","E","R","T","E","E","?","M","E","R","BOSS","M","?","M","?","?","R","E","?","T","E","M","?","E","E","R","BOSS","M","?","$","?","M","R","E","M","T","E","?","?","R","?","R","BOSS"],"items_purchased_type":["Relic","Relic","Relic"],"build_version":"2020-12-22","purchased_purges":1,"victory":false,"max_hp_per_floor":[68,68,68,68,68,68,68,68,68,68,68,68,68,68,68,68,68,68,68,68,68,75,75,75,75,75,75,75,75,75,75,75,75,75,75,75,75,75,75,75,75,75,75,75,75,75,75,75,75,75,75],"relic_stats":{"Lee\u0027s Waffle":40,"Happy Flower":[9],"counters":[26,85],"CeramicFish":99,"War Paint":["Wish","Defend_P"],"Mercury Hourglass":[269],"Centennial Puzzle":[43],"Dream Catcher":2,"MealTicket":15,"obtain_stats":[{"Potion Belt":11,"Lee\u0027s Waffle":22,"Happy Flower":37,"CeramicFish":31,"The Courier":26,"TeardropLocket":9,"War Paint":37,"Bottled Tornado":41,"Mercury Hourglass":12,"SlaversCollar":17,"Centennial Puzzle":14,"Dream Catcher":30,"MealTicket":27,"Philosopher\u0027s Stone":34,"WingedGreaves":10,"PureWater":0,"StrikeDummy":24,"Toy Ornithopter":7,"Unceasing Top":44,"Meat on the Bone":48},{"Potion Belt":7,"Lee\u0027s Waffle":12,"Happy Flower":20,"CeramicFish":18,"The Courier":13,"TeardropLocket":5,"War Paint":20,"Bottled Tornado":22,"Mercury Hourglass":7,"SlaversCollar":10,"Centennial Puzzle":9,"Dream Catcher":17,"MealTicket":14,"Philosopher\u0027s Stone":19,"WingedGreaves":6,"PureWater":0,"StrikeDummy":13,"Toy Ornithopter":5,"Unceasing Top":24,"Meat on the Bone":25},{"Potion Belt":24,"Lee\u0027s Waffle":37,"Happy Flower":58,"CeramicFish":51,"The Courier":39,"TeardropLocket":17,"War Paint":58,"Bottled Tornado":67,"Mercury Hourglass":24,"SlaversCollar":32,"Centennial Puzzle":27,"Dream Catcher":47,"MealTicket":42,"Philosopher\u0027s Stone":55,"WingedGreaves":19,"PureWater":0,"StrikeDummy":39,"Toy Ornithopter":17,"Unceasing Top":78,"Meat on the Bone":80}],"Toy Ornithopter":40,"Unceasing Top":[0],"Meat on the Bone":0},"card_choices":[{"not_picked":["EmptyFist","Fasting2"],"picked":"Conclude","floor":1.0},{"not_picked":["SashWhip","Evaluate"],"picked":"Meditate","floor":3.0},{"not_picked":["SashWhip","Swivel"],"picked":"WheelKick","floor":4.0},{"not_picked":["Halt","Consecrate"],"picked":"BattleHymn","floor":5.0},{"not_picked":["FlyingSleeves","SandsOfTime"],"picked":"Perseverance","floor":7.0},{"not_picked":["DeceiveReality","Consecrate"],"picked":"Establishment","floor":10.0},{"not_picked":["Halt","Collect"],"picked":"DeusExMachina","floor":11.0},{"not_picked":["Adaptation","Prostrate"],"picked":"ThirdEye","floor":13.0},{"not_picked":["FollowUp","Swivel"],"picked":"FearNoEvil","floor":14.0},{"not_picked":["Judgement","Omniscience"],"picked":"Wish","floor":16.0},{"not_picked":["Pray","FlyingSleeves","SandsOfTime"],"picked":"SKIP","floor":18.0},{"not_picked":["CrushJoints","Sanctity"],"picked":"Indignation","floor":20.0},{"not_picked":["ThirdEye","BattleHymn","FearNoEvil"],"picked":"SKIP","floor":24.0},{"not_picked":["WindmillStrike","EmptyBody"],"picked":"Swivel+1","floor":27.0},{"not_picked":["SashWhip","WindmillStrike","FollowUp"],"picked":"SKIP","floor":28.0},{"not_picked":["SignatureMove","Sanctity"],"picked":"BowlingBash+1","floor":29.0},{"not_picked":["Protect","JustLucky"],"picked":"InnerPeace+1","floor":30.0},{"not_picked":["FlyingSleeves","Indignation","Prostrate"],"picked":"SKIP","floor":31.0},{"not_picked":["FollowUp","FlyingSleeves"],"picked":"Wish","floor":32.0},{"not_picked":["Judgement","Establishment"],"picked":"SpiritShield","floor":33.0},{"not_picked":["PathToVictory","CrushJoints"],"picked":"Worship+1","floor":35.0},{"not_picked":["WreathOfFlame","Worship"],"picked":"Wallop","floor":39.0},{"not_picked":["FlyingSleeves","ThirdEye+1"],"picked":"Halt+1","floor":41.0},{"not_picked":["ForeignInfluence","SashWhip"],"picked":"BattleHymn+1","floor":42.0},{"not_picked":["Weave","Collect"],"picked":"Prostrate","floor":44},{"not_picked":["CrushJoints","PathToVictory+1"],"picked":"Consecrate+1","floor":45},{"not_picked":["ThirdEye","Crescendo"],"picked":"EmptyFist+1","floor":47}],"player_experience":444135,"relics_obtained":[{"floor":7.0,"key":"Toy Ornithopter"},{"floor":9.0,"key":"TeardropLocket"},{"floor":10.0,"key":"WingedGreaves"},{"floor":11.0,"key":"Potion Belt"},{"floor":14.0,"key":"Centennial Puzzle"},{"floor":24.0,"key":"StrikeDummy"},{"floor":26.0,"key":"The Courier"},{"floor":27.0,"key":"MealTicket"},{"floor":30.0,"key":"Dream Catcher"},{"floor":31.0,"key":"CeramicFish"},{"floor":41.0,"key":"Bottled Tornado"},{"floor":44,"key":"Unceasing Top"},{"floor":48,"key":"Meat on the Bone"}],"event_choices":[{"damage_healed":0.0,"max_hp_gain":0.0,"max_hp_loss":0.0,"gold_gain":0.0,"event_name":"Lab","player_choice":"Got Potions","floor":2.0,"gold_loss":0.0,"damage_taken":0.0},{"cards_removed":["Perseverance"],"damage_healed":0.0,"max_hp_gain":0.0,"max_hp_loss":0.0,"gold_gain":0.0,"event_name":"WeMeetAgain","player_choice":"Gave Card","floor":12.0,"gold_loss":0.0,"damage_taken":0.0,"relics_obtained":["Mercury Hourglass"]},{"damage_healed":0.0,"max_hp_gain":0.0,"max_hp_loss":0.0,"gold_gain":0.0,"event_name":"Vampires","player_choice":"Ignored","floor":19.0,"gold_loss":0.0,"damage_taken":0.0},{"cards_removed":["Strike_P"],"damage_healed":0.0,"max_hp_gain":0.0,"max_hp_loss":0.0,"gold_gain":0.0,"event_name":"Beggar","player_choice":"Gave Gold","floor":21.0,"gold_loss":75.0,"damage_taken":0.0},{"cards_removed":["Strike_P"],"damage_healed":0.0,"max_hp_gain":0.0,"max_hp_loss":0.0,"gold_gain":0.0,"event_name":"Back to Basics","player_choice":"Elegance","floor":25.0,"gold_loss":0.0,"damage_taken":0.0},{"cards_removed":["Defend_P"],"damage_healed":0.0,"max_hp_gain":0.0,"max_hp_loss":0.0,"gold_gain":0.0,"event_name":"Falling","player_choice":"Removed Skill","floor":36.0,"gold_loss":0.0,"damage_taken":0.0},{"damage_healed":0.0,"max_hp_gain":0.0,"max_hp_loss":0.0,"gold_gain":0.0,"cards_transformed":["Defend_P"],"event_name":"Transmorgrifier","player_choice":"Transformed","floor":38.0,"gold_loss":0.0,"damage_taken":0.0,"cards_obtained":["ThirdEye"]},{"damage_healed":15,"gold_gain":0,"player_choice":"Writhe","damage_taken":0,"max_hp_gain":0,"max_hp_loss":0,"event_name":"Winding Halls","floor":46,"gold_loss":0,"cards_obtained":["Writhe"]}],"is_beta":false,"boss_relics":[{"not_picked":["SacredBark","Fusion Hammer"],"picked":"SlaversCollar"},{"not_picked":["Sozu","Runic Dome"],"picked":"Philosopher\u0027s Stone"}],"items_purged_floors":[22],"is_endless":false,"potions_floor_spawned":[4,5,7,10,13,27,28,30,33,35,41],"killed_by":"Time Eater","ascension_level":20}}