{"host":"2haferq23ht5nrlk","time":1614429047,"event":{"mods":["ATMod(°¢èªMod)","AchievementEnabler","Alarm Clock","Aspiration","BaseMod","BetterRewards","Colored Powertips","Conspire","Dota2Spire","Faster Ascension Climbing","Infinite Spire","KomeijiMod","Library of Ruina","Library of Ruina Extra","Lobotomy","LobotomyExtend","Marked Mod","Minty Spire (QoL Compilation)","Quick Restart","Relic Filter Mod","Relic Stats","Reliquary","Replay The Spire","RumiaBox-Â¶Ã×æ«µÄÉñÃØºÐ×Ó","Spicy Shops","StSLib","TestMod","The Cursed","The Jungle","UnlockEverythingMod","¡¾ÒÅÎï¿¨ÅÆ¡¿REMEMod"],"gold_per_floor":[109,109,109,119,131,160,160,173,247,272,226,260,276,301,301,403,403,403,415,415,415,415,415,440,453,453,470,470,470,485,520,520,623,623,642,215,215,225,242,274,286,316,316,416,441,453,473,501,501,531,531],"floor_reached":52,"language":"ZHS","playtime":1513,"items_purged":[],"score":1295,"play_id":"09f04e10-1741-45c3-b559-7864e90b651a","local_time":"20210227203047","is_ascension_mode":true,"campfire_choices":[{"data":"TheCursedMod:NeowsMight","floor":7.0,"key":"SMITH"},{"data":"TheCursedMod:Hemoplague","floor":15.0,"key":"SMITH"},{"data":"AT_MachinaRedman","floor":23.0,"key":"SMITH"},{"data":"TheCursedMod:Torture","floor":32.0,"key":"SMITH"},{"data":"infinitespire:UltimateForm","floor":49,"key":"SMITH"}],"circlet_count":0,"master_deck":["TheCursedMod:CursedWand","TheCursedMod:Stigma","TheCursedMod:CircleOfFlame","TheCursedMod:Mangle","TheCursedMod:Mangle","TheCursedMod:Mangle","TheCursedMod:AshesToAshes","TheCursedMod:NeowsMight+1","AT_MachinaRedman+1","Core Surge","TheCursedMod:CursedBlade","TheCursedMod:CursedAmulet","TheCursedMod:Obscuration","TheCursedMod:CursedMace","TheCursedMod:Obscuration","TheCursedMod:CursedBlade","TheCursedMod:CircleOfAbyss","TheCursedMod:VitalStrike","TheCursedMod:SoulReap","TheCursedMod:Stigma","TheCursedMod:Hemoplague+1","TheCursedMod:UltimatePain+1","TheCursedMod:SpitefulStrike","Feel No Pain","TheCursedMod:Torture+1","TheCursedMod:HellsGateOpen","TheCursedMod:UltimatePain","TheCursedMod:CollectTribute","Run Through+1","Pommel Strike","TheCursedMod:UltimatePain","TheCursedMod:FleshFromBone","TheCursedMod:CursedSpellbook","TheCursedMod:CursedBlade+1","Cleave","TheCursedMod:Grudge+1","infinitespire:UltimateForm+1","Hemokinesis+1","Armaments+1","REME_Scribble+1","Offering"],"relics":["TheCursedMod:Tack","AT_ATBox","REME_ComplimentaryCards","testmod-TestBox","testmod-Fanaticism","LetterFromLob","GodSword5","testmod-Justice","AT_ChloranthyRing","AT_BladeRuinedKing","GodSword3","aspiration:IroncladSkillbook","NitorisBag","reliquary:Buckler","RedMistMask","Dota2Spire:MonkeyKingBar","Pondfish Scales","testmod-NegativeEmotionEnhancer","HandDrill","Bag of Marbles","testmod-AssaultLearning","PageOfLaetitia","AT_TimeSand","aspiration:ChemicalBlood","Bag of Marbles","Lizard Tail","infinitespire:EmpoweringShard","Ancient Tea Set"],"acts_visited":["Exordium","TheCity","TheBeyond"],"potions_floor_usage":[45,45,45,48,48,50,50,50,50,50,50,50],"damage_taken":[{"damage":0.0,"enemies":"Small Slimes","floor":1.0,"turns":1.0},{"damage":12.0,"enemies":"Jaw Worm","floor":4.0,"turns":1.0},{"damage":0.0,"enemies":"Cultist","floor":5.0,"turns":2.0},{"damage":0.0,"enemies":"Gremlin Nob","floor":6.0,"turns":2.0},{"damage":10.0,"enemies":"Exordium Thugs","floor":8.0,"turns":2.0},{"damage":0.0,"enemies":"Lagavulin","floor":10.0,"turns":2.0},{"damage":0.0,"enemies":"Gremlin Nob","floor":12.0,"turns":2.0},{"damage":0.0,"enemies":"Looter","floor":13.0,"turns":1.0},{"damage":0.0,"enemies":"3 Sentries","floor":14.0,"turns":2.0},{"damage":0.0,"enemies":"Slime Boss","floor":16.0,"turns":1.0},{"damage":18.0,"enemies":"Shell Parasite","floor":19.0,"turns":2.0},{"damage":0.0,"enemies":"Gremlin Leader","floor":24.0,"turns":2.0},{"damage":6.0,"enemies":"3 Byrds","floor":25.0,"turns":1.0},{"damage":0.0,"enemies":"Centurion and Healer","floor":27.0,"turns":2.0},{"damage":0.0,"enemies":"Snecko","floor":30.0,"turns":2.0},{"damage":0.0,"enemies":"Slavers","floor":31.0,"turns":1.0},{"damage":0.0,"enemies":"Automaton","floor":33.0,"turns":4.0},{"damage":6.0,"enemies":"3 Shapes","floor":35.0,"turns":1.0},{"damage":32.0,"enemies":"3 Darklings","floor":38.0,"turns":2.0},{"damage":20.0,"enemies":"Writhing Mass","floor":39.0,"turns":2.0},{"damage":0.0,"enemies":"Giant Head","floor":40.0,"turns":3.0},{"damage":0.0,"enemies":"4 Shapes","floor":41.0,"turns":1.0},{"damage":0.0,"enemies":"R_Hoarder","floor":42.0,"turns":2.0},{"damage":16.0,"enemies":"infinitespire:Three Voidlings","floor":44.0,"turns":2.0},{"damage":219.0,"enemies":"Nightmare_Alpha","floor":44.0,"turns":6.0},{"damage":59,"enemies":"Nightmare","floor":45,"turns":3},{"damage":0,"enemies":"Sphere and 2 Shapes","floor":46,"turns":1},{"damage":0,"enemies":"Jaw Worm Horde","floor":47,"turns":2},{"damage":32,"enemies":"Reptomancer","floor":48,"turns":2},{"damage":180,"enemies":"LordOfAnnihilation","floor":50,"turns":8}],"seed_played":"-7948385037014286744","potions_obtained":[{"floor":1.0,"key":"TheCursedMod:DregsPotion"},{"floor":3.0,"key":"Venom Potion"},{"floor":3.0,"key":"ExcitationPotion"},{"floor":12.0,"key":"EntropicBrew"},{"floor":16.0,"key":"testmod-SpacePotion"},{"floor":24.0,"key":"LifebloodPotion"},{"floor":25.0,"key":"Venom Potion"},{"floor":45,"key":"ColorlessPotion"},{"floor":50,"key":"REME_GoldPotion"}],"is_trial":false,"path_per_floor":["M","?","?","M","M","E","R","M","T","E","$","E","M","E","R","B",null,"M","M","?","AVR","?","R","E","M","T","M","?","?","M","E","R","B",null,"M","$","?","M","M","E","M","E","T","?","NM","M","M","E","R","B",null,null],"character_chosen":"THE_CURSED","items_purchased":["TheCursedMod:VitalStrike","HandDrill","Bag of Marbles","testmod-AssaultLearning","Pommel Strike"],"campfire_rested":0,"item_purchase_floors":[11,36,36,36,36],"current_hp_per_floor":[75,75,75,63,63,63,63,59,59,59,59,59,59,59,59,59,75,25,15,15,15,85,85,85,84,84,85,85,85,85,85,85,85,85,86,86,86,84,88,89,90,91,91,93,48,57,66,97,97,101,101],"gold":531,"neow_bonus":"THREE_CARDS","is_daily":false,"chose_seed":false,"campfire_upgraded":5,"win_rate":0.0,"timestamp":1614429047,"path_taken":["M","?","?","?","M","E","R","M","T","E","?","E","M","E","R","BOSS","M","M","?","AVR","?","R","E","M","T","?","?","?","M","E","R","BOSS","M","?","?","M","M","E","?","E","T","?","NM","M","M","E","R","BOSS"],"items_purchased_type":["Card","Relic","Relic","Relic","Card"],"build_version":"2020-12-22","purchased_purges":0,"victory":true,"max_hp_per_floor":[75,75,75,75,75,75,75,75,75,75,75,75,75,75,75,75,75,75,75,75,75,85,85,85,85,85,85,85,85,85,85,85,85,85,86,86,86,87,88,89,90,91,91,93,94,95,96,97,97,101,101],"relic_stats":{"Lizard Tail":62,"counters":[30,65],"HandDrill":[14],"obtain_stats":[{"AT_ATBox":0,"TheCursedMod:Tack":0,"testmod-NegativeEmotionEnhancer":34,"AT_TimeSand":40,"Ancient Tea Set":48,"testmod-Fanaticism":0,"Lizard Tail":44,"reliquary:Buckler":24,"HandDrill":36,"aspiration:ChemicalBlood":42,"AT_ChloranthyRing":10,"testmod-TestBox":0,"AT_BladeRuinedKing":12,"testmod-Justice":9,"aspiration:IroncladSkillbook":21,"NitorisBag":21,"Pondfish Scales":31,"testmod-AssaultLearning":36,"PageOfLaetitia":37,"RedMistMask":24,"reliquary:SculptingSteel":43,"LetterFromLob":1,"Bag of Marbles":36,"infinitespire:EmpoweringShard":45,"GodSword5":6,"GodSword3":14,"Dota2Spire:MonkeyKingBar":26,"REME_ComplimentaryCards":0},{"AT_ATBox":0,"TheCursedMod:Tack":0,"testmod-NegativeEmotionEnhancer":17,"AT_TimeSand":21,"Ancient Tea Set":29,"testmod-Fanaticism":0,"Lizard Tail":25,"reliquary:Buckler":12,"HandDrill":18,"aspiration:ChemicalBlood":23,"AT_ChloranthyRing":6,"testmod-TestBox":0,"AT_BladeRuinedKing":7,"testmod-Justice":5,"aspiration:IroncladSkillbook":11,"NitorisBag":11,"Pondfish Scales":16,"testmod-AssaultLearning":18,"PageOfLaetitia":18,"RedMistMask":12,"reliquary:SculptingSteel":23,"LetterFromLob":1,"Bag of Marbles":18,"infinitespire:EmpoweringShard":26,"GodSword5":4,"GodSword3":9,"Dota2Spire:MonkeyKingBar":13,"REME_ComplimentaryCards":0},{"AT_ATBox":0,"TheCursedMod:Tack":0,"testmod-NegativeEmotionEnhancer":30,"AT_TimeSand":38,"Ancient Tea Set":57,"testmod-Fanaticism":0,"Lizard Tail":49,"reliquary:Buckler":20,"HandDrill":31,"aspiration:ChemicalBlood":41,"AT_ChloranthyRing":10,"testmod-TestBox":0,"AT_BladeRuinedKing":12,"testmod-Justice":8,"aspiration:IroncladSkillbook":18,"NitorisBag":18,"Pondfish Scales":26,"testmod-AssaultLearning":31,"PageOfLaetitia":31,"RedMistMask":20,"reliquary:SculptingSteel":41,"LetterFromLob":1,"Bag of Marbles":31,"infinitespire:EmpoweringShard":52,"GodSword5":6,"GodSword3":15,"Dota2Spire:MonkeyKingBar":21,"REME_ComplimentaryCards":0}]},"card_choices":[{"not_picked":["TheCursedMod:CursedStaff","TheCursedMod:CircleOfCorruption"],"picked":"TheCursedMod:CursedBlade","floor":0.0},{"not_picked":["TheCursedMod:CursedShiv","TheCursedMod:Stretching"],"picked":"TheCursedMod:CursedAmulet","floor":1.0},{"not_picked":["TheCursedMod:SmokeScreen","TheCursedMod:FleshFromBone"],"picked":"TheCursedMod:Obscuration","floor":4.0},{"not_picked":["TheCursedMod:CursedAmulet","TheCursedMod:EmpowerCircles"],"picked":"TheCursedMod:CursedMace","floor":5.0},{"not_picked":["TheCursedMod:CursedMace","TheCursedMod:CircleOfFocus"],"picked":"TheCursedMod:Obscuration","floor":6.0},{"not_picked":["TheCursedMod:TacticalStrike","TheCursedMod:DoubleShield"],"picked":"TheCursedMod:CursedBlade","floor":8.0},{"not_picked":["TheCursedMod:TacticalStrike","TheCursedMod:Obscuration"],"picked":"TheCursedMod:CircleOfAbyss","floor":10.0},{"not_picked":["TheCursedMod:RapidMovement","TheCursedMod:CursedShiv"],"picked":"TheCursedMod:SoulReap","floor":12.0},{"not_picked":["TheCursedMod:ReleasedStrength","TheCursedMod:RapidMovement"],"picked":"TheCursedMod:Stigma","floor":13.0},{"not_picked":["TheCursedMod:Mangle","TheCursedMod:CircleOfFlame"],"picked":"TheCursedMod:Hemoplague","floor":14.0},{"not_picked":["TheCursedMod:StunningStrike","TheCursedMod:CursedRelics"],"picked":"TheCursedMod:UltimatePain","floor":16.0},{"not_picked":["TheCursedMod:CircleOfBlood","TheCursedMod:CircleOfWindfury"],"picked":"TheCursedMod:SpitefulStrike","floor":19.0},{"not_picked":["TheCursedMod:SmokeScreen","ReplayTheSpireMod:Strike From Hell+1","TheCursedMod:CircleOfCorruption"],"picked":"Feel No Pain","floor":24.0},{"not_picked":["TheCursedMod:CursedAmulet","TheCursedMod:CircleOfCorruption","AT_IchimonjiDouble+1"],"picked":"Double Tap","floor":25.0},{"not_picked":["TheCursedMod:SurpriseAttack","ReplayTheSpireMod:Strike From Hell","TheCursedMod:Stretching"],"picked":"TheCursedMod:Torture","floor":27.0},{"not_picked":["Clothesline","Headbutt","TheCursedMod:CursedBlade"],"picked":"TheCursedMod:HellsGateOpen","floor":30.0},{"not_picked":["TheCursedMod:ManaBullet+1","TheCursedMod:Wield","Dual Wield+1"],"picked":"TheCursedMod:UltimatePain","floor":31.0},{"not_picked":["Hemogenesis","conspire:Purge","Feed"],"picked":"TheCursedMod:CollectTribute","floor":33.0},{"not_picked":["AT_IchimonjiDouble","Flame Barrier+1","Warcry+1"],"picked":"Run Through+1","floor":35.0},{"not_picked":["Second Wind+1","ReplayTheSpireMod:Strike From Hell+1","AT_DrawKnifeCut+1"],"picked":"TheCursedMod:UltimatePain","floor":37.0},{"not_picked":["Headbutt+1","Thunderclap","REME_SingleHolding+1"],"picked":"TheCursedMod:FleshFromBone","floor":38.0},{"not_picked":["TheCursedMod:CursedShiv","TheCursedMod:SurpriseAttack+1","ReplayTheSpireMod:Strike From Hell+1"],"picked":"TheCursedMod:CursedSpellbook","floor":39.0},{"not_picked":["TheCursedMod:Wield","Sever Soul","TheCursedMod:AshesToAshes+1"],"picked":"TheCursedMod:CursedBlade+1","floor":40.0},{"not_picked":["TheCursedMod:SpitefulStrike+1","Carnage","Clothesline+1"],"picked":"Cleave","floor":41.0},{"not_picked":["Havoc","TheCursedMod:Mangle+1","AT_DiedThrough+1"],"picked":"TheCursedMod:Grudge+1","floor":42.0},{"not_picked":["ReplayTheSpireMod:Chaos Vortex","infinitespire:Punishment"],"picked":"infinitespire:UltimateForm","floor":44},{"not_picked":["TheCursedMod:CircleOfWindfury","TheCursedMod:Obscuration+1","Clothesline+1"],"picked":"Hemokinesis+1","floor":45},{"not_picked":["Pommel Strike+1","True Grit+1","TheCursedMod:CursedArmor+1"],"picked":"Armaments+1","floor":46},{"not_picked":["Anger+1","ReplayTheSpireMod:Strike From Hell+1","TheCursedMod:CircleOfFlame"],"picked":"REME_Scribble+1","floor":47},{"not_picked":["Blood for Blood+1","AT_DiedThrough","TheCursedMod:RapidMovement+1"],"picked":"Offering","floor":48}],"player_experience":52001,"relics_obtained":[{"floor":1.0,"key":"LetterFromLob"},{"floor":6.0,"key":"GodSword5"},{"floor":9.0,"key":"testmod-Justice"},{"floor":10.0,"key":"AT_ChloranthyRing"},{"floor":12.0,"key":"AT_BladeRuinedKing"},{"floor":14.0,"key":"GodSword3"},{"floor":24.0,"key":"reliquary:Buckler"},{"floor":24.0,"key":"RedMistMask"},{"floor":26.0,"key":"Dota2Spire:MonkeyKingBar"},{"floor":31.0,"key":"Pondfish Scales"},{"floor":37.0,"key":"PageOfLaetitia"},{"floor":40.0,"key":"AT_TimeSand"},{"floor":42.0,"key":"aspiration:ChemicalBlood"},{"floor":43.0,"key":"reliquary:SculptingSteel"},{"floor":44,"key":"Lizard Tail"},{"floor":45,"key":"infinitespire:EmpoweringShard"},{"floor":48,"key":"Ancient Tea Set"}],"event_choices":[{"damage_healed":0.0,"max_hp_gain":0.0,"max_hp_loss":0.0,"gold_gain":0.0,"event_name":"conspire:LoneGhost","player_choice":"Disagree","floor":2.0,"gold_loss":0.0,"damage_taken":0.0},{"damage_healed":0.0,"max_hp_gain":0.0,"max_hp_loss":0.0,"gold_gain":0.0,"event_name":"Lab","player_choice":"Got Potions","floor":3.0,"gold_loss":0.0,"damage_taken":0.0},{"cards_removed":["Flash of Steel"],"damage_healed":0.0,"max_hp_gain":0.0,"max_hp_loss":0.0,"gold_gain":0.0,"event_name":"Back to Basics","player_choice":"Elegance","floor":20.0,"gold_loss":0.0,"damage_taken":0.0},{"cards_removed":["TheCursedMod:ParallelWorld"],"damage_healed":60.0,"max_hp_gain":10.0,"max_hp_loss":0.0,"gold_gain":0.0,"event_name":"Bonfire Elementals","player_choice":"Offered Rare","floor":22.0,"gold_loss":0.0,"damage_taken":0.0},{"damage_healed":0.0,"max_hp_gain":0.0,"max_hp_loss":0.0,"gold_gain":0.0,"event_name":"The Woman in Blue","player_choice":"Bought 0 Potions","floor":29.0,"gold_loss":0.0,"damage_taken":0.0},{"damage_healed":0,"gold_gain":0,"player_choice":"Bought 0 Potions","damage_taken":0,"max_hp_gain":0,"max_hp_loss":0,"event_name":"The Woman in Blue","floor":44,"gold_loss":0}],"is_beta":false,"boss_relics":[{"not_picked":["Runic Pyramid","testmod-DreamHouse","REME_DuelDisc"]},{"not_picked":["reliquary:Craggleroot","SlaversCollar"],"picked":"testmod-NegativeEmotionEnhancer"}],"items_purged_floors":[],"is_endless":false,"potions_floor_spawned":[1,5,10,12,16,24,25,30,33,35,38,42,44,45,47],"ascension_level":1}}