{"host":"mvhzznpw3ffw85pv","time":1614423186,"event":{"mods":["AchievementEnabler","BaseMod","Bestiary","Block Reminder","Colored Map","Highlight Path","Minty Spire (QoL Compilation)","Relic Stats"],"gold_per_floor":[112,62,62,62,62,87,87,101,152,170,170,170,186,217,217,296,296,314,314,314,327,337,337,372,149,172,172,192,117,117,46,46,46,46],"floor_reached":33,"language":"ENG","playtime":1712,"items_purged":["Strike_P"],"score":528,"play_id":"4276ed0c-654d-4596-b579-a3314b917477","local_time":"20210227055306","is_ascension_mode":true,"campfire_choices":[{"data":"CutThroughFate","floor":7,"key":"SMITH"},{"data":"Vigilance","floor":11,"key":"SMITH"},{"floor":15,"key":"REST"},{"data":"LikeWater","floor":23,"key":"SMITH"},{"data":"Evaluate","floor":27,"key":"SMITH"},{"data":"PathToVictory","floor":30,"key":"SMITH"},{"data":"WaveOfTheHand","floor":32,"key":"SMITH"}],"circlet_count":0,"master_deck":["AscendersBane","Strike_P","Defend_P","Defend_P","Defend_P","Defend_P+1","Eruption","Vigilance+1","PathToVictory+1","CutThroughFate+1","InnerPeace","Wireheading","Vault","PathToVictory+1","LikeWater+1","PathToVictory+1","PathToVictory","Evaluate+1","WaveOfTheHand+1"],"relics":["PureWater","NeowsBlessing","Matryoshka","Gremlin Horn","Regal Pillow","Smiling Mask","Yang","Coffee Dripper","Question Card","Toy Ornithopter"],"acts_visited":["Exordium","TheCity"],"potions_floor_usage":[14,16,21,24,24,28],"damage_taken":[{"damage":0,"enemies":"Cultist","floor":1,"turns":1},{"damage":0,"enemies":"Lagavulin","floor":6,"turns":1},{"damage":0,"enemies":"2 Louse","floor":8,"turns":2},{"damage":0,"enemies":"Small Slimes","floor":10,"turns":1},{"damage":3,"enemies":"Blue Slaver","floor":13,"turns":3},{"damage":30,"enemies":"3 Sentries","floor":14,"turns":16},{"damage":28,"enemies":"Hexaghost","floor":16,"turns":8},{"damage":0,"enemies":"3 Byrds","floor":18,"turns":6},{"damage":9,"enemies":"2 Thieves","floor":21,"turns":3},{"damage":0,"enemies":"Chosen and Byrds","floor":22,"turns":5},{"damage":33,"enemies":"Slavers","floor":24,"turns":7},{"damage":12,"enemies":"Snake Plant","floor":28,"turns":4},{"damage":28,"enemies":"Collector","floor":33,"turns":2}],"seed_played":"-8951338359468958492","potions_obtained":[{"floor":6,"key":"DuplicationPotion"},{"floor":10,"key":"EssenceOfSteel"},{"floor":16,"key":"Fire Potion"},{"floor":18,"key":"ColorlessPotion"},{"floor":22,"key":"ColorlessPotion"}],"is_trial":false,"path_per_floor":["M","$","T","?","$","E","R","M","T","M","R","?","M","E","R","B",null,"M","?","?","M","M","R","E","$","T","R","M","?","R","$","R","B"],"character_chosen":"WATCHER","items_purchased":["CutThroughFate","PathToVictory","Regen Potion","Evaluate","WaveOfTheHand"],"campfire_rested":1,"item_purchase_floors":[2,25,25,25,31],"current_hp_per_floor":[61,61,61,47,47,47,47,47,47,47,47,47,44,14,49,21,56,56,56,56,47,47,47,14,14,14,14,16,16,16,16,16,0,0],"gold":46,"neow_bonus":"THREE_ENEMY_KILL","is_daily":false,"chose_seed":false,"campfire_upgraded":6,"win_rate":0.0,"timestamp":1614423186,"path_taken":["M","$","?","?","$","E","R","M","T","M","R","?","M","E","R","BOSS","M","?","?","M","M","R","E","$","T","R","M","?","R","?","R","BOSS"],"items_purchased_type":["Card","Card","Potion","Card","Card"],"build_version":"2020-12-22","purchased_purges":1,"victory":false,"max_hp_per_floor":[68,68,68,68,68,68,68,68,68,68,68,68,68,68,68,68,68,68,68,68,68,68,68,68,68,68,68,68,68,68,68,68,68,68],"relic_stats":{"Regal Pillow":15,"Gremlin Horn":[10,10],"counters":[13,59],"Yang":[42],"Smiling Mask":25,"Question Card":1,"obtain_stats":[{"Regal Pillow":9,"Matryoshka":3,"NeowsBlessing":0,"Gremlin Horn":6,"Yang":14,"Coffee Dripper":17,"PureWater":0,"Smiling Mask":9,"Question Card":24,"Toy Ornithopter":26},{"Regal Pillow":3,"Matryoshka":1,"NeowsBlessing":0,"Gremlin Horn":2,"Yang":6,"Coffee Dripper":7,"PureWater":0,"Smiling Mask":3,"Question Card":11,"Toy Ornithopter":11},{"Regal Pillow":4,"Matryoshka":1,"NeowsBlessing":0,"Gremlin Horn":2,"Yang":24,"Coffee Dripper":32,"PureWater":0,"Smiling Mask":4,"Question Card":53,"Toy Ornithopter":53}],"Toy Ornithopter":5},"card_choices":[{"not_picked":["EmptyBody","CrushJoints"],"picked":"PathToVictory","floor":1},{"not_picked":["Prostrate","Conclude"],"picked":"InnerPeace","floor":6},{"not_picked":["Crescendo","SashWhip","Vengeance"],"picked":"SKIP","floor":8},{"not_picked":["Wallop","ClearTheMind"],"picked":"Wireheading","floor":10},{"not_picked":["SignatureMove","Protect","Conclude"],"picked":"SKIP","floor":13},{"not_picked":["Worship","Protect","WheelKick"],"picked":"SKIP","floor":14},{"not_picked":["SpiritShield","Brilliance"],"picked":"Vault","floor":16},{"not_picked":["SashWhip","FollowUp"],"picked":"PathToVictory+1","floor":18},{"not_picked":["FlurryOfBlows+1","JustLucky+1","CutThroughFate"],"picked":"SKIP","floor":21},{"not_picked":["Swivel","CutThroughFate"],"picked":"LikeWater","floor":22},{"not_picked":["Crescendo","FlurryOfBlows"],"picked":"PathToVictory","floor":24},{"not_picked":["ThirdEye","BowlingBash","Devotion","FlurryOfBlows"],"picked":"SKIP","floor":28}],"player_experience":692898,"relics_obtained":[{"floor":3,"key":"Matryoshka"},{"floor":6,"key":"Gremlin Horn"},{"floor":9,"key":"Regal Pillow"},{"floor":9,"key":"Smiling Mask"},{"floor":14,"key":"Yang"},{"floor":24,"key":"Question Card"},{"floor":26,"key":"Toy Ornithopter"}],"event_choices":[{"damage_healed":0,"gold_gain":0,"player_choice":"Entered Light","damage_taken":14,"max_hp_gain":0,"max_hp_loss":0,"event_name":"Shining Light","floor":4,"gold_loss":0,"cards_upgraded":["Defend_P","PathToVictory"]},{"damage_healed":0,"gold_gain":0,"player_choice":"Ignored","damage_taken":0,"max_hp_gain":0,"max_hp_loss":0,"event_name":"Liars Game","floor":12,"gold_loss":0},{"cards_removed":["Strike_P"],"damage_healed":0,"gold_gain":0,"player_choice":"Elegance","damage_taken":0,"max_hp_gain":0,"max_hp_loss":0,"event_name":"Back to Basics","floor":19,"gold_loss":0},{"damage_healed":0,"gold_gain":0,"player_choice":"Ignored","damage_taken":0,"max_hp_gain":0,"max_hp_loss":0,"event_name":"Cursed Tome","floor":20,"gold_loss":0},{"cards_removed":["Strike_P"],"damage_healed":0,"gold_gain":0,"player_choice":"Gave Gold","damage_taken":0,"max_hp_gain":0,"max_hp_loss":0,"event_name":"Beggar","floor":29,"gold_loss":75}],"is_beta":false,"boss_relics":[{"not_picked":["SlaversCollar","Tiny House"],"picked":"Coffee Dripper"}],"items_purged_floors":[25],"is_endless":false,"potions_floor_spawned":[6,10,16,18,22],"killed_by":"Collector","ascension_level":14}}