{"host":"no2mglyze6zxwn0s","time":1614447230,"event":{"mods":["BaseMod","BetterRewards","Colored Map","Downfall","Hermit","Hubris","Minty Spire (QoL Compilation)","Robot Space Explorer","Spire Arcade","StSLib","The Administrix","The Animator","The Bug Knight","The Construct","The Cursed","The Disciple","The Jungle","The Marked","The Necromancer","The Poker Player","The Senshi","The Servant 0.9.4","WarShipGirlsR/????R mod"],"gold_per_floor":[111,111,31,44,55,81,81,81,105,95,121,147,147,159,159,260,260,272,272,288,313,327,327,66,66,93,68,81,98,131,131,131,131,131],"floor_reached":33,"language":"ENG","playtime":2017,"items_purged":["Defend_S"],"score":273,"play_id":"7b47093a-21d6-4d81-bac1-6073c75cf8d8","local_time":"20210227113350","is_ascension_mode":false,"campfire_choices":[{"data":"SilverBlades","floor":7,"key":"SMITH"},{"floor":13,"key":"REST"},{"data":"ShatteredReality","floor":15,"key":"SMITH"},{"floor":23,"key":"REST"},{"floor":25,"key":"REST"},{"floor":32,"key":"REST"}],"circlet_count":0,"master_deck":["Strike_S","Strike_S+1","Strike_S","Strike_S+1","Defend_S","Defend_S","Defend_S","KidneyShot","Exchange+1","Rewind","SilverBlades+1","Moonlight","WasteNot","RealityMarble","LightFlow+1","Advance","TimeWarp","Gouge","ShatteredReality+1","FlawlessForm","Hightail+1","Moonlight","DualDimension","TheWorld","ShiftingGears","Starlight","Starlight+1","Unruled+1","WasteNot+1"],"relics":["Uniform","hubris:SlimyHat","hubris:OldNail","Whetstone","Anchor","construct:WeddingRing","Red Mask","Vajra","HollowMod:PaleOreRelic","Happy Flower"],"acts_visited":["Exordium","TheCity"],"potions_floor_usage":[11,11,18,21,21],"damage_taken":[{"damage":0,"enemies":"Jaw Worm","floor":1,"turns":5},{"damage":0,"enemies":"Small Slimes","floor":4,"turns":3},{"damage":5,"enemies":"2 Louse","floor":5,"turns":2},{"damage":14,"enemies":"Lagavulin","floor":6,"turns":6},{"damage":16,"enemies":"3 Sentries","floor":11,"turns":4},{"damage":1,"enemies":"Exordium Wildlife","floor":14,"turns":3},{"damage":37,"enemies":"The Guardian","floor":16,"turns":9},{"damage":13,"enemies":"3 Byrds","floor":18,"turns":5},{"damage":0,"enemies":"Spheric Guardian","floor":20,"turns":2},{"damage":14,"enemies":"Masked Bandits","floor":21,"turns":5},{"damage":5,"enemies":"Snake Plant","floor":22,"turns":3},{"damage":2,"enemies":"Centurion and Healer","floor":28,"turns":4},{"damage":15,"enemies":"Shelled Parasite and Fungi","floor":29,"turns":3},{"damage":31,"enemies":"Book of Stabbing","floor":30,"turns":5},{"damage":81,"enemies":"Automaton","floor":33,"turns":8}],"seed_played":"3065324259067316630","potions_obtained":[{"floor":4,"key":"AttackPotion"},{"floor":5,"key":"LiquidBronze"},{"floor":14,"key":"SpeedPotion"},{"floor":16,"key":"Block Potion"},{"floor":20,"key":"BlessingOfTheForge"},{"floor":22,"key":"SpeedPotion"},{"floor":28,"key":"champ:CounterPotion"}],"is_trial":false,"path_per_floor":["M","?","$","M","M","E","R","?","T","?","E","T","R","M","R","B",null,"M","?","M","?","M","R","$","R","T","$","M","M","E","?","R","B"],"character_chosen":"THE_SERVANT","items_purchased":["Moonlight","Vajra","ShiftingGears","Starlight"],"campfire_rested":4,"item_purchase_floors":[3,24,24,27],"current_hp_per_floor":[71,71,71,71,66,52,52,38,38,38,22,22,43,42,42,5,71,58,45,45,31,26,48,48,70,70,70,68,53,22,47,69,0,0],"gold":131,"neow_bonus":"TEN_PERCENT_HP_BONUS","is_daily":false,"chose_seed":false,"campfire_upgraded":2,"win_rate":0.0,"timestamp":1614447230,"path_taken":["M","?","$","M","M","E","R","?","T","?","E","?","R","M","R","BOSS","M","?","M","?","M","R","$","R","T","?","M","M","E","?","R","BOSS"],"items_purchased_type":["Card","Relic","Card","Card"],"build_version":"2020-12-22","purchased_purges":1,"victory":false,"max_hp_per_floor":[71,71,71,71,71,71,71,71,71,71,71,71,71,71,71,71,71,71,76,76,76,76,76,76,76,76,76,76,76,76,76,76,76,76],"card_choices":[{"not_picked":["BottledTime","Spin"],"picked":"Rewind","floor":1},{"not_picked":["Alleviate","Starlight"],"picked":"WasteNot","floor":4},{"not_picked":["Reset","Comet"],"picked":"RealityMarble","floor":5},{"not_picked":["Advance","DualDimension"],"picked":"LightFlow","floor":6},{"not_picked":[],"picked":"Advance","floor":10},{"not_picked":[],"picked":"TimeWarp","floor":10},{"not_picked":["Potential","Contraction"],"picked":"Gouge","floor":11},{"not_picked":["Rearm","Rewind"],"picked":"ShatteredReality","floor":14},{"not_picked":["Dilation","Duplication"],"picked":"FlawlessForm","floor":16},{"not_picked":["MoonPhase","Alleviate+1"],"picked":"Hightail+1","floor":18},{"not_picked":["ShatteredReality","BottledTime"],"picked":"Moonlight","floor":20},{"not_picked":["FastForward","Starlight"],"picked":"DualDimension","floor":21},{"not_picked":["RealityMarble","Moondial"],"picked":"TheWorld","floor":22},{"not_picked":["Unruled","Potential"],"picked":"Starlight+1","floor":28},{"not_picked":["TimeWarp","FastForward"],"picked":"Unruled+1","floor":29},{"not_picked":["Starlight","Advance"],"picked":"WasteNot+1","floor":30}],"player_experience":898965,"relics_obtained":[{"floor":6,"key":"hubris:SlimyHat"},{"floor":9,"key":"hubris:OldNail"},{"floor":11,"key":"Whetstone"},{"floor":12,"key":"Anchor"},{"floor":21,"key":"Red Mask"},{"floor":26,"key":"HollowMod:PaleOreRelic"},{"floor":30,"key":"Happy Flower"}],"event_choices":[{"damage_healed":0,"gold_gain":0,"player_choice":"Entered Light","damage_taken":14,"max_hp_gain":0,"max_hp_loss":0,"event_name":"Shining Light","floor":8,"gold_loss":0,"cards_upgraded":["Strike_S","Exchange"]},{"damage_healed":0,"gold_gain":0,"player_choice":"Shed Blood","damage_taken":18,"max_hp_gain":5,"max_hp_loss":0,"event_name":"Forgotten Altar","floor":19,"gold_loss":0},{"damage_healed":0,"gold_gain":0,"player_choice":"Fought Bandits","damage_taken":0,"max_hp_gain":0,"max_hp_loss":0,"event_name":"Masked Bandits","floor":21,"gold_loss":0},{"damage_healed":25,"gold_gain":0,"player_choice":"Heal","damage_taken":0,"max_hp_gain":0,"max_hp_loss":0,"event_name":"The Library","floor":31,"gold_loss":0}],"is_beta":false,"boss_relics":[{"not_picked":["Empty Cage","bronze:MakeshiftBattery"],"picked":"construct:WeddingRing"}],"items_purged_floors":[24],"is_endless":false,"potions_floor_spawned":[4,5,14,16,20,22,28],"killed_by":"Automaton","ascension_level":0}}