{"host":"¿à÷økuyou","time":1614392150,"event":{"mods":["ATMod(°¢èªMod)","Act Like it!","BaseMod","BetterRewards","Minty Spire (QoL Compilation)","Quick Restart","StSLib"],"gold_per_floor":[144,189,189,234,234,324,324,369,394,484,484,529,23,23,23,323,323,368,368,413,413,338,428,428,428],"floor_reached":24,"language":"ZHS","playtime":716,"items_purged":["Strike_B"],"score":274,"play_id":"28893104-9500-45e7-8d55-b4082113aab7","local_time":"20210227101550","daily_mods":["Cursed Run","Diverse","Midas"],"is_ascension_mode":false,"campfire_choices":[{"floor":7.0,"key":"REST"},{"floor":15,"key":"REST"}],"circlet_count":0,"master_deck":["Strike_B+1","Defend_B","Defend_B","Defend_B","Defend_B","Zap","Dualcast","AT_CaressingTears+1","Carnage","AT_ThunderBolt","Pray","Rupture","AT_RealColorLess","Writhe","Brilliance","AT_EmpoweredMortalDraw","Writhe","Injury","Brutality","AT_ArcaneSupremacy","Infinite Blades","Shame"],"relics":["Cursed Key","Darkstone Periapt","Du-Vu Doll","AT_ATBox","Blue Candle","Regal Pillow","Blood Vial","Pear","HornCleat","Nuclear Battery","Strawberry","Symbiotic Virus"],"acts_visited":["Exordium","TheCity"],"potions_floor_usage":[],"damage_taken":[{"damage":0.0,"enemies":"Small Slimes","floor":1.0,"turns":3.0},{"damage":1.0,"enemies":"Cultist","floor":2.0,"turns":3.0},{"damage":0.0,"enemies":"2 Louse","floor":4.0,"turns":2.0},{"damage":17.0,"enemies":"3 Sentries","floor":6.0,"turns":7.0},{"damage":8.0,"enemies":"Large Slime","floor":8.0,"turns":6.0},{"damage":25.0,"enemies":"Gremlin Nob","floor":10.0,"turns":5.0},{"damage":16,"enemies":"Exordium Thugs","floor":12,"turns":4},{"damage":34,"enemies":"The Guardian","floor":16,"turns":12},{"damage":17,"enemies":"Spheric Guardian","floor":18,"turns":4},{"damage":36,"enemies":"Shell Parasite","floor":20,"turns":5},{"damage":64,"enemies":"Book of Stabbing","floor":23,"turns":5},{"damage":12,"enemies":"Centurion and Healer","floor":24,"turns":1}],"seed_played":"-2463471341485849212","potions_obtained":[{"floor":1.0,"key":"BlessingOfTheForge"},{"floor":4.0,"key":"LiquidBronze"},{"floor":6.0,"key":"SpeedPotion"}],"is_trial":false,"path_per_floor":["M","M","?","M","?","E","R","M","T","E","?","M","$","T","R","B",null,"M","?","M","?","?","E","M"],"character_chosen":"DEFECT","items_purchased":["AT_EmpoweredMortalDraw","Pear"],"campfire_rested":2,"item_purchase_floors":[13,13],"current_hp_per_floor":[75,74,74,74,59,60,75,73,79,54,54,40,50,56,97,69,103,86,86,52,65,65,9,0,0],"gold":428,"neow_bonus":"","is_daily":true,"chose_seed":false,"campfire_upgraded":0,"win_rate":0.0,"timestamp":1614392150,"path_taken":["M","M","?","M","?","E","R","M","T","E","?","?","$","?","R","BOSS","M","?","M","?","?","E","M"],"items_purchased_type":["Card","Relic"],"build_version":"2020-12-18","purchased_purges":1,"victory":false,"max_hp_per_floor":[75,75,75,75,75,75,75,75,81,81,81,81,91,97,97,103,103,103,103,103,116,116,116,116,116],"card_choices":[{"not_picked":["Static Discharge","Outmaneuver"],"picked":"Carnage","floor":1.0},{"not_picked":["EmptyFist","Stack"],"picked":"AT_ThunderBolt","floor":2.0},{"not_picked":["Slice","Sanctity","Cloak And Dagger"],"picked":"SKIP","floor":4.0},{"not_picked":["Barrage","Pommel Strike"],"picked":"Rupture","floor":6.0},{"not_picked":["AT_RobotInSpace","Pommel Strike"],"picked":"AT_RealColorLess","floor":8.0},{"not_picked":["FollowUp","Rampage","Anger"],"picked":"SKIP","floor":10.0},{"not_picked":["ClearTheMind","EmptyBody","Cleave"],"picked":"SKIP","floor":12},{"not_picked":["ConjureBlade","Bullet Time"],"picked":"Brutality","floor":16},{"not_picked":["Terror","Distraction"],"picked":"AT_ArcaneSupremacy","floor":18},{"not_picked":["AT_FocusSwordFire","Barrage"],"picked":"Infinite Blades","floor":20},{"not_picked":["CutThroughFate","Masterful Stab","AT_IrregularMenstruation"],"picked":"SKIP","floor":23}],"player_experience":230601,"relics_obtained":[{"floor":6.0,"key":"Blue Candle"},{"floor":9.0,"key":"Regal Pillow"},{"floor":10.0,"key":"Blood Vial"},{"floor":14,"key":"HornCleat"},{"floor":23,"key":"Symbiotic Virus"}],"event_choices":[{"damage_healed":0.0,"max_hp_gain":0.0,"max_hp_loss":0.0,"gold_gain":0.0,"cards_transformed":["Strike_B"],"event_name":"Living Wall","player_choice":"Change","floor":3.0,"gold_loss":0.0,"damage_taken":0.0,"cards_obtained":["Pray"]},{"damage_healed":0.0,"max_hp_gain":0.0,"max_hp_loss":0.0,"gold_gain":0.0,"event_name":"Shining Light","player_choice":"Entered Light","floor":5.0,"gold_loss":0.0,"damage_taken":15.0,"cards_upgraded":["Strike_B","AT_CaressingTears"]},{"damage_healed":0,"gold_gain":0,"player_choice":"1 cards matched","damage_taken":0,"max_hp_gain":0,"max_hp_loss":0,"event_name":"Match and Keep!","floor":11,"gold_loss":0,"cards_obtained":["Brilliance"]},{"damage_healed":0,"gold_gain":0,"player_choice":"Ignored","damage_taken":0,"max_hp_gain":0,"max_hp_loss":0,"event_name":"Vampires","floor":19,"gold_loss":0},{"damage_healed":0,"gold_gain":0,"player_choice":"Stole Relic","damage_taken":0,"relics_obtained":["Strawberry"],"max_hp_gain":0,"max_hp_loss":0,"event_name":"Addict","floor":21,"gold_loss":0,"cards_obtained":["Shame"]},{"cards_removed":["Strike_B"],"damage_healed":0,"gold_gain":0,"player_choice":"Gave Gold","damage_taken":0,"max_hp_gain":0,"max_hp_loss":0,"event_name":"Beggar","floor":22,"gold_loss":75}],"is_beta":true,"boss_relics":[{"not_picked":["Busted Crown","Velvet Choker"],"picked":"Nuclear Battery"}],"items_purged_floors":[13],"is_endless":false,"potions_floor_spawned":[1,4,6,20,23],"killed_by":"Centurion and Healer","ascension_level":0}}