{"host":"4pc4ysofexzh6wwj","time":1614421315,"event":{"mods":["BaseMod","Downfall","GifTheSpireLib","Good Game Mod","HololiveMod","Minty Spire (QoL Compilation)","Remilia£®¿Ÿ√◊¿Ú—«£©","Replay The Spire","Ryuuou¡˙Õı","StSLib","The Animator","UnlockEverythingMod","noobMod"],"gold_per_floor":[99,113,124,135,153,170,170,181,198,215,245,45,30,43,56,155,255,155,172,187,287,287,287,359,391,591,605,639,650,448,464,478,573,573,573,592,592,86,98,144,170,180,230,244,244,301,314,325,345,345,345,375,23,23,23,23],"floor_reached":57,"language":"ZHS","playtime":5482,"items_purged":["Looming Evil"],"score":1358,"play_id":"de1e412b-3dcd-4880-9d60-e29381db881f","local_time":"20210227182155","is_ascension_mode":false,"campfire_choices":[{"floor":1.0,"key":"RECALL"},{"data":"champ:StanceDance","floor":12.0,"key":"SMITH"},{"data":"champ:PerfectedStrike","floor":18.0,"key":"SMITH"},{"data":"champ:RecklessLeap","floor":23.0,"key":"SMITH"},{"data":"Doppelganger","floor":35.0,"key":"SMITH"},{"data":"champ:Taunt","floor":54,"key":"SMITH"}],"circlet_count":0,"master_deck":["champ:Strike+1","champ:Strike","champ:Strike","champ:Strike","champ:Defend","champ:Defend","champ:Defend","champ:Execute","champ:Taunt+1","Doppelganger+1","champ:FancyFootwork","champ:BerserkersShout","champ:FanOfKnives","champ:StanceDance+1","champ:PreciseThrust","champ:HoldFirm","champ:CrookedStrike","champ:FlashCut","champ:ShieldWall","champ:PerfectedStrike+1","champ:Duel+1","champ:RecklessLeap+1","champ:BladeFlurry","champ:GutPunch","champ:TornadoPunch+1","champ:GutPunch+1","champ:IronFortress","champ:SteelEdge+1","champ:BerserkersShout","champ:BerserkersShout","champ:Shatter+1","champ:TornadoPunch+1","Mayhem","Apotheosis","Specialist","champ:DeathBlow+1","champ:Shatter+1","champ:TripleStrike+1","champ:FlashCut+1","champ:HeartStrike+1","champ:HeartStrike+1","champ:CrookedStrike+1","expansioncontent:DashGenerateEvil+1","champ:FalseCounter+1","champ:BladeFlurry+1","Decay","champ:CrownThrow+1","champ:FanOfKnives+1","champ:HeavySlash+1","champ:HeartStrike+1","champ:CalledShot","champ:PerfectedStrike+1","champ:VampiricStrike+1","champ:TripleStrike+1","champ:DeathBlow+1","champ:MurderStrike+1"],"relics":["champ:ChampionCrown","ice","REME:ComplimentaryCards","Bag of Preparation","downfall:HeartBlessingRed","downfall:HeartBlessingGreen","Replay:Wanted Poster","downfall:HeartBlessingBlue","champ:BlackKnightHelmet","Molten Egg 2","StrikeDummy","HornCleat","Happy Flower","ReplayTheSpireMod:ShopPack","Pen Nib","PreservedInsect","Cursed Key","Membership Card","Replay:Baseball","Mercury Hourglass","Replay:Kaleidoscope","champ:DefensiveTrainingManual","Replay:PocketPolymizer","Ring of Fangs","ReplayTheSpireMod:Ring of Challenge","ReplayTheSpireMod:Lightbulb","Whetstone","ClockworkSouvenir","Garlic"],"acts_visited":["Exordium","TheCity","TheBeyond","TheEnding"],"potions_floor_usage":[56,56],"damage_taken":[{"damage":11.0,"enemies":"Cultist","floor":2.0,"turns":4.0},{"damage":18.0,"enemies":"2 Louse","floor":3.0,"turns":3.0},{"damage":26.0,"enemies":"Jaw Worm","floor":4.0,"turns":5.0},{"damage":40.0,"enemies":"downfall:LooterAlt","floor":5.0,"turns":4.0},{"damage":33.0,"enemies":"Red Slaver","floor":6.0,"turns":4.0},{"damage":39.0,"enemies":"Blue Slaver","floor":8.0,"turns":3.0},{"damage":12.0,"enemies":"Exordium Thugs","floor":9.0,"turns":4.0},{"damage":25.0,"enemies":"Large Slime","floor":10.0,"turns":5.0},{"damage":60.0,"enemies":"Gremlin Nob","floor":11.0,"turns":5.0},{"damage":25.0,"enemies":"downfall:FleeingMerchant","floor":13.0,"turns":5.0},{"damage":17.0,"enemies":"downfall:LooterAlt","floor":14.0,"turns":3.0},{"damage":5.0,"enemies":"2 Fungi Beasts","floor":15.0,"turns":3.0},{"damage":37.0,"enemies":"WA_ARCHETYPE_RETAIN","floor":16.0,"turns":5.0},{"damage":51.0,"enemies":"Shell Parasite","floor":19.0,"turns":4.0},{"damage":40.0,"enemies":"3 Byrds","floor":20.0,"turns":3.0},{"damage":29.0,"enemies":"3 Byrds","floor":21.0,"turns":5.0},{"damage":26.0,"enemies":"Slavers","floor":25.0,"turns":4.0},{"damage":10.0,"enemies":"Sentry and Sphere","floor":27.0,"turns":3.0},{"damage":23.0,"enemies":"Book of Stabbing","floor":28.0,"turns":3.0},{"damage":5.0,"enemies":"3 Cultists","floor":29.0,"turns":3.0},{"damage":41.0,"enemies":"downfall:FleeingMerchant","floor":30.0,"turns":4.0},{"damage":42.0,"enemies":"Snecko","floor":31.0,"turns":4.0},{"damage":15.0,"enemies":"Sentry and Sphere","floor":32.0,"turns":2.0},{"damage":83.0,"enemies":"SI_MIRROR_ARCHETYPE","floor":33.0,"turns":5.0},{"damage":29.0,"enemies":"3 Shapes","floor":36.0,"turns":2.0},{"damage":10.0,"enemies":"3 Darklings","floor":39.0,"turns":2.0},{"damage":0.0,"enemies":"2 Orb Walkers","floor":40.0,"turns":2.0},{"damage":11.0,"enemies":"4 Shapes","floor":42.0,"turns":2.0},{"damage":26.0,"enemies":"4 Shapes","floor":43.0,"turns":2.0},{"damage":2.0,"enemies":"Jaw Worm Horde","floor":44.0,"turns":3.0},{"damage":26.0,"enemies":"Spire Growth","floor":46.0,"turns":1.0},{"damage":0.0,"enemies":"Sphere and 2 Shapes","floor":47.0,"turns":2.0},{"damage":0.0,"enemies":"3 Darklings","floor":48.0,"turns":1.0},{"damage":9.0,"enemies":"Writhing Mass","floor":49.0,"turns":3.0},{"damage":130,"enemies":"DF_ARCHETYPE_ORBS","floor":50,"turns":7},{"damage":25,"enemies":"downfall:CharBossMerchant","floor":52,"turns":3},{"damage":69,"enemies":"downfall:NeowBoss","floor":55,"turns":9},{"damage":160,"enemies":"downfall:NeowBossFinal","floor":56,"turns":6}],"seed_played":"-2312462824283135830","potions_obtained":[{"floor":2.0,"key":"Flashbang"},{"floor":3.0,"key":"Fire Potion"},{"floor":5.0,"key":"PowerPotion"},{"floor":16.0,"key":"Strength Potion"},{"floor":21.0,"key":"ColorlessPotion"},{"floor":27.0,"key":"Weak Potion"},{"floor":28.0,"key":"Block Potion"},{"floor":29.0,"key":"ColorlessPotion"},{"floor":33.0,"key":"Elixir"},{"floor":36.0,"key":"Fire Potion"},{"floor":42.0,"key":"ColorlessPotion"},{"floor":49,"key":"Swift Potion"}],"is_trial":false,"path_per_floor":["R","M","M","M","M","M","T","M","M","M","E","R","$","M","M","B",null,"R","M","M","?","?","R","T","E","?","M","E","M","$","M","M","B",null,"R","M","?","$","M","?","T","M","?","M","?","M","M","M","M","B",null,"E","$","R","B","B",null],"character_chosen":"THE_CHAMP","items_purchased":["ReplayTheSpireMod:ShopPack","Pen Nib","PreservedInsect","champ:Shatter+1","champ:TornadoPunch+1","Membership Card","Replay:Baseball","Mercury Hourglass","champ:HeartStrike+1","champ:CrookedStrike+1","expansioncontent:DashGenerateEvil","Whetstone","ClockworkSouvenir","Garlic","champ:DeathBlow+1"],"campfire_rested":0,"item_purchase_floors":[30,30,30,30,30,38,38,38,38,38,38,53,53,53,53],"current_hp_per_floor":[99,98,90,79,69,66,66,42,40,40,88,88,83,81,81,49,112,122,101,81,67,67,67,67,51,51,51,43,43,42,20,20,158,167,167,158,180,180,175,175,175,169,168,176,176,170,170,170,161,181,226,226,226,226,217,122],"gold":23,"neow_bonus":"TEN_PERCENT_HP_BONUS","is_daily":false,"chose_seed":false,"campfire_upgraded":5,"win_rate":0.0,"timestamp":1614421315,"path_taken":["R","M","M","?","M","M","T","M","M","M","E","R","$","M","M","BOSS","R","M","?","?","?","R","T","E","?","M","E","?","?","M","M","BOSS","R","M","?","?","M","?","T","M","?","M","?","M","M","?","M","BOSS","E","$","R","BOSS","BOSS"],"items_purchased_type":["Relic","Relic","Relic","Card","Card","Relic","Relic","Relic","Card","Card","Card","Relic","Relic","Relic","Card"],"build_version":"2020-12-22","purchased_purges":1,"victory":true,"max_hp_per_floor":[99,99,99,99,99,99,99,99,99,99,100,100,105,107,108,112,112,122,126,136,138,138,138,138,144,144,145,150,152,157,159,159,167,167,167,170,180,180,184,185,185,194,209,214,214,220,220,220,222,226,226,227,227,227,237,244],"card_choices":[{"not_picked":["champ:EndlessRage","champ:RecklessLeap"],"picked":"champ:FancyFootwork","floor":2.0},{"not_picked":["champ:Shatter","champ:FlashCut"],"picked":"champ:BerserkersShout","floor":3.0},{"not_picked":["champ:ArenaPreparation","champ:Shatter"],"picked":"champ:FanOfKnives","floor":4.0},{"not_picked":["champ:FanOfKnives","champ:FaceSlap"],"picked":"champ:StanceDance","floor":5.0},{"not_picked":["champ:BerserkersShout","champ:FocusedDefense"],"picked":"champ:PreciseThrust","floor":6.0},{"not_picked":["champ:EnGarde","champ:FaceSlap"],"picked":"champ:HoldFirm","floor":8.0},{"not_picked":["champ:FaceSlap","champ:TornadoPunch"],"picked":"champ:CrookedStrike","floor":9.0},{"not_picked":["champ:Encircle","champ:Haymaker"],"picked":"champ:FlashCut","floor":10.0},{"not_picked":["champ:TornadoPunch","champ:Circumvent"],"picked":"champ:ShieldWall","floor":11.0},{"not_picked":["champ:FancyFootwork","champ:Parry"],"picked":"champ:PerfectedStrike","floor":13.0},{"not_picked":["champ:Backstep","champ:IronFortress"],"picked":"champ:Duel","floor":14.0},{"not_picked":["champ:DeathBlow","champ:StanceDance"],"picked":"champ:RecklessLeap","floor":15.0},{"not_picked":["champ:HeavySlash","champ:MurderStrike"],"picked":"champ:SteelEdge","floor":16.0},{"not_picked":["champ:Circumvent","champ:StanceDance"],"picked":"champ:BladeFlurry","floor":19.0},{"not_picked":["champ:Duel","champ:FancyFootwork"],"picked":"champ:GutPunch","floor":20.0},{"not_picked":["champ:DefensiveShout","champ:PerfectedStrike+1"],"picked":"champ:TornadoPunch+1","floor":21.0},{"not_picked":["champ:ShieldWall","champ:RecklessLeap+1"],"picked":"champ:GutPunch+1","floor":25.0},{"not_picked":["champ:Circumvent","champ:EnGarde"],"picked":"champ:IronFortress","floor":27.0},{"not_picked":["champ:Lariat","champ:StanceDance"],"picked":"champ:SteelEdge+1","floor":28.0},{"not_picked":["champ:DefensiveShout","champ:Parry"],"picked":"champ:BerserkersShout","floor":29.0},{"not_picked":["champ:EnGarde","champ:EndlessRage+1"],"picked":"champ:BerserkersShout","floor":30.0},{"not_picked":["Sadistic Nature","Secret Weapon"],"picked":"Mayhem","floor":30.0},{"not_picked":["Jack Of All Trades","Finesse"],"picked":"Apotheosis","floor":30.0},{"not_picked":["Apotheosis","Impatience"],"picked":"Specialist","floor":30.0},{"not_picked":["champ:Shatter+1","champ:IronFortress"],"picked":"champ:DeathBlow+1","floor":31.0},{"not_picked":["champ:AdrenalArmor","champ:Circumvent"],"picked":"champ:Shatter+1","floor":32.0},{"not_picked":["champ:StrikeOfGenius","champ:SwordThrow+1"],"picked":"champ:TripleStrike+1","floor":33.0},{"not_picked":["champ:CrownThrow+1","champ:GutPunch+1"],"picked":"champ:FlashCut+1","floor":36.0},{"not_picked":["champ:BringItOn","champ:FancyFootwork"],"picked":"champ:FalseCounter+1","floor":39.0},{"not_picked":["champ:Backstep+1","champ:Circumvent+1"],"picked":"champ:BladeFlurry+1","floor":40.0},{"not_picked":["champ:IronFortress","champ:CrookedStrike+1"],"picked":"champ:CrownThrow+1","floor":42.0},{"not_picked":["champ:GutPunch+1","champ:TornadoPunch+1"],"picked":"champ:FanOfKnives+1","floor":43.0},{"not_picked":["champ:BringItOn+1","champ:BerserkersShout"],"picked":"champ:HeavySlash+1","floor":44.0},{"not_picked":["champ:EnGarde+1","champ:DefensiveShout+1"],"picked":"champ:HeartStrike+1","floor":46.0},{"not_picked":["champ:Duel+1","champ:Backstep+1"],"picked":"champ:CalledShot","floor":47.0},{"not_picked":["champ:BringItOn","champ:FocusedDefense+1"],"picked":"champ:PerfectedStrike+1","floor":48.0},{"not_picked":["champ:BerserkersShout+1","champ:Shatter+1"],"picked":"champ:VampiricStrike+1","floor":49},{"not_picked":["champ:BringItOn+1","champ:Backstep"],"picked":"champ:TripleStrike+1","floor":52}],"player_experience":384664,"relics_obtained":[{"floor":11.0,"key":"Bag of Preparation"},{"floor":21.0,"key":"champ:BlackKnightHelmet"},{"floor":21.0,"key":"Molten Egg 2"},{"floor":24.0,"key":"StrikeDummy"},{"floor":25.0,"key":"HornCleat"},{"floor":28.0,"key":"Happy Flower"},{"floor":40.0,"key":"Replay:Kaleidoscope"},{"floor":41.0,"key":"champ:DefensiveTrainingManual"},{"floor":43.0,"key":"Replay:PocketPolymizer"},{"floor":45.0,"key":"Ring of Fangs"},{"floor":45.0,"key":"ReplayTheSpireMod:Ring of Challenge"},{"floor":52,"key":"ReplayTheSpireMod:Lightbulb"}],"event_choices":[{"damage_healed":0.0,"max_hp_gain":0.0,"max_hp_loss":0.0,"gold_gain":0.0,"event_name":"Ghosts","player_choice":"Ignored","floor":22.0,"gold_loss":0.0,"damage_taken":0.0},{"cards_removed":["champ:SteelEdge"],"damage_healed":12.0,"max_hp_gain":10.0,"max_hp_loss":0.0,"gold_gain":0.0,"event_name":"Bonfire Elementals","player_choice":"Offered Rare","floor":37.0,"gold_loss":0.0,"damage_taken":0.0},{"damage_healed":0.0,"max_hp_gain":0.0,"max_hp_loss":0.0,"gold_gain":0.0,"event_name":"Mysterious Sphere","player_choice":"Fight","floor":40.0,"gold_loss":0.0,"damage_taken":0.0}],"is_beta":false,"boss_relics":[{"not_picked":["Honey Jar","Busted Crown"],"picked":"Replay:Wanted Poster"},{"not_picked":["Runic Pyramid","Velvet Choker"],"picked":"Cursed Key"}],"items_purged_floors":[53],"is_endless":false,"potions_floor_spawned":[2,3,5,8,9,16,21,27,28,29,31,33,36,42,44,47,49],"ascension_level":0}}