{"host":"rhdzd7if6vauof3v","time":1614394366,"event":{"mods":["AchievementEnabler","BaseMod","Colored Map","Minty Spire (QoL Compilation)","Permanent Neow","Relic Stats","StSLib","Transform Curses"],"gold_per_floor":[109,109,109,29,45,45,71,71,71,90,90,122,122,137,137,237,237,254,267,117,134,146,146,179,157,157,157,107,118,136,156,156,156,156],"floor_reached":33,"language":"ENG","playtime":2563,"items_purged":[],"score":330,"play_id":"59f53529-708e-4cfa-94b0-cbbf8831d846","local_time":"20210226215246","is_ascension_mode":true,"campfire_choices":[{"data":"True Grit","floor":6,"key":"SMITH"},{"floor":13,"key":"REST"},{"data":"Fire Breathing","floor":15,"key":"SMITH"},{"floor":23,"key":"REST"},{"floor":32,"key":"REST"}],"circlet_count":0,"master_deck":["Strike_R","Strike_R","Strike_R","Strike_R","Strike_R","Defend_R","Defend_R","Defend_R","Bash","Cleave","Fire Breathing+1","True Grit+1","Pommel Strike","Immolate","True Grit","Evolve","Iron Wave+1","Cleave","Burning Pact","Battle Trance","Shrug It Off","Ghostly","Ghostly","Ghostly","Ghostly","Ghostly","Pommel Strike","Iron Wave+1","Wild Strike"],"relics":["Burning Blood","Prayer Wheel","Bronze Scales","Happy Flower","Bottled Lightning","Letter Opener","Philosopher\u0027s Stone","Lee\u0027s Waffle","Paper Frog","Bottled Tornado"],"acts_visited":["Exordium","TheCity"],"potions_floor_usage":[29],"damage_taken":[{"damage":7,"enemies":"Jaw Worm","floor":1,"turns":4},{"damage":0,"enemies":"2 Louse","floor":5,"turns":2},{"damage":33,"enemies":"Gremlin Nob","floor":7,"turns":5},{"damage":8,"enemies":"Small Slimes","floor":10,"turns":2},{"damage":18,"enemies":"3 Sentries","floor":12,"turns":3},{"damage":7,"enemies":"Red Slaver","floor":14,"turns":4},{"damage":32,"enemies":"Slime Boss","floor":16,"turns":5},{"damage":27,"enemies":"2 Thieves","floor":18,"turns":3},{"damage":18,"enemies":"Spheric Guardian","floor":19,"turns":4},{"damage":42,"enemies":"Centurion and Healer","floor":21,"turns":6},{"damage":33,"enemies":"Snake Plant","floor":22,"turns":4},{"damage":41,"enemies":"Book of Stabbing","floor":24,"turns":5},{"damage":10,"enemies":"Chosen and Byrds","floor":29,"turns":5},{"damage":6,"enemies":"3 Cultists","floor":30,"turns":4},{"damage":12,"enemies":"Centurion and Healer","floor":31,"turns":7},{"damage":36,"enemies":"Automaton","floor":33,"turns":10}],"seed_played":"-7556642943571299485","potions_obtained":[{"floor":10,"key":"PowerPotion"},{"floor":12,"key":"BlessingOfTheForge"},{"floor":14,"key":"BlessingOfTheForge"},{"floor":29,"key":"Fruit Juice"}],"is_trial":false,"path_per_floor":["M","?","?","$","M","R","E","?","T","M","T","E","R","M","R","B",null,"M","M","$","M","M","R","E","$","T","?","?","M","M","M","R","B"],"character_chosen":"IRONCLAD","items_purchased":["Fire Breathing","Lee\u0027s Waffle","Shrug It Off"],"campfire_rested":3,"item_purchase_floors":[4,20,25],"current_hp_per_floor":[55,48,48,48,54,54,27,27,27,25,25,13,37,36,36,10,80,59,47,87,51,24,50,15,15,15,15,15,16,16,10,24,0,0],"gold":156,"neow_bonus":"ONE_RARE_RELIC","is_daily":false,"chose_seed":false,"campfire_upgraded":2,"win_rate":0.0,"timestamp":1614394366,"path_taken":["M","?","?","$","M","R","E","?","T","M","?","E","R","M","R","BOSS","M","M","$","M","M","R","E","$","T","?","?","?","?","M","R","BOSS"],"items_purchased_type":["Card","Relic","Card"],"build_version":"2020-12-22","purchased_purges":0,"victory":false,"max_hp_per_floor":[80,80,80,80,80,80,80,80,80,80,80,80,80,80,80,80,80,80,80,87,87,87,87,87,87,87,43,43,48,48,48,48,48,48],"relic_stats":{"Lee\u0027s Waffle":40,"Happy Flower":[20],"counters":[16,73],"Bronze Scales":[189],"Prayer Wheel":11,"Letter Opener":[10],"obtain_stats":[{"Lee\u0027s Waffle":20,"Happy Flower":8,"Bronze Scales":7,"Prayer Wheel":0,"Philosopher\u0027s Stone":17,"Bottled Lightning":11,"Letter Opener":12,"Bottled Tornado":26,"Burning Blood":0,"Paper Frog":24},{"Lee\u0027s Waffle":9,"Happy Flower":3,"Bronze Scales":3,"Prayer Wheel":0,"Philosopher\u0027s Stone":7,"Bottled Lightning":4,"Letter Opener":5,"Bottled Tornado":12,"Burning Blood":0,"Paper Frog":12},{"Lee\u0027s Waffle":32,"Happy Flower":11,"Bronze Scales":11,"Prayer Wheel":0,"Philosopher\u0027s Stone":25,"Bottled Lightning":13,"Letter Opener":16,"Bottled Tornado":47,"Burning Blood":0,"Paper Frog":47}],"Burning Blood":90},"card_choices":[{"not_picked":["True Grit","Headbutt"],"picked":"Cleave","floor":1},{"not_picked":["Rage","Corruption","Rupture"],"picked":"SKIP","floor":1},{"not_picked":["Warcry","Thunderclap"],"picked":"True Grit","floor":5},{"not_picked":["Clothesline","Warcry","Whirlwind"],"picked":"SKIP","floor":5},{"not_picked":["Combust","Spot Weakness"],"picked":"Pommel Strike","floor":7},{"not_picked":["Ghostly Armor","True Grit"],"picked":"Immolate","floor":10},{"not_picked":["Heavy Blade","Dark Embrace"],"picked":"True Grit","floor":10},{"not_picked":["Searing Blow","Shrug It Off"],"picked":"Evolve","floor":12},{"not_picked":["Heavy Blade","Anger","Rage"],"picked":"SKIP","floor":14},{"not_picked":["Iron Wave","Battle Trance","Disarm"],"picked":"SKIP","floor":14},{"not_picked":["Perfected Strike+1","Sword Boomerang"],"picked":"Iron Wave+1","floor":18},{"not_picked":["Hemokinesis+1","Headbutt","True Grit"],"picked":"SKIP","floor":18},{"not_picked":["Dark Embrace","Twin Strike","Heavy Blade"],"picked":"SKIP","floor":19},{"not_picked":["Armaments","Searing Blow+1","Feed"],"picked":"SKIP","floor":19},{"not_picked":["Headbutt","Shockwave+1"],"picked":"Cleave","floor":21},{"not_picked":["Rampage","Pummel+1","Rupture"],"picked":"SKIP","floor":21},{"not_picked":["Battle Trance","Iron Wave"],"picked":"Burning Pact","floor":22},{"not_picked":["Perfected Strike","Heavy Blade"],"picked":"Battle Trance","floor":22},{"not_picked":["Hemokinesis","Clothesline","Inflame"],"picked":"SKIP","floor":24},{"not_picked":["Flex","Headbutt"],"picked":"Pommel Strike","floor":29},{"not_picked":["Impervious","True Grit","Perfected Strike+1"],"picked":"SKIP","floor":29},{"not_picked":["Cleave","Perfected Strike"],"picked":"Iron Wave+1","floor":30},{"not_picked":["Headbutt+1","Heavy Blade","Flame Barrier+1"],"picked":"SKIP","floor":30},{"not_picked":["Pommel Strike","Intimidate+1"],"picked":"Wild Strike","floor":31},{"not_picked":["Shockwave","Rage","Berserk"],"picked":"SKIP","floor":31}],"player_experience":104306,"relics_obtained":[{"floor":7,"key":"Bronze Scales"},{"floor":11,"key":"Bottled Lightning"},{"floor":12,"key":"Letter Opener"},{"floor":24,"key":"Paper Frog"},{"floor":26,"key":"Bottled Tornado"}],"event_choices":[{"cards_removed":["Defend_R"],"damage_healed":0,"gold_gain":0,"player_choice":"Card Removal","damage_taken":7,"max_hp_gain":0,"max_hp_loss":0,"event_name":"Golden Wing","floor":2,"gold_loss":0},{"damage_healed":0,"gold_gain":0,"player_choice":"Leave","damage_taken":0,"max_hp_gain":0,"max_hp_loss":0,"event_name":"The Cleric","floor":3,"gold_loss":0},{"damage_healed":0,"gold_gain":0,"player_choice":"Searched \u00272\u0027 times","damage_taken":0,"relics_obtained":["Happy Flower"],"max_hp_gain":0,"max_hp_loss":0,"event_name":"Dead Adventurer","floor":8,"gold_loss":0},{"damage_healed":0,"gold_gain":0,"player_choice":"Became a Ghost","damage_taken":0,"max_hp_gain":0,"max_hp_loss":44,"event_name":"Ghosts","floor":27,"gold_loss":0,"cards_obtained":["Ghostly","Ghostly","Ghostly","Ghostly","Ghostly"]},{"damage_healed":0,"gold_gain":0,"player_choice":"Bet on Owner","damage_taken":0,"max_hp_gain":0,"max_hp_loss":0,"event_name":"The Joust","floor":28,"gold_loss":50}],"is_beta":false,"boss_relics":[{"not_picked":["Empty Cage","Runic Cube"],"picked":"Philosopher\u0027s Stone"}],"items_purged_floors":[],"is_endless":false,"potions_floor_spawned":[10,12,14,16,24,29,31],"killed_by":"Automaton","ascension_level":2}}