{"host":"r4aerl4ckfvw1dw3","time":1614420963,"event":{"mods":["BaseMod","BetterRewards","Minty Spire (QoL Compilation)","Quick Restart","StSLib"],"gold_per_floor":[113,113,127,14,27,27,58,71,71,101,101,137,158,192,192,316,316,341,341,341,365,464,464,507,507,507,81,81,125,140,140,140,263,263,276,297,297,320,341,375,375,411,411,435,289,354,16,50,50,50,50,50,24,63,63],"floor_reached":56,"language":"ENG","playtime":5695,"items_purged":["Strike_R","Defend_R"],"score":1900,"play_id":"ee330697-e402-4d0e-9506-b70f372b081d","local_time":"20210227021602","is_ascension_mode":true,"campfire_choices":[{"data":"Twin Strike","floor":6.0,"key":"SMITH"},{"data":"Inflame","floor":11.0,"key":"SMITH"},{"data":"True Grit","floor":15.0,"key":"SMITH"},{"data":"Demon Form","floor":23.0,"key":"SMITH"},{"data":"Burning Pact","floor":25.0,"key":"SMITH"},{"data":"Body Slam","floor":28.0,"key":"SMITH"},{"data":"Sword Boomerang","floor":32.0,"key":"SMITH"},{"floor":49,"key":"RECALL"},{"data":"Corruption","floor":52,"key":"SMITH"}],"circlet_count":0,"master_deck":["AscendersBane","Bash+1","Cleave","Twin Strike+1","Battle Trance","Disarm","Inflame+1","True Grit+1","Shrug It Off","Sword Boomerang+1","Anger","Burning Pact+1","Demon Form+1","Exhume","Body Slam+1","Impervious","Flame Barrier","Corruption+1","Burning Pact","Second Wind","Anger","Reckless Charge","Dark Embrace+1","Headbutt+1","Evolve","Reaper","Dark Shackles","Exhume"],"relics":["Burning Blood","Golden Idol","Pear","Odd Mushroom","Singing Bowl","Kunai","Mark of Pain","Lizard Tail","Bottled Tornado","Self Forming Clay","Lantern","Pandora\u0027s Box","Mercury Hourglass","StrikeDummy","Mummified Hand","PreservedInsect","Incense Burner","Membership Card","Bronze Scales","Torii"],"acts_visited":["Exordium","TheCity","TheBeyond","TheEnding"],"potions_floor_usage":[55,55],"damage_taken":[{"damage":9.0,"enemies":"2 Louse","floor":1.0,"turns":4.0},{"damage":7.0,"enemies":"Jaw Worm","floor":3.0,"turns":3.0},{"damage":0.0,"enemies":"Small Slimes","floor":5.0,"turns":3.0},{"damage":15.0,"enemies":"3 Sentries","floor":7.0,"turns":7.0},{"damage":11.0,"enemies":"Blue Slaver","floor":8.0,"turns":3.0},{"damage":11.0,"enemies":"The Mushroom Lair","floor":10.0,"turns":3.0},{"damage":13.0,"enemies":"Lagavulin","floor":12.0,"turns":7.0},{"damage":12.0,"enemies":"2 Fungi Beasts","floor":13.0,"turns":3.0},{"damage":18.0,"enemies":"3 Sentries","floor":14.0,"turns":5.0},{"damage":12.0,"enemies":"Hexaghost","floor":16.0,"turns":8.0},{"damage":19.0,"enemies":"Shell Parasite","floor":18.0,"turns":4.0},{"damage":14.0,"enemies":"Chosen","floor":21.0,"turns":5.0},{"damage":2.0,"enemies":"Gremlin Leader","floor":24.0,"turns":6.0},{"damage":38.0,"enemies":"Slavers","floor":29.0,"turns":5.0},{"damage":5.0,"enemies":"3 Cultists","floor":30.0,"turns":5.0},{"damage":17.0,"enemies":"Champ","floor":33.0,"turns":7.0},{"damage":9.0,"enemies":"3 Shapes","floor":35.0,"turns":3.0},{"damage":0.0,"enemies":"Orb Walker","floor":36.0,"turns":3.0},{"damage":37.0,"enemies":"3 Darklings","floor":38.0,"turns":4.0},{"damage":19.0,"enemies":"4 Shapes","floor":39.0,"turns":7.0},{"damage":32.0,"enemies":"Reptomancer","floor":40.0,"turns":5.0},{"damage":13.0,"enemies":"Giant Head","floor":42.0,"turns":5.0},{"damage":0.0,"enemies":"Jaw Worm Horde","floor":44.0,"turns":3.0},{"damage":60,"enemies":"2 Orb Walkers","floor":46,"turns":5},{"damage":0,"enemies":"Nemesis","floor":48,"turns":3},{"damage":72,"enemies":"Donu and Deca","floor":50,"turns":6},{"damage":20,"enemies":"Shield and Spear","floor":54,"turns":4},{"damage":81,"enemies":"The Heart","floor":55,"turns":7}],"seed_played":"2239210852009350428","potions_obtained":[{"floor":3.0,"key":"Swift Potion"},{"floor":5.0,"key":"Explosive Potion"},{"floor":8.0,"key":"AttackPotion"},{"floor":10.0,"key":"Ancient Potion"},{"floor":14.0,"key":"Fruit Juice"},{"floor":21.0,"key":"LiquidMemories"},{"floor":29.0,"key":"Fire Potion"},{"floor":35.0,"key":"SkillPotion"},{"floor":36.0,"key":"FairyPotion"},{"floor":46,"key":"SmokeBomb"}],"is_trial":false,"path_per_floor":["M","?","M","$","M","R","E","M","T","?","R","E","M","E","R","B",null,"M","?","?","M","?","R","E","R","T","$","R","E","M","?","R","B",null,"M","M","?","M","M","E","?","E","T","M","$","?","$","E","R","B",null,"R","$","E","B",null],"character_chosen":"IRONCLAD","items_purchased":["Battle Trance","Self Forming Clay","Flame Barrier","PreservedInsect","Membership Card","Evolve","Reaper","Dark Shackles","AttackPotion","SkillPotion"],"campfire_rested":0,"item_purchase_floors":[4,27,27,45,47,47,47,47,47,53],"current_hp_per_floor":[69,69,68,68,74,74,75,70,70,65,65,58,52,40,40,34,72,61,61,61,60,60,60,64,64,64,64,64,34,37,37,37,26,79,78,86,86,57,44,20,20,13,13,21,21,61,61,86,86,109,109,109,109,111,68],"gold":63,"neow_bonus":"UPGRADE_CARD","is_daily":false,"chose_seed":false,"campfire_upgraded":8,"win_rate":0.0,"timestamp":1614420962,"path_taken":["M","?","M","$","M","R","E","M","T","?","R","E","M","E","R","BOSS","M","?","?","M","?","R","E","R","T","?","R","E","M","?","R","BOSS","M","M","?","M","M","E","?","E","T","?","$","?","$","E","R","BOSS","R","$","E","BOSS"],"items_purchased_type":["Card","Relic","Card","Relic","Relic","Card","Card","Card","Potion","Potion"],"build_version":"2020-12-22","purchased_purges":2,"victory":true,"max_hp_per_floor":[80,74,74,74,74,74,84,84,84,84,84,84,84,84,84,84,84,86,86,86,93,93,93,93,93,93,93,93,95,97,97,97,97,97,99,101,101,103,103,105,105,105,105,107,107,109,109,109,109,109,109,109,109,111,111],"card_choices":[{"not_picked":["Warcry","Heavy Blade"],"picked":"Cleave","floor":1.0},{"not_picked":["Hemokinesis","Pommel Strike"],"picked":"Twin Strike","floor":3.0},{"not_picked":["Burning Pact","Perfected Strike"],"picked":"Disarm","floor":5.0},{"not_picked":["Perfected Strike","Headbutt"],"picked":"Inflame","floor":7.0},{"not_picked":["Thunderclap","Havoc"],"picked":"True Grit","floor":8.0},{"not_picked":["Juggernaut","Armaments"],"picked":"Shrug It Off","floor":10.0},{"not_picked":["Searing Blow","Thunderclap"],"picked":"Sword Boomerang","floor":12.0},{"not_picked":["Thunderclap","Rage"],"picked":"Anger","floor":13.0},{"not_picked":["Fire Breathing","Shrug It Off"],"picked":"Burning Pact","floor":14.0},{"not_picked":["Berserk","Exhume"],"picked":"Demon Form","floor":16.0},{"not_picked":["Intimidate","Clothesline","Havoc"],"picked":"Singing Bowl","floor":18.0},{"not_picked":["Thunderclap+1","Pommel Strike","Carnage"],"picked":"Singing Bowl","floor":21.0},{"not_picked":["Twin Strike+1","Rampage"],"picked":"Impervious","floor":24.0},{"not_picked":["Twin Strike","Anger","Rage"],"picked":"Singing Bowl","floor":29.0},{"not_picked":["Body Slam+1","Clash+1","Flex"],"picked":"Singing Bowl","floor":30.0},{"not_picked":["Impervious","Brutality"],"picked":"Corruption","floor":33.0},{"not_picked":["Pommel Strike","Rampage","Blood for Blood"],"picked":"Singing Bowl","floor":35.0},{"not_picked":["Body Slam","Armaments+1","Warcry"],"picked":"Singing Bowl","floor":36.0},{"not_picked":["Havoc+1","Sword Boomerang","Perfected Strike+1"],"picked":"Singing Bowl","floor":38.0},{"not_picked":["Thunderclap+1","Clash+1"],"picked":"Dark Embrace+1","floor":39.0},{"not_picked":["Clothesline","Cleave","Metallicize"],"picked":"Singing Bowl","floor":40.0},{"not_picked":["Intimidate+1","Seeing Red"],"picked":"Headbutt+1","floor":42.0},{"not_picked":["Clothesline+1","Havoc+1","Sword Boomerang+1"],"picked":"Singing Bowl","floor":44},{"not_picked":["Armaments","Combust+1","Dropkick"],"picked":"Singing Bowl","floor":46},{"not_picked":["Carnage+1","True Grit"],"picked":"Exhume","floor":48},{"not_picked":["Flex+1","Combust+1","Blood for Blood+1"],"picked":"Singing Bowl","floor":54}],"player_experience":727924,"relics_obtained":[{"floor":7.0,"key":"Pear"},{"floor":10.0,"key":"Odd Mushroom"},{"floor":12.0,"key":"Singing Bowl"},{"floor":14.0,"key":"Kunai"},{"floor":24.0,"key":"Lizard Tail"},{"floor":26.0,"key":"Bottled Tornado"},{"floor":29.0,"key":"Lantern"},{"floor":40.0,"key":"Mercury Hourglass"},{"floor":42.0,"key":"StrikeDummy"},{"floor":43.0,"key":"Mummified Hand"},{"floor":46,"key":"Incense Burner"},{"floor":48,"key":"Bronze Scales"},{"floor":54,"key":"Torii"}],"event_choices":[{"damage_healed":0.0,"max_hp_gain":0.0,"max_hp_loss":6.0,"gold_gain":0.0,"event_name":"Golden Idol","player_choice":"Lose Max HP","floor":2.0,"gold_loss":0.0,"damage_taken":0.0,"relics_obtained":["Golden Idol"]},{"damage_healed":0.0,"max_hp_gain":0.0,"max_hp_loss":0.0,"gold_gain":0.0,"event_name":"Mushrooms","player_choice":"Fought Mushrooms","floor":10.0,"gold_loss":0.0,"damage_taken":0.0},{"damage_healed":0.0,"max_hp_gain":0.0,"max_hp_loss":0.0,"gold_gain":0.0,"cards_transformed":["Strike_R","Strike_R"],"event_name":"Drug Dealer","player_choice":"Became Test Subject","floor":19.0,"gold_loss":0.0,"damage_taken":0.0,"cards_obtained":["Exhume","Body Slam"]},{"damage_healed":0.0,"max_hp_gain":0.0,"max_hp_loss":0.0,"gold_gain":0.0,"event_name":"The Mausoleum","player_choice":"Ignored","floor":20.0,"gold_loss":0.0,"damage_taken":0.0},{"damage_healed":0.0,"max_hp_gain":0.0,"max_hp_loss":0.0,"gold_gain":99.0,"event_name":"Nest","player_choice":"Stole From Cult","floor":22.0,"gold_loss":0.0,"damage_taken":0.0},{"damage_healed":0.0,"max_hp_gain":0.0,"max_hp_loss":0.0,"gold_gain":0.0,"event_name":"Match and Keep!","player_choice":"0 cards matched","floor":31.0,"gold_loss":0.0,"damage_taken":0.0,"cards_obtained":[]},{"damage_healed":0.0,"max_hp_gain":0.0,"max_hp_loss":0.0,"gold_gain":0.0,"event_name":"Tomb of Lord Red Mask","player_choice":"Ignored","floor":37.0,"gold_loss":0.0,"damage_taken":0.0},{"cards_removed":["Blood for Blood"],"damage_healed":0.0,"max_hp_gain":0.0,"max_hp_loss":0.0,"gold_gain":0.0,"event_name":"Purifier","player_choice":"Purged","floor":41.0,"gold_loss":0.0,"damage_taken":0.0},{"damage_healed":0,"gold_gain":0,"player_choice":"Fight","damage_taken":0,"max_hp_gain":0,"max_hp_loss":0,"event_name":"Mysterious Sphere","floor":46,"gold_loss":0}],"is_beta":false,"boss_relics":[{"not_picked":["Runic Dome","Calling Bell"],"picked":"Mark of Pain"},{"not_picked":["Runic Cube","SlaversCollar"],"picked":"Pandora\u0027s Box"}],"items_purged_floors":[4,27],"is_endless":false,"potions_floor_spawned":[3,5,8,10,14,21,29,30,35,36,46],"ascension_level":11}}