{"host":"lktusdb9orijgc6z","time":1614401289,"event":{"mods":["BaseMod","Bestiary","Colored Map","Colored Powertips","Filter the Spire","Minty Spire (QoL Compilation)","Permanent Neow","Quick Restart","Relic Stats","StSLib","everything is the same but u backflip on backflip","slay the spire mod where everything is the same but ironclad has a cowboy hat"],"gold_per_floor":[119,130,144,144,26,26,58,79,79,109,259,259,278,297,297,368,368,385,404,4,23,23,23],"floor_reached":22,"language":"ENG","playtime":729,"items_purged":["Strike_G"],"score":442,"play_id":"93e0ec8e-ff8f-4f5d-a448-421e1bb4b8ee","local_time":"20210227054809","is_ascension_mode":true,"campfire_choices":[{"data":"Crippling Poison","floor":6.0,"key":"SMITH"},{"floor":12,"key":"REST"},{"data":"Noxious Fumes","floor":15,"key":"SMITH"}],"circlet_count":0,"master_deck":["AscendersBane","Strike_G+1","Strike_G","Strike_G","Defend_G","Defend_G","Defend_G","Survivor","Neutralize","Skewer+1","Dagger Spray+1","Concentrate+1","Backstab","Blade Dance+1","Crippling Poison+1","Reflex","Noxious Fumes+1","Acrobatics","Poisoned Stab","Doubt","Acrobatics","Choke","Adrenaline","Noxious Fumes+1","Night Terror","Footwork"],"relics":["Astrolabe","CaptainsWheel","Odd Mushroom","Peace Pipe","Blue Candle","Coffee Dripper","Toy Ornithopter"],"acts_visited":["Exordium","TheCity"],"potions_floor_usage":[10,18],"damage_taken":[{"damage":2.0,"enemies":"Jaw Worm","floor":1.0,"turns":2.0},{"damage":0.0,"enemies":"2 Louse","floor":2.0,"turns":3.0},{"damage":7.0,"enemies":"Small Slimes","floor":3.0,"turns":2.0},{"damage":15.0,"enemies":"3 Sentries","floor":7.0,"turns":6.0},{"damage":9.0,"enemies":"The Mushroom Lair","floor":8.0,"turns":2.0},{"damage":0,"enemies":"Gremlin Nob","floor":10,"turns":2},{"damage":10,"enemies":"2 Fungi Beasts","floor":13,"turns":3},{"damage":7,"enemies":"Red Slaver","floor":14,"turns":3},{"damage":14,"enemies":"Hexaghost","floor":16,"turns":8},{"damage":3,"enemies":"3 Byrds","floor":18,"turns":3},{"damage":16,"enemies":"Shell Parasite","floor":19,"turns":4},{"damage":25,"enemies":"Cultist and Chosen","floor":21,"turns":6},{"damage":12,"enemies":"Snake Plant","floor":22,"turns":1}],"seed_played":"-8961102687166311143","potions_obtained":[{"floor":1.0,"key":"BlessingOfTheForge"},{"floor":7.0,"key":"Poison Potion"},{"floor":13,"key":"FairyPotion"},{"floor":16,"key":"Fire Potion"},{"floor":21,"key":"BlessingOfTheForge"}],"is_trial":false,"path_per_floor":["M","M","M","?","$","R","E","?","T","E","?","R","M","M","R","B",null,"M","M","$","M","M"],"character_chosen":"THE_SILENT","items_purchased":["Reflex","Night Terror","Toy Ornithopter","Footwork"],"campfire_rested":1,"item_purchase_floors":[5,20,20,20],"current_hp_per_floor":[57,57,50,30,30,30,15,6,6,6,6,25,15,8,8,19,54,51,35,35,10,0,0],"gold":23,"neow_bonus":"BOSS_RELIC","is_daily":false,"chose_seed":false,"campfire_upgraded":2,"win_rate":0.0,"timestamp":1614401289,"path_taken":["M","M","M","?","$","R","E","?","T","E","?","R","M","M","R","BOSS","M","M","$","M","M"],"items_purchased_type":["Card","Card","Relic","Card"],"build_version":"2020-12-22","purchased_purges":1,"victory":false,"max_hp_per_floor":[66,66,66,66,66,66,66,66,66,66,66,66,66,66,66,66,66,66,66,66,66,66,66],"relic_stats":{"Peace Pipe":0,"counters":[13,45],"Astrolabe":["Skewer","Dagger Spray","Concentrate"],"Blue Candle":[2],"obtain_stats":[{"Peace Pipe":9,"CaptainsWheel":7,"Astrolabe":0,"Blue Candle":10,"Coffee Dripper":17,"Odd Mushroom":8,"Toy Ornithopter":20,"Ring of the Snake":0},{"Peace Pipe":5,"CaptainsWheel":4,"Astrolabe":0,"Blue Candle":6,"Coffee Dripper":9,"Odd Mushroom":5,"Toy Ornithopter":11,"Ring of the Snake":0},{"Peace Pipe":15,"CaptainsWheel":13,"Astrolabe":0,"Blue Candle":17,"Coffee Dripper":31,"Odd Mushroom":15,"Toy Ornithopter":38,"Ring of the Snake":0}],"Toy Ornithopter":0},"card_choices":[{"not_picked":["Footwork","Dodge and Roll"],"picked":"Backstab","floor":1.0},{"not_picked":["Cloak And Dagger","Catalyst"],"picked":"Blade Dance","floor":2.0},{"not_picked":["Blade Dance","Dodge and Roll"],"picked":"Crippling Poison","floor":3.0},{"not_picked":["Phantasmal Killer","Unload"],"picked":"Noxious Fumes","floor":7.0},{"not_picked":["Prepared","Slice"],"picked":"Acrobatics","floor":8.0},{"not_picked":["Prepared","Slice"],"picked":"Poisoned Stab","floor":10},{"not_picked":["Sucker Punch","Dagger Spray"],"picked":"Acrobatics","floor":13},{"not_picked":["Cloak And Dagger","Distraction"],"picked":"Choke","floor":14},{"not_picked":["Die Die Die","Malaise"],"picked":"Adrenaline","floor":16},{"not_picked":["Blade Dance","Dodge and Roll","Flying Knee+1"],"picked":"SKIP","floor":18},{"not_picked":["Outmaneuver","Dagger Spray+1"],"picked":"Noxious Fumes+1","floor":19},{"not_picked":["Bane","Dagger Spray","Predator"],"picked":"SKIP","floor":21}],"player_experience":825049,"relics_obtained":[{"floor":7.0,"key":"CaptainsWheel"},{"floor":8.0,"key":"Odd Mushroom"},{"floor":9.0,"key":"Peace Pipe"},{"floor":10,"key":"Blue Candle"}],"event_choices":[{"damage_healed":0.0,"max_hp_gain":0.0,"max_hp_loss":0.0,"gold_gain":0.0,"event_name":"Shining Light","player_choice":"Entered Light","floor":4.0,"gold_loss":0.0,"damage_taken":20.0,"cards_upgraded":["Strike_G","Blade Dance"]},{"damage_healed":0.0,"max_hp_gain":0.0,"max_hp_loss":0.0,"gold_gain":0.0,"event_name":"Mushrooms","player_choice":"Fought Mushrooms","floor":8.0,"gold_loss":0.0,"damage_taken":0.0},{"damage_healed":0,"gold_gain":150,"player_choice":"AGREE","damage_taken":0,"max_hp_gain":0,"max_hp_loss":0,"event_name":"Liars Game","floor":11,"gold_loss":0,"cards_obtained":["Doubt"]}],"is_beta":false,"boss_relics":[{"not_picked":["Calling Bell","Empty Cage"],"picked":"Coffee Dripper"}],"items_purged_floors":[5],"is_endless":false,"potions_floor_spawned":[1,7,13,16,21],"killed_by":"Snake Plant","ascension_level":20}}