{"host":"zxkjcgzis4pm3za5","time":1614441688,"event":{"mods":["2.2 Compatiblity","AchievementEnabler","BaseMod","Colored Map","Colored Powertips","Minty Spire (QoL Compilation)","Quick Restart","Random Character Button","Relic Filter Mod","Relic Sorter","Relic Stats","StSLib","ojb\u0027s Info Mod"],"gold_per_floor":[118,118,118,15,15,15,15,48,48,48,60,88,88,100,100,174,174,188,188,48,60,60,60,90,90,90,122,135,135,10,23,23,95,95,108,119,169,182,197,197,232,232,232,251,268,302,315,332,332,332,332,332],"floor_reached":51,"language":"ENG","playtime":1599,"items_purged":["Pain","Strike_P","Pain"],"score":1610,"play_id":"02841b86-8893-4e8b-babd-6f6bc825e38d","local_time":"20210227213128","is_ascension_mode":true,"campfire_choices":[{"data":"1","floor":6,"key":"LIFT"},{"floor":13,"key":"REST"},{"data":"2","floor":15,"key":"LIFT"},{"data":"3","floor":23,"key":"LIFT"},{"data":"Ragnarok","floor":25,"key":"SMITH"},{"data":"SpiritShield","floor":32,"key":"SMITH"},{"floor":40,"key":"REST"},{"floor":42,"key":"RECALL"},{"data":"TalkToTheHand","floor":49,"key":"SMITH"}],"circlet_count":0,"master_deck":["AscendersBane","Strike_P","Defend_P","Defend_P","Defend_P","Defend_P","Eruption","Vigilance+1","EmptyFist+1","FlyingSleeves","SandsOfTime","Sanctity","Conclude","CutThroughFate","CarveReality","Ragnarok+1","WindmillStrike","SashWhip","Tantrum","Vengeance","ThirdEye","Wallop","Eruption","SpiritShield+1","DevaForm","EmptyBody","Swivel","Protect","CrushJoints+1","LikeWater+1","Wallop","Swivel","TalkToTheHand+1","Adaptation"],"relics":["PureWater","Girya","HornCleat","Thread and Needle","Centennial Puzzle","Snecko Eye","PreservedInsect","TeardropLocket","Bottled Lightning","Sozu","Bottled Tornado","Omamori"],"acts_visited":["Exordium","TheCity","TheBeyond"],"potions_floor_usage":[16,24,33,51],"damage_taken":[{"damage":2,"enemies":"Cultist","floor":1,"turns":3},{"damage":15,"enemies":"Lagavulin","floor":8,"turns":5},{"damage":0,"enemies":"2 Louse","floor":11,"turns":2},{"damage":0,"enemies":"3 Sentries","floor":12,"turns":4},{"damage":0,"enemies":"Jaw Worm","floor":14,"turns":2},{"damage":11,"enemies":"The Guardian","floor":16,"turns":9},{"damage":0,"enemies":"Spheric Guardian","floor":18,"turns":1},{"damage":0,"enemies":"Chosen","floor":21,"turns":3},{"damage":0,"enemies":"Slavers","floor":24,"turns":2},{"damage":9,"enemies":"Gremlin Leader","floor":27,"turns":2},{"damage":5,"enemies":"Centurion and Healer","floor":28,"turns":2},{"damage":0,"enemies":"Sentry and Sphere","floor":31,"turns":2},{"damage":34,"enemies":"Automaton","floor":33,"turns":6},{"damage":0,"enemies":"3 Shapes","floor":35,"turns":2},{"damage":0,"enemies":"3 Darklings","floor":36,"turns":3},{"damage":0,"enemies":"Spire Growth","floor":38,"turns":1},{"damage":20,"enemies":"Jaw Worm Horde","floor":39,"turns":3},{"damage":0,"enemies":"Reptomancer","floor":41,"turns":2},{"damage":0,"enemies":"4 Shapes","floor":44,"turns":2},{"damage":0,"enemies":"Transient","floor":45,"turns":6},{"damage":0,"enemies":"Giant Head","floor":46,"turns":4},{"damage":0,"enemies":"3 Darklings","floor":47,"turns":2},{"damage":1,"enemies":"4 Shapes","floor":48,"turns":4},{"damage":51,"enemies":"Donu and Deca","floor":50,"turns":8},{"damage":4,"enemies":"Time Eater","floor":51,"turns":1}],"seed_played":"-5141795987383696857","potions_obtained":[{"floor":1,"key":"SpeedPotion"},{"floor":11,"key":"EssenceOfSteel"},{"floor":18,"key":"BlessingOfTheForge"},{"floor":24,"key":"PowerPotion"},{"floor":31,"key":"Strength Potion"},{"floor":33,"key":"EssenceOfSteel"}],"is_trial":false,"path_per_floor":["M","?","?","$","?","R","?","E","T","$","M","E","R","M","R","B",null,"M","?","$","M","$","R","E","R","T","E","M","?","$","M","R","B",null,"M","M","?","M","M","R","E","R","T","M","M","E","M","M","R","B","B"],"character_chosen":"WATCHER","items_purchased":["FlyingSleeves","Tantrum"],"campfire_rested":2,"item_purchase_floors":[4,20],"current_hp_per_floor":[59,39,39,39,34,34,34,19,19,19,19,19,39,39,39,28,58,58,58,58,58,58,58,58,58,58,49,44,44,44,44,44,10,54,54,54,54,54,34,54,54,54,54,54,54,54,54,53,53,2,0,0],"gold":332,"neow_bonus":"ONE_RARE_RELIC","is_daily":false,"chose_seed":false,"campfire_upgraded":3,"win_rate":0.0,"timestamp":1614441688,"path_taken":["M","?","?","?","?","R","?","E","T","$","M","E","R","?","R","BOSS","M","?","$","M","?","R","E","R","T","E","M","?","$","?","R","BOSS","M","M","?","?","M","R","E","R","T","M","M","E","?","M","R","BOSS","BOSS"],"items_purchased_type":["Card","Card"],"build_version":"2020-12-22","purchased_purges":3,"victory":false,"max_hp_per_floor":[68,68,68,68,68,68,68,68,68,68,68,68,68,68,68,68,68,68,68,68,68,68,68,68,68,68,68,68,68,68,68,68,68,68,68,68,68,68,68,68,68,68,68,68,68,68,68,68,68,68,68,68],"relic_stats":{"Sozu":4,"Centennial Puzzle":[21],"counters":[25,81],"Snecko Eye":[99,93,108,103],"PreservedInsect":238,"obtain_stats":[{"Sozu":34,"Girya":0,"Centennial Puzzle":12,"HornCleat":8,"Snecko Eye":17,"Thread and Needle":9,"PreservedInsect":24,"Omamori":46,"TeardropLocket":26,"Bottled Lightning":27,"PureWater":0,"Bottled Tornado":41},{"Sozu":13,"Girya":0,"Centennial Puzzle":4,"HornCleat":2,"Snecko Eye":6,"Thread and Needle":2,"PreservedInsect":9,"Omamori":21,"TeardropLocket":9,"Bottled Lightning":10,"PureWater":0,"Bottled Tornado":18},{"Sozu":43,"Girya":0,"Centennial Puzzle":14,"HornCleat":8,"Snecko Eye":25,"Thread and Needle":8,"PreservedInsect":31,"Omamori":66,"TeardropLocket":31,"Bottled Lightning":33,"PureWater":0,"Bottled Tornado":54}]},"card_choices":[{"not_picked":["PathToVictory","FlurryOfBlows"],"picked":"EmptyFist","floor":1},{"not_picked":["SignatureMove","FlyingSleeves"],"picked":"Sanctity","floor":8},{"not_picked":["Worship","BowlingBash"],"picked":"Conclude","floor":11},{"not_picked":["WaveOfTheHand","Wireheading"],"picked":"CutThroughFate","floor":12},{"not_picked":["Crescendo","CrushJoints"],"picked":"CarveReality","floor":14},{"not_picked":["Blasphemy","Devotion"],"picked":"Ragnarok","floor":16},{"not_picked":["ReachHeaven","ForeignInfluence"],"picked":"WindmillStrike","floor":18},{"not_picked":["SandsOfTime","EmptyFist","Evaluate"],"picked":"SKIP","floor":21},{"not_picked":["Halt","ThirdEye"],"picked":"Vengeance","floor":24},{"not_picked":["EmptyBody","BowlingBash"],"picked":"ThirdEye","floor":27},{"not_picked":["Pray","Swivel"],"picked":"Wallop","floor":28},{"not_picked":["Prostrate+1","BowlingBash","FlyingSleeves"],"picked":"SKIP","floor":31},{"not_picked":["Alpha","Brilliance"],"picked":"DevaForm","floor":33},{"not_picked":["FlyingSleeves","Halt"],"picked":"EmptyBody","floor":35},{"not_picked":["BowlingBash","CarveReality"],"picked":"Swivel","floor":36},{"not_picked":["BowlingBash","Perseverance"],"picked":"Protect","floor":38},{"not_picked":["JustLucky+1","ThirdEye"],"picked":"CrushJoints+1","floor":39},{"not_picked":["Swivel","EmptyMind"],"picked":"LikeWater+1","floor":41},{"not_picked":["Halt","CutThroughFate+1","Study+1"],"picked":"SKIP","floor":44},{"not_picked":["Devotion","Crescendo"],"picked":"Wallop","floor":45},{"not_picked":["EmptyFist","FollowUp"],"picked":"Swivel","floor":46},{"not_picked":["Consecrate","Evaluate"],"picked":"TalkToTheHand","floor":47},{"not_picked":["Evaluate","SashWhip+1"],"picked":"Adaptation","floor":48}],"player_experience":446073,"relics_obtained":[{"floor":8,"key":"HornCleat"},{"floor":9,"key":"Thread and Needle"},{"floor":12,"key":"Centennial Puzzle"},{"floor":24,"key":"PreservedInsect"},{"floor":26,"key":"TeardropLocket"},{"floor":27,"key":"Bottled Lightning"},{"floor":41,"key":"Bottled Tornado"},{"floor":46,"key":"Omamori"}],"event_choices":[{"damage_healed":0,"gold_gain":0,"player_choice":"Entered Light","damage_taken":20,"max_hp_gain":0,"max_hp_loss":0,"event_name":"Shining Light","floor":2,"gold_loss":0,"cards_upgraded":["EmptyFist","Vigilance"]},{"damage_healed":0,"gold_gain":0,"player_choice":"Ignored","damage_taken":0,"max_hp_gain":0,"max_hp_loss":0,"event_name":"Liars Game","floor":3,"gold_loss":0},{"damage_healed":0,"gold_gain":0,"player_choice":"Fled","damage_taken":5,"max_hp_gain":0,"max_hp_loss":0,"event_name":"Scrap Ooze","floor":5,"gold_loss":0},{"damage_healed":0,"gold_gain":0,"cards_transformed":["Strike_P"],"player_choice":"Transformed","damage_taken":0,"max_hp_gain":0,"max_hp_loss":0,"event_name":"Transmorgrifier","floor":7,"gold_loss":0,"cards_obtained":["SandsOfTime"]},{"damage_healed":0,"gold_gain":0,"cards_transformed":["Strike_P"],"player_choice":"Transformed","damage_taken":0,"max_hp_gain":0,"max_hp_loss":0,"event_name":"Transmorgrifier","floor":19,"gold_loss":0,"cards_obtained":["SashWhip"]},{"damage_healed":0,"gold_gain":0,"player_choice":"3 cards matched","damage_taken":0,"max_hp_gain":0,"max_hp_loss":0,"event_name":"Match and Keep!","floor":29,"gold_loss":0,"cards_obtained":["Eruption","Pain","SpiritShield"]},{"damage_healed":0,"gold_gain":50,"player_choice":"Pray","damage_taken":0,"max_hp_gain":0,"max_hp_loss":0,"event_name":"Golden Shrine","floor":37,"gold_loss":0}],"is_beta":false,"boss_relics":[{"not_picked":["Runic Dome","SacredBark"],"picked":"Snecko Eye"},{"not_picked":["Runic Pyramid","Pandora\u0027s Box"],"picked":"Sozu"}],"items_purged_floors":[4,20,30],"is_endless":false,"potions_floor_spawned":[1,11,14,18,24,31,33,41,44,45,48],"killed_by":"Time Eater","ascension_level":20}}