{"host":"lvjqw7fcq3t7v0cp","time":1614442438,"event":{"mods":["Act Like it!","BaseMod","Block Reminder","Colored Map","DeckTracker","Downfall","Hallownest","Marisa????????","Minty Spire (QoL Compilation)","Permanent Neow","Replay The Spire","StSLib","The Bug Knight","The Cursed","The Servant 0.9.4"],"gold_per_floor":[218,218,97,111,131,131,145,169,169,169,200,200,217,217,217,312,312,327,344,37,54,54,54,54],"floor_reached":23,"language":"ENG","playtime":1282,"items_purged":["Pain","Strike_R"],"score":220,"play_id":"f68544d8-7126-4802-b0d2-eb7452ebf285","local_time":"20210227101358","is_ascension_mode":true,"campfire_choices":[{"data":"Flex","floor":6,"key":"SMITH"},{"floor":12,"key":"REST"},{"floor":15,"key":"REST"}],"circlet_count":0,"master_deck":["Strike_R","Strike_R","Strike_R","Strike_R","Defend_R","Defend_R","Defend_R","Defend_R","Bash","Ghostly Armor","Cleave","Flex+1","Cleave+1","Intimidate","Clothesline","Cleave","Uppercut","Self Repair+1","Demon Form","Armaments+1","Anger","Bloodletting+1","Twin Strike"],"relics":["WarpedTongs","Odd Mushroom","Self Forming Clay","Juzu Bracelet","Iron Core","Replay:Grab Bag","Velvet Choker","Philosopher\u0027s Stone","Black Star","Red Skull","Darkstone Periapt"],"acts_visited":["Exordium","TheCity"],"potions_floor_usage":[11,16,18,19,23,23],"damage_taken":[{"damage":10,"enemies":"Small Slimes","floor":1,"turns":3},{"damage":6,"enemies":"Cultist","floor":4,"turns":4},{"damage":1,"enemies":"2 Louse","floor":5,"turns":2},{"damage":38,"enemies":"Large Slime","floor":7,"turns":5},{"damage":17,"enemies":"The Mushroom Lair","floor":8,"turns":4},{"damage":20,"enemies":"Replay:BlueRogue","floor":11,"turns":7},{"damage":13,"enemies":"Exordium Thugs","floor":13,"turns":4},{"damage":45,"enemies":"The Guardian","floor":16,"turns":10},{"damage":40,"enemies":"3 Byrds","floor":18,"turns":5},{"damage":25,"enemies":"Spheric Guardian","floor":19,"turns":4},{"damage":16,"enemies":"Centurion and Healer","floor":21,"turns":5},{"damage":29,"enemies":"Book of Stabbing","floor":23,"turns":4}],"seed_played":"-7785471621997388962","potions_obtained":[{"floor":1,"key":"Explosive Potion"},{"floor":5,"key":"Regen Potion"},{"floor":11,"key":"CultistPotion"},{"floor":16,"key":"GamblersBrew"},{"floor":18,"key":"AttackPotion"},{"floor":21,"key":"ColorlessPotion"}],"is_trial":false,"path_per_floor":["M","?","$","M","M","R","M","?","T","?","E","R","M","?","R","B",null,"M","M","$","M","?","E"],"character_chosen":"IRONCLAD","items_purchased":["Cleave","Red Skull","Bloodletting+1"],"campfire_rested":2,"item_purchase_floors":[3,20,20],"current_hp_per_floor":[76,76,76,76,80,80,48,37,37,37,38,62,55,55,79,44,80,50,35,35,29,29,0,0],"gold":54,"neow_bonus":"HUNDRED_GOLD","is_daily":false,"chose_seed":false,"campfire_upgraded":1,"win_rate":0.0,"timestamp":1614442438,"path_taken":["M","?","$","M","M","R","?","?","T","?","E","R","M","?","R","BOSS","M","M","$","M","?","E"],"items_purchased_type":["Card","Relic","Card"],"build_version":"2020-12-22","purchased_purges":2,"victory":false,"max_hp_per_floor":[80,80,80,80,80,80,80,80,80,80,80,80,80,80,80,80,80,80,80,80,80,80,80,80],"card_choices":[{"not_picked":["Burning Pact","Armaments"],"picked":"Ghostly Armor","floor":1},{"not_picked":["Bloodletting","Wild Strike"],"picked":"Flex","floor":4},{"not_picked":["Perfected Strike","Wild Strike"],"picked":"Cleave","floor":5},{"not_picked":["Pommel Strike","Cleave"],"picked":"Intimidate","floor":7},{"not_picked":["Berserk","Sword Boomerang"],"picked":"Clothesline","floor":8},{"not_picked":["Disarm","Shrug It Off"],"picked":"Cleave","floor":11},{"not_picked":["Wild Strike","Second Wind"],"picked":"Uppercut","floor":13},{"not_picked":["Firewall","Reaper"],"picked":"Demon Form","floor":16},{"not_picked":["Infernal Blade","Clash"],"picked":"Armaments+1","floor":18},{"not_picked":["Wild Strike","Entrench"],"picked":"Anger","floor":19},{"not_picked":["Power Through","Disarm"],"picked":"Twin Strike","floor":21}],"player_experience":99775,"relics_obtained":[{"floor":8,"key":"Odd Mushroom"},{"floor":9,"key":"Self Forming Clay"},{"floor":11,"key":"Juzu Bracelet"}],"event_choices":[{"damage_healed":0,"gold_gain":0,"player_choice":"Rummage","damage_taken":0,"relics_obtained":["WarpedTongs"],"max_hp_gain":0,"max_hp_loss":0,"event_name":"Accursed Blacksmith","floor":2,"gold_loss":0,"cards_obtained":["Pain"]},{"damage_healed":0,"gold_gain":0,"player_choice":"Fought Mushrooms","damage_taken":0,"max_hp_gain":0,"max_hp_loss":0,"event_name":"Mushrooms","floor":8,"gold_loss":0},{"damage_healed":0,"gold_gain":0,"player_choice":"Upgraded","damage_taken":0,"max_hp_gain":0,"max_hp_loss":0,"event_name":"Upgrade Shrine","floor":10,"gold_loss":0,"cards_upgraded":["Cleave"]}],"is_beta":false,"boss_relics":[{"not_picked":["Calling Bell","ReplayTheSpireMod:DimensionalGlitch"],"picked":"Replay:Grab Bag"},{"not_picked":["Coffee Dripper","bronze:MakeshiftBattery"],"picked":"Velvet Choker"},{"not_picked":["Runic Dome","ChewingGum"],"picked":"Philosopher\u0027s Stone"},{"not_picked":["Astrolabe","Replay:Drink Me"],"picked":"Black Star"}],"items_purged_floors":[3,20],"is_endless":false,"potions_floor_spawned":[1,5,11,16,18,21],"killed_by":"Book of Stabbing","ascension_level":3}}