{"host":"au01ak9vd3889by4","time":1614454673,"event":{"mods":["AchievementEnabler","BaseMod","Colored Map","Colored Powertips","Hubris","Infinite Spire","Minty Spire (QoL Compilation)","Quick Restart","Replay The Spire","StSLib","The Cursed","The Marked"],"gold_per_floor":[365,379,399,123,123,123,152,162,162,173,204,204,235,294,294,394,394,410,410,410,425,425,451,451,465,465,465,481,252,282,293,293,388,388,407,424,435,387,397,397,220,252,332,360,375,423,439,467,467,467,467],"floor_reached":50,"language":"ENG","playtime":3240,"items_purged":["Panic Button"],"score":817,"play_id":"be5dc35d-da74-4aed-9ae0-7257d9ede280","local_time":"20210227113753","is_ascension_mode":false,"campfire_choices":[{"floor":6,"key":"REST"},{"data":"infinitespire:Oblivion","floor":12,"key":"SMITH"},{"data":"Storm","floor":15,"key":"SMITH"},{"data":"Heatsinks","floor":24,"key":"SMITH"},{"data":"Double Energy","floor":27,"key":"SMITH"},{"floor":32,"key":"REST"},{"floor":40,"key":"REST"},{"data":"White Noise","floor":49,"key":"SMITH"}],"circlet_count":0,"master_deck":["Strike_B","Strike_B","Strike_B","Strike_B","Defend_B","Defend_B","Defend_B","Defend_B","Zap","Dualcast","Self Repair","Storm+1","Buffer+1","Heatsinks+1","White Noise","infinitespire:Oblivion+1","Loop","Double Energy+1","White Noise+1","Creative AI+1","Cold Snap+1","White Noise","Self Repair","Seek","Storm+1","Self Repair","Self Repair","Storm"],"relics":["Cracked Core","Nunchaku","Replay:Baseball","ReplayFunnel","Orichalcum","Omamori","HornCleat","Guide Book","hubris:Icosahedron","Happy Flower","Snack Pack","hubris:BallOfYels","Blue Doll","Inserter","infinitespire:PuzzleCube","infinitespire:Freezer","Bottled Tornado","Pen Nib","TungstenRod","WingedGreaves"],"acts_visited":["Exordium","TheCity","TheBeyond"],"potions_floor_usage":[11,11,13,16,23,25,31,39,42,47,48],"damage_taken":[{"damage":12,"enemies":"2 Louse","floor":1,"turns":3},{"damage":12,"enemies":"Jaw Worm","floor":2,"turns":5},{"damage":5,"enemies":"Small Slimes","floor":3,"turns":4},{"damage":0,"enemies":"Gremlin Nob","floor":7,"turns":4},{"damage":0,"enemies":"3 Louse","floor":8,"turns":2},{"damage":18,"enemies":"Gremlin Gang","floor":10,"turns":3},{"damage":0,"enemies":"3 Sentries","floor":11,"turns":5},{"damage":12,"enemies":"Replay:BlueRogue","floor":13,"turns":4},{"damage":0,"enemies":"Gremlin Nob","floor":14,"turns":4},{"damage":0,"enemies":"Slime Boss","floor":16,"turns":4},{"damage":5,"enemies":"Chosen","floor":18,"turns":4},{"damage":0,"enemies":"Shell Parasite","floor":21,"turns":3},{"damage":0,"enemies":"Nightmare","floor":23,"turns":5},{"damage":22,"enemies":"Snake Plant","floor":25,"turns":3},{"damage":8,"enemies":"Centurion and Healer","floor":28,"turns":5},{"damage":22,"enemies":"Slavers","floor":30,"turns":4},{"damage":0,"enemies":"Sentry and Sphere","floor":31,"turns":3},{"damage":28,"enemies":"Champ","floor":33,"turns":8},{"damage":3,"enemies":"Orb Walker","floor":35,"turns":3},{"damage":13,"enemies":"3 Darklings","floor":36,"turns":2},{"damage":22,"enemies":"Spire Growth","floor":37,"turns":4},{"damage":10,"enemies":"Writhing Mass","floor":39,"turns":4},{"damage":0,"enemies":"R_Hoarder","floor":42,"turns":5},{"damage":0,"enemies":"Nemesis","floor":44,"turns":3},{"damage":1,"enemies":"Sphere and 2 Shapes","floor":45,"turns":2},{"damage":22,"enemies":"2 Orb Walkers","floor":46,"turns":3},{"damage":0,"enemies":"Transient","floor":47,"turns":5},{"damage":20,"enemies":"Reptomancer","floor":48,"turns":5},{"damage":74,"enemies":"Donu and Deca","floor":50,"turns":6}],"seed_played":"1987285313933674735","potions_obtained":[{"floor":1,"key":"SneckoOil"},{"floor":10,"key":"Elixir"},{"floor":11,"key":"Fire Potion"},{"floor":14,"key":"LiquidMemories"},{"floor":16,"key":"Weak Potion"},{"floor":23,"key":"Energy Potion"},{"floor":30,"key":"BlessingOfTheForge"},{"floor":31,"key":"Milkshake"},{"floor":33,"key":"SteroidPotion"},{"floor":35,"key":"Elixir"},{"floor":39,"key":"SkillPotion"}],"is_trial":false,"path_per_floor":["M","M","M","$","?","R","E","M","T","M","E","R","E","?","R","B",null,"M","AVR","?","M","?","NM","R","M","T","R","M","$","E","M","R","B",null,"M","M","M","$","M","R","$","E","T","E","M","?","M","E","R","B"],"character_chosen":"DEFECT","items_purchased":["Nunchaku","Heatsinks","White Noise","hubris:BallOfYels","Self Repair","Storm","infinitespire:PuzzleCube"],"campfire_rested":3,"item_purchase_floors":[4,4,4,29,38,41,41],"current_hp_per_floor":[56,51,53,53,37,57,64,68,68,50,57,57,52,59,59,66,68,68,68,68,68,68,68,68,53,53,53,52,52,37,39,59,45,68,65,66,44,44,48,68,68,68,68,68,67,52,68,62,62,0,0],"gold":467,"neow_bonus":"TWO_FIFTY_GOLD","is_daily":false,"chose_seed":false,"campfire_upgraded":5,"win_rate":0.0,"timestamp":1614454673,"path_taken":["M","M","M","$","?","R","E","M","T","M","E","R","E","?","R","BOSS","M","AVR","?","M","?","NM","R","M","T","R","M","$","E","M","R","BOSS","M","?","M","$","M","R","$","E","T","E","M","?","M","E","R","BOSS"],"items_purchased_type":["Relic","Card","Card","Relic","Card","Card","Relic"],"build_version":"2020-12-22","purchased_purges":1,"victory":false,"max_hp_per_floor":[68,68,68,68,68,68,68,68,68,68,68,68,68,68,68,68,68,68,68,68,68,68,68,68,68,68,68,68,68,68,68,68,68,68,68,68,68,68,68,68,68,68,68,68,68,68,68,68,68,68,68],"card_choices":[{"not_picked":["Barrage","BasicCrystalCard"],"picked":"Self Repair","floor":1},{"not_picked":["Ball Lightning","Conserve Battery"],"picked":"Storm","floor":2},{"not_picked":["Conserve Battery","ReplayTheSpireMod:GoodbyeWorld"],"picked":"Buffer","floor":3},{"not_picked":["infinitespire:UltimateForm","infinitespire:DeathsTouch"],"picked":"infinitespire:Oblivion","floor":5},{"not_picked":["FTL","Go for the Eyes"],"picked":"Loop","floor":7},{"not_picked":["Sweeping Beam","Barrage","Leap"],"picked":"SKIP","floor":8},{"not_picked":["Stack","Time Bomb","Leap"],"picked":"SKIP","floor":10},{"not_picked":["Consume","Lockon"],"picked":"Double Energy","floor":11},{"not_picked":["Crystallizer","Gash","Melter"],"picked":"SKIP","floor":13},{"not_picked":["Coolheaded","Beam Cell"],"picked":"White Noise","floor":14},{"not_picked":["Machine Learning","Echo Form"],"picked":"Creative AI","floor":16},{"not_picked":["Turbo","Recycle"],"picked":"Cold Snap+1","floor":18},{"not_picked":["ReplayTheSpireMod:System Scan+1","Conserve Battery","Beam Cell"],"picked":"SKIP","floor":21},{"not_picked":["Barrage","Skim"],"picked":"White Noise","floor":23},{"not_picked":["BasicCrystalCard","Beam Cell","Steam Power"],"picked":"SKIP","floor":25},{"not_picked":["Go for the Eyes","Streamline+1","Gash+1"],"picked":"SKIP","floor":28},{"not_picked":["Barrage","Buffer"],"picked":"Self Repair","floor":30},{"not_picked":["Streamline","Cold Snap","Go for the Eyes"],"picked":"SKIP","floor":31},{"not_picked":["Multi-Cast","Fission"],"picked":"Seek","floor":33},{"not_picked":["Blizzard","Leap+1"],"picked":"Storm+1","floor":35},{"not_picked":["ReplayTheSpireMod:System Scan","Cold Snap+1","Ball Lightning"],"picked":"SKIP","floor":36},{"not_picked":["Beam Cell+1","Leap","Coolheaded"],"picked":"SKIP","floor":37},{"not_picked":["Undo+1","Hologram","FIFO Queue+1"],"picked":"SKIP","floor":39},{"not_picked":["Reprogram","Panic Button+1","Ball Lightning+1"],"picked":"SKIP","floor":42},{"not_picked":["Meteor Strike","BasicCrystalCard+1","Blizzard+1"],"picked":"SKIP","floor":44},{"not_picked":["BasicCrystalCard","Conserve Battery","Streamline+1"],"picked":"SKIP","floor":45},{"not_picked":["BasicCrystalCard+1","Static Discharge+1","Conserve Battery+1"],"picked":"SKIP","floor":47},{"not_picked":["Steam","ReplayGash+1","BasicCrystalCard"],"picked":"SKIP","floor":48}],"player_experience":154332,"relics_obtained":[{"floor":7,"key":"Replay:Baseball"},{"floor":9,"key":"ReplayFunnel"},{"floor":11,"key":"Orichalcum"},{"floor":13,"key":"Omamori"},{"floor":23,"key":"Happy Flower"},{"floor":26,"key":"Snack Pack"},{"floor":30,"key":"Blue Doll"},{"floor":42,"key":"infinitespire:Freezer"},{"floor":43,"key":"Bottled Tornado"},{"floor":44,"key":"Pen Nib"},{"floor":46,"key":"TungstenRod"},{"floor":48,"key":"WingedGreaves"}],"event_choices":[{"damage_healed":0,"gold_gain":0,"player_choice":"Searched \u00273\u0027 times","damage_taken":0,"relics_obtained":["HornCleat"],"max_hp_gain":0,"max_hp_loss":0,"event_name":"Dead Adventurer","floor":14,"gold_loss":0},{"damage_healed":0,"gold_gain":0,"player_choice":"2 cards matched","damage_taken":0,"max_hp_gain":0,"max_hp_loss":0,"event_name":"Match and Keep!","floor":22,"gold_loss":0,"cards_obtained":["Panic Button","Parasite"]},{"damage_healed":0,"gold_gain":0,"player_choice":"Fight","damage_taken":0,"max_hp_gain":0,"max_hp_loss":0,"event_name":"Mysterious Sphere","floor":46,"gold_loss":0}],"is_beta":false,"boss_relics":[{"not_picked":["Kintsugi","hubris:TerracottaHorce","Ring of Chaos"]},{"not_picked":["Sozu","Coffee Dripper"],"picked":"Inserter"}],"items_purged_floors":[29],"is_endless":true,"potions_floor_spawned":[1,10,11,14,16,23,30,31,33,35,37,39],"killed_by":"Donu and Deca","ascension_level":0}}