{"host":"g792ep1fbt4i7bvb","time":1614432037,"event":{"mods":["BaseMod","Beaked The Cultist","Colored Map","Colored Powertips","DeckTracker","Highlight Path","Minty Spire (QoL Compilation)","Relic Stats","StSLib","SuperFastMode"],"gold_per_floor":[212,387,117,129,141,141,168,168,168,198,258,333,361,361,361,474,474,496,204,223,237,152,152,191,191,191,191,219,129,155,181,181,292,301,321,342,359,387,402,402,439,439,509,509,542,542,556,565,565,565,565,565,25,61,61],"floor_reached":56,"language":"JPN","playtime":3261,"items_purged":["Doubt","beaked:Strike_Y"],"score":1573,"play_id":"a0da2b9e-8491-4cd3-95db-24f65ba1059d","local_time":"20210227222037","is_ascension_mode":true,"campfire_choices":[{"data":"beaked:Roost","floor":6,"key":"SMITH"},{"data":"Blind","floor":8,"key":"SMITH"},{"data":"beaked:LiftOff","floor":15,"key":"SMITH"},{"data":"beaked:Recite","floor":23,"key":"SMITH"},{"data":"beaked:Foresight","floor":25,"key":"SMITH"},{"data":"beaked:MachineEssence","floor":32,"key":"SMITH"},{"data":"beaked:BooksFlurry","floor":40,"key":"SMITH"},{"data":"beaked:Roost","floor":42,"key":"SMITH"},{"floor":44,"key":"RECALL"},{"data":"beaked:Foresight","floor":46,"key":"SMITH"},{"data":"beaked:FullHouse","floor":49,"key":"SMITH"},{"data":"beaked:ScreechingChant","floor":52,"key":"SMITH"}],"circlet_count":0,"master_deck":["beaked:Strike_Y+1","beaked:Strike_Y+1","beaked:Strike_Y+1","beaked:Strike_Y+1","beaked:Defend_Y+1","beaked:Defend_Y+1","beaked:Defend_Y+1","beaked:Defend_Y+1","beaked:Ceremony","beaked:Ceremony","beaked:Ceremony","beaked:Evade","Blind+1","beaked:Windmill+1","beaked:Roost+1","beaked:Foresight+1","beaked:LiftOff+1","beaked:Foresight+1","beaked:Recite+1","beaked:MachineSpirit","beaked:MachineEssence+1","beaked:Roost+1","beaked:Insight","beaked:Insight+1","beaked:Pecker+1","beaked:SurvivalInstinct","beaked:FullHouse+1","beaked:ScreechingChant+1","beaked:BooksFlurry+1","beaked:MaddeningMurmurs+1","beaked:Cower+1","beaked:TuckingFeathers+1","beaked:StunningBlow+1","Finesse","beaked:CursingBlood+1"],"relics":["beaked:MendingPlumage","Mango","FossilizedHelix","Mercury Hourglass","Boot","Odd Mushroom","CeramicFish","Philosopher\u0027s Stone","Centennial Puzzle","Vajra","Ornamental Fan","Bottled Lightning","Bottled Tornado","beaked:SacredDeck","Dream Catcher","White Beast Statue","Strawberry","OrangePellets","Letter Opener"],"acts_visited":["Exordium","TheCity","TheBeyond","TheEnding"],"potions_floor_usage":[7,16,24,24,24,28,33,45,47,50,54,55,55,55],"damage_taken":[{"damage":0,"enemies":"Small Slimes","floor":1,"turns":3},{"damage":4,"enemies":"2 Louse","floor":4,"turns":3},{"damage":5,"enemies":"Cultist","floor":5,"turns":5},{"damage":32,"enemies":"Gremlin Nob","floor":7,"turns":6},{"damage":6,"enemies":"Lagavulin","floor":10,"turns":9},{"damage":11,"enemies":"Lagavulin Event","floor":11,"turns":7},{"damage":11,"enemies":"The Mushroom Lair","floor":13,"turns":5},{"damage":0,"enemies":"Slime Boss","floor":16,"turns":7},{"damage":3,"enemies":"Spheric Guardian","floor":18,"turns":6},{"damage":14,"enemies":"Chosen","floor":20,"turns":6},{"damage":36,"enemies":"Snake Plant","floor":21,"turns":6},{"damage":37,"enemies":"Slavers","floor":24,"turns":5},{"damage":10,"enemies":"3 Cultists","floor":28,"turns":5},{"damage":3,"enemies":"Centurion and Healer","floor":30,"turns":7},{"damage":51,"enemies":"Gremlin Leader","floor":31,"turns":8},{"damage":43,"enemies":"Collector","floor":33,"turns":8},{"damage":35,"enemies":"3 Darklings","floor":35,"turns":8},{"damage":6,"enemies":"Orb Walker","floor":36,"turns":5},{"damage":28,"enemies":"Sphere and 2 Shapes","floor":37,"turns":8},{"damage":44,"enemies":"Spire Growth","floor":38,"turns":6},{"damage":22,"enemies":"Jaw Worm Horde","floor":39,"turns":5},{"damage":36,"enemies":"beaked:SuperParasite","floor":41,"turns":9},{"damage":2,"enemies":"Giant Head","floor":45,"turns":8},{"damage":26,"enemies":"3 Darklings","floor":47,"turns":6},{"damage":35,"enemies":"Time Eater","floor":50,"turns":11},{"damage":63,"enemies":"Shield and Spear","floor":54,"turns":8},{"damage":118,"enemies":"The Heart","floor":55,"turns":10}],"seed_played":"1660476488258511296","potions_obtained":[{"floor":4,"key":"Weak Potion"},{"floor":7,"key":"Swift Potion"},{"floor":13,"key":"Regen Potion"},{"floor":16,"key":"ColorlessPotion"},{"floor":18,"key":"PowerPotion"},{"floor":24,"key":"SneckoOil"},{"floor":30,"key":"Weak Potion"},{"floor":33,"key":"Weak Potion"},{"floor":35,"key":"Regen Potion"},{"floor":38,"key":"AttackPotion"},{"floor":45,"key":"DuplicationPotion"},{"floor":47,"key":"FearPotion"},{"floor":54,"key":"SpeedPotion"}],"is_trial":false,"path_per_floor":["M","?","$","M","M","R","E","R","T","E","?","?","?","?","R","B",null,"M","$","M","M","?","R","E","R","T","?","M","?","M","E","R","B",null,"M","M","M","M","M","R","E","R","T","R","E","R","M","?","R","B",null,"R","$","E","B",null],"character_chosen":"BEAKED_THE_CULTIST","items_purchased":["Blind","beaked:Windmill","Block Potion","beaked:Insight","Centennial Puzzle","CultistPotion","Swift Potion","Strawberry","OrangePellets","CultistPotion"],"campfire_rested":0,"item_purchase_floors":[3,3,3,19,19,53,53,53,53,53],"current_hp_per_floor":[50,50,50,50,50,50,46,46,46,63,64,53,57,54,54,64,64,64,64,64,49,49,49,64,64,64,64,60,60,64,64,64,64,64,64,64,62,64,64,64,64,64,64,64,64,64,64,59,59,62,64,64,71,71,71],"gold":61,"neow_bonus":"HUNDRED_GOLD","is_daily":false,"chose_seed":false,"campfire_upgraded":11,"win_rate":0.0,"timestamp":1614432037,"path_taken":["M","?","$","M","M","R","E","R","T","E","?","?","?","?","R","BOSS","M","$","M","M","?","R","E","R","T","?","M","?","?","E","R","BOSS","M","M","M","M","M","R","E","R","T","R","E","R","M","?","R","BOSS","R","$","E","BOSS"],"items_purchased_type":["Card","Card","Potion","Card","Relic","Potion","Potion","Relic","Relic","Potion"],"build_version":"2020-12-22","purchased_purges":2,"victory":true,"max_hp_per_floor":[50,50,50,50,50,50,64,64,64,64,64,64,64,64,64,64,64,64,64,64,64,64,64,64,64,64,64,64,64,64,64,64,64,64,64,64,64,64,64,64,64,64,64,64,64,64,64,64,64,64,64,64,71,71,71],"relic_stats":{"OrangePellets":[3],"Centennial Puzzle":[54],"Dream Catcher":0,"counters":[27,179],"Ornamental Fan":[112],"CeramicFish":135,"Letter Opener":[35],"Boot":[15],"obtain_stats":[{"CeramicFish":14,"Vajra":22,"Mango":7,"Letter Opener":54,"Odd Mushroom":13,"Bottled Tornado":31,"Boot":11,"White Beast Statue":45,"Mercury Hourglass":10,"OrangePellets":53,"Centennial Puzzle":19,"Dream Catcher":41,"Ornamental Fan":24,"Strawberry":53,"beaked:SacredDeck":34,"Philosopher\u0027s Stone":17,"Bottled Lightning":26,"beaked:MendingPlumage":0,"FossilizedHelix":9},{"CeramicFish":7,"Vajra":11,"Mango":4,"Letter Opener":26,"Odd Mushroom":7,"Bottled Tornado":15,"Boot":5,"White Beast Statue":23,"Mercury Hourglass":5,"OrangePellets":25,"Centennial Puzzle":9,"Dream Catcher":22,"Ornamental Fan":12,"Strawberry":25,"beaked:SacredDeck":16,"Philosopher\u0027s Stone":8,"Bottled Lightning":12,"beaked:MendingPlumage":0,"FossilizedHelix":4},{"CeramicFish":37,"Vajra":62,"Mango":17,"Letter Opener":169,"Odd Mushroom":37,"Bottled Tornado":87,"Boot":26,"White Beast Statue":144,"Mercury Hourglass":26,"OrangePellets":161,"Centennial Puzzle":50,"Dream Catcher":136,"Ornamental Fan":67,"Strawberry":161,"beaked:SacredDeck":95,"Philosopher\u0027s Stone":44,"Bottled Lightning":67,"beaked:MendingPlumage":0,"FossilizedHelix":17}],"Mercury Hourglass":[564]},"card_choices":[{"not_picked":["beaked:Cower","beaked:BloodForTheGods"],"picked":"beaked:Evade","floor":1},{"not_picked":["beaked:Redirect","beaked:Windmill"],"picked":"beaked:Roost","floor":4},{"not_picked":["beaked:FeelMyPain","beaked:Devastation"],"picked":"beaked:Foresight","floor":5},{"not_picked":["beaked:Pecker","beaked:MimicHuntress"],"picked":"beaked:LiftOff","floor":7},{"not_picked":["beaked:Flinch","beaked:Daydream"],"picked":"beaked:Foresight","floor":10},{"not_picked":["beaked:MachineSpirit","beaked:WarriorEssence"],"picked":"beaked:Recite","floor":11},{"not_picked":["beaked:Overexert","beaked:Flinch"],"picked":"beaked:MachineSpirit","floor":13},{"not_picked":["beaked:FullHouse","beaked:AwakenedForm"],"picked":"beaked:MachineEssence","floor":16},{"not_picked":["beaked:Tradeoff+1","beaked:RuinSticks"],"picked":"beaked:Roost","floor":18},{"not_picked":["beaked:CrazyRituals","beaked:Poke"],"picked":"beaked:Insight+1","floor":20},{"not_picked":["beaked:Cower","beaked:Resilience","beaked:Daydream"],"picked":"SKIP","floor":21},{"not_picked":["beaked:Redirect","beaked:CrazyRituals"],"picked":"beaked:Pecker+1","floor":24},{"not_picked":["beaked:DigDeep+1","beaked:StunningBlow"],"picked":"beaked:SurvivalInstinct","floor":28},{"not_picked":["beaked:SurvivalInstinct","beaked:DesperateSwing"],"picked":"beaked:FullHouse","floor":30},{"not_picked":["beaked:Evade","beaked:Insight","beaked:BarbedWire+1"],"picked":"SKIP","floor":31},{"not_picked":["beaked:WildInstinct","beaked:Caw"],"picked":"beaked:ScreechingChant","floor":33},{"not_picked":["beaked:Insight+1","beaked:Poke+1"],"picked":"beaked:MaddeningMurmurs+1","floor":35},{"not_picked":["beaked:BraceForImpact+1","beaked:Poke"],"picked":"beaked:Cower+1","floor":36},{"not_picked":["beaked:Resilience","beaked:Windmill+1","beaked:MimicHuntress"],"picked":"SKIP","floor":37},{"not_picked":["beaked:FeelMyPain","beaked:DesperateSwing+1"],"picked":"beaked:TuckingFeathers+1","floor":38},{"not_picked":["beaked:Insight+1","beaked:Tweet","beaked:BraceForImpact"],"picked":"SKIP","floor":39},{"not_picked":["beaked:SacrificialAttack+1","beaked:ScreechingChant"],"picked":"beaked:StunningBlow+1","floor":41},{"not_picked":["beaked:Resilience","beaked:MimicWarrior","beaked:BloodRitual"],"picked":"SKIP","floor":45},{"not_picked":["beaked:Redirect+1","beaked:BarbedWire","beaked:Resilience+1"],"picked":"SKIP","floor":47},{"not_picked":["Trip","Mind Blast"],"picked":"Finesse","floor":48},{"not_picked":["beaked:Struggle","beaked:BarbedWire"],"picked":"beaked:CursingBlood+1","floor":54}],"player_experience":789369,"relics_obtained":[{"floor":7,"key":"Mango"},{"floor":9,"key":"FossilizedHelix"},{"floor":10,"key":"Mercury Hourglass"},{"floor":13,"key":"Odd Mushroom"},{"floor":24,"key":"Ornamental Fan"},{"floor":26,"key":"Bottled Lightning"},{"floor":31,"key":"Bottled Tornado"},{"floor":41,"key":"Dream Catcher"},{"floor":45,"key":"White Beast Statue"},{"floor":54,"key":"Letter Opener"}],"event_choices":[{"damage_healed":0,"gold_gain":175,"player_choice":"AGREE","damage_taken":0,"max_hp_gain":0,"max_hp_loss":0,"event_name":"Liars Game","floor":2,"gold_loss":0,"cards_obtained":["Doubt"]},{"damage_healed":0,"gold_gain":0,"player_choice":"Searched \u00272\u0027 times","damage_taken":0,"relics_obtained":["Boot"],"max_hp_gain":0,"max_hp_loss":0,"event_name":"Dead Adventurer","floor":11,"gold_loss":0},{"damage_healed":0,"gold_gain":75,"player_choice":"Gather Gold","damage_taken":11,"max_hp_gain":0,"max_hp_loss":0,"event_name":"World of Goop","floor":12,"gold_loss":0},{"damage_healed":0,"gold_gain":0,"player_choice":"Fought Mushrooms","damage_taken":0,"max_hp_gain":0,"max_hp_loss":0,"event_name":"Mushrooms","floor":13,"gold_loss":0},{"damage_healed":0,"gold_gain":0,"player_choice":"Success","damage_taken":3,"relics_obtained":["CeramicFish"],"max_hp_gain":0,"max_hp_loss":0,"event_name":"Scrap Ooze","floor":14,"gold_loss":0},{"damage_healed":0,"gold_gain":0,"player_choice":"Obtained Relic","damage_taken":0,"relics_obtained":["Vajra"],"max_hp_gain":0,"max_hp_loss":0,"event_name":"Addict","floor":22,"gold_loss":85},{"damage_healed":0,"gold_gain":0,"player_choice":"Simplicity","damage_taken":0,"max_hp_gain":0,"max_hp_loss":0,"event_name":"Back to Basics","floor":27,"gold_loss":0,"cards_upgraded":["beaked:Strike_Y","beaked:Strike_Y","beaked:Strike_Y","beaked:Strike_Y","beaked:Strike_Y","beaked:Defend_Y","beaked:Defend_Y","beaked:Defend_Y","beaked:Defend_Y"]},{"cards_removed":["beaked:Strike_Y"],"damage_healed":0,"gold_gain":0,"player_choice":"Upgrade and Remove","damage_taken":0,"max_hp_gain":0,"max_hp_loss":0,"event_name":"Designer","floor":29,"gold_loss":90,"cards_upgraded":["beaked:Windmill"]},{"damage_healed":0,"gold_gain":0,"player_choice":"Memory 2","damage_taken":5,"max_hp_gain":0,"max_hp_loss":0,"event_name":"SensoryStone","floor":48,"gold_loss":0}],"is_beta":false,"boss_relics":[{"not_picked":["beaked:MawFillet","Runic Pyramid"],"picked":"Philosopher\u0027s Stone"},{"not_picked":["Runic Dome","beaked:SacrificeDoll"],"picked":"beaked:SacredDeck"}],"items_purged_floors":[3,19],"is_endless":false,"potions_floor_spawned":[4,7,13,16,18,24,30,33,35,38,41,45,47,54],"ascension_level":5}}