{"host":"acp8fcjw1lwgtbwr","time":1614408828,"event":{"mods":["AchievementEnabler","BaseMod","Colored Map","Colored Powertips","Highlight Path","Minty Spire (QoL Compilation)","StSLib"],"gold_per_floor":[119,119,119,194,207,207,250,250,250,250,266,44,44,44,44,168,168,187,187,202,202,202,245,245,245,245,245,245,245],"floor_reached":28,"language":"ENG","playtime":2414,"items_purged":["Strike_G"],"score":398,"play_id":"a671461d-836b-4755-bb22-358c20d9ea75","local_time":"20210227015348","is_ascension_mode":true,"campfire_choices":[{"data":"Neutralize","floor":6,"key":"SMITH"},{"data":"Caltrops","floor":8,"key":"SMITH"},{"data":"Survivor","floor":10,"key":"SMITH"},{"data":"Defend_G","floor":15,"key":"SMITH"},{"floor":24,"key":"REST"},{"floor":27,"key":"REST"}],"circlet_count":0,"master_deck":["AscendersBane","Strike_G","Strike_G","Strike_G","Defend_G","Defend_G","Defend_G","Defend_G","Defend_G+1","Survivor+1","Neutralize+1","Caltrops+1","Well Laid Plans+1","Venomology"],"relics":["Ring of the Snake","NeowsBlessing","Golden Idol","Juzu Bracelet","Bag of Marbles","Velvet Choker","Tingsha","Vajra","Peace Pipe"],"acts_visited":["Exordium","TheCity"],"potions_floor_usage":[16,19,19,20,23,23,28,28],"damage_taken":[{"damage":0,"enemies":"Cultist","floor":1,"turns":1},{"damage":0,"enemies":"2 Louse","floor":5,"turns":1},{"damage":0,"enemies":"3 Sentries","floor":7,"turns":1},{"damage":0,"enemies":"Small Slimes","floor":11,"turns":4},{"damage":21,"enemies":"Hexaghost","floor":16,"turns":14},{"damage":0,"enemies":"3 Byrds","floor":18,"turns":2},{"damage":0,"enemies":"Spheric Guardian","floor":19,"turns":3},{"damage":20,"enemies":"Shelled Parasite and Fungi","floor":20,"turns":9},{"damage":40,"enemies":"Book of Stabbing","floor":23,"turns":7},{"damage":51,"enemies":"Gremlin Leader","floor":28,"turns":10}],"seed_played":"-166766305692105301","potions_obtained":[{"floor":7,"key":"SmokeBomb"},{"floor":11,"key":"ColorlessPotion"},{"floor":18,"key":"LiquidMemories"},{"floor":23,"key":"SkillPotion"}],"is_trial":false,"path_per_floor":["M","?","?","?","M","R","E","R","T","R","M","$","?","?","R","B",null,"M","M","M","?","?","E","R","?","T","R","E"],"character_chosen":"THE_SILENT","items_purchased":["Bag of Marbles"],"campfire_rested":2,"item_purchase_floors":[12],"current_hp_per_floor":[63,46,69,58,58,58,58,58,58,58,58,58,58,58,58,37,62,62,62,42,42,42,2,23,23,23,44,0,0],"gold":245,"neow_bonus":"THREE_ENEMY_KILL","is_daily":false,"chose_seed":false,"campfire_upgraded":4,"win_rate":0.0,"timestamp":1614408828,"path_taken":["M","?","?","?","M","R","E","R","T","R","M","$","?","?","R","BOSS","M","M","M","?","?","E","R","?","T","R","E"],"items_purchased_type":["Relic"],"build_version":"2020-12-22","purchased_purges":1,"victory":false,"max_hp_per_floor":[70,70,70,70,70,70,70,70,70,70,70,70,70,70,70,70,70,70,70,70,70,70,70,70,70,70,70,70,70],"card_choices":[{"not_picked":["Blade Dance","Backflip"],"picked":"Caltrops","floor":1},{"not_picked":["Dagger Throw","Blade Dance"],"picked":"Well Laid Plans","floor":5},{"not_picked":["Flechettes","Masterful Stab","Deflect"],"picked":"SKIP","floor":7},{"not_picked":["Masterful Stab","Acrobatics","Quick Slash"],"picked":"SKIP","floor":11},{"not_picked":["Wraith Form v2","Grand Finale"],"picked":"Venomology","floor":16},{"not_picked":["Acrobatics","Underhanded Strike","Riddle With Holes"],"picked":"SKIP","floor":18},{"not_picked":["Flechettes","Deadly Poison","All Out Attack"],"picked":"SKIP","floor":20},{"not_picked":["Concentrate","Prepared","Slice"],"picked":"SKIP","floor":23}],"player_experience":2646000,"relics_obtained":[{"floor":7,"key":"Juzu Bracelet"},{"floor":23,"key":"Tingsha"},{"floor":26,"key":"Peace Pipe"}],"event_choices":[{"damage_healed":0,"gold_gain":0,"player_choice":"Take Damage","damage_taken":17,"relics_obtained":["Golden Idol"],"max_hp_gain":0,"max_hp_loss":0,"event_name":"Golden Idol","floor":2,"gold_loss":0},{"damage_healed":23,"gold_gain":0,"player_choice":"Banana","damage_taken":0,"max_hp_gain":0,"max_hp_loss":0,"event_name":"Big Fish","floor":3,"gold_loss":0},{"damage_healed":0,"gold_gain":75,"player_choice":"Gather Gold","damage_taken":11,"max_hp_gain":0,"max_hp_loss":0,"event_name":"World of Goop","floor":4,"gold_loss":0},{"damage_healed":0,"gold_gain":0,"player_choice":"Leave","damage_taken":0,"max_hp_gain":0,"max_hp_loss":0,"event_name":"The Cleric","floor":13,"gold_loss":0},{"damage_healed":0,"gold_gain":0,"player_choice":"Grow","damage_taken":0,"max_hp_gain":0,"max_hp_loss":0,"event_name":"Living Wall","floor":14,"gold_loss":0,"cards_upgraded":["Well Laid Plans"]},{"cards_removed":["Strike_G"],"damage_healed":0,"gold_gain":0,"player_choice":"Offered Basic","damage_taken":0,"max_hp_gain":0,"max_hp_loss":0,"event_name":"Bonfire Elementals","floor":21,"gold_loss":0},{"damage_healed":0,"gold_gain":0,"player_choice":"Ignored","damage_taken":0,"max_hp_gain":0,"max_hp_loss":0,"event_name":"Ghosts","floor":22,"gold_loss":0},{"damage_healed":0,"gold_gain":0,"player_choice":"Opened","damage_taken":0,"relics_obtained":["Vajra"],"max_hp_gain":0,"max_hp_loss":0,"event_name":"The Mausoleum","floor":25,"gold_loss":0}],"is_beta":false,"boss_relics":[{"not_picked":["Ectoplasm","Pandora\u0027s Box"],"picked":"Velvet Choker"}],"items_purged_floors":[12],"is_endless":false,"potions_floor_spawned":[7,11,18,23],"killed_by":"Gremlin Leader","ascension_level":11}}