{"host":"ymrxmazrubg7ht5t","time":1614453876,"event":{"mods":["2.2 Compatiblity","Act Like it!","Arknights","BaseMod","Better Match","Better Note","Colored Powertips","Conspire","Evolution","Gensokyo","HololiveMod","Infinite Spire","Jorbs\u0027s Wanderer Trilogy","Library of Ruina","Library of Ruina Extra","Marisa????????","Minty Spire (QoL Compilation)","Relic Stats","Replay The Spire","Ruina","SacredBarkPlus","StSLib","The Cursed","The Marked"],"gold_per_floor":[118,152,172,72,72,107,122,154,154,154,83,117,134,151,151,254,254,264,28,48,48,48,67,67,93,93,93,93,143,93,43,43,180,180,210,210,222,22,101,153,153,78,103,103,103,154,184,219,219,366,366,387,411,86,34,134,138,138],"floor_reached":57,"language":"ENG","playtime":6268,"items_purged":["Clumsy","Amnesia","Spreading Infection"],"score":956,"play_id":"15085bbb-6777-494f-8cef-3fbf88898e26","local_time":"20210227152436","is_ascension_mode":false,"campfire_choices":[{"floor":10.0,"key":"REST"},{"data":"Metamorphosis","floor":15.0,"key":"SMITH"},{"floor":24.0,"key":"REST"},{"data":"ruina:SwordSharpened","floor":32.0,"key":"SMITH"},{"data":"infinitespire:UltimateForm","floor":45,"key":"SMITH"},{"data":"MirageStorm","floor":49,"key":"SMITH"}],"circlet_count":0,"master_deck":["AsThePrescriptOrders+1","QuickAttack+1","QuickAttack+1","LightAttack","LightDefense","ChargeAndCover","FocusedStrikes","Dodge","Spear_LOR","VioletBlade","SomberProcuration+1","ExtractFuel","ScatteringSlash","Suppress","MirageStorm+1","SharpenedBlade","Retaliate","Slice_lor","Commandeering","ShrineToMusic","BoundaryOfDeath+1","infinitespire:FutureSight+1","SilentNight","ruina:SwordSharpened+1","Hallucinations","Tttonst","Gensokyo:UnhurriedMind+1","Regret","RatsGuideToSurvival+1","AbsorbImpact","infinitespire:UltimateForm+1","Tailoring+1","Replay:Sluggish","DarkCloud+1","Injury","GoinFirst","Unlock1","Parasite","SunsetBlade","ViolentFlame"],"relics":["PageOfLibrarian","EVO:Axolotl","ReplayFunnel","PageOfMercenary","PageOfLittleHelper","Juzu Bracelet","Eternal Feather","Replay:Mystery Machine","conspire:SpecialSausage","Boot","War Paint","Smiling Mask","ReplayTheSpireMod:Ring of Addiction","SacredBark","Chameleon Ring","Ring of Greed","Replay:Bandana","Golden Idol","ruina:FalsePresent","Cursed Key","Replay:Baseball","infinitespire:Bottled Soul","Replay:Bottled Eggs","Pen Nib","Gensokyo:TheCrow","PageOfTheQueenOfHatred","PageOfAlriune"],"acts_visited":["Gensokyo:Gensokyo","ruina:Briah","Gensokyo:Gensokyoest","Gensokyo:Gensokyo"],"potions_floor_usage":[37,37,40,46,48,50,50,57],"damage_taken":[{"damage":1.0,"enemies":"Gensokyo:2_Kodama","floor":1.0,"turns":3.0},{"damage":5.0,"enemies":"Gensokyo:Aya","floor":2.0,"turns":3.0},{"damage":0.0,"enemies":"Gensokyo:3_Fairies","floor":3.0,"turns":3.0},{"damage":0.0,"enemies":"Gensokyo:Aya","floor":6.0,"turns":2.0},{"damage":0.0,"enemies":"Gensokyo:Gryphon","floor":7.0,"turns":1.0},{"damage":21.0,"enemies":"Gensokyo:Cirno","floor":8.0,"turns":8.0},{"damage":0.0,"enemies":"Gensokyo:Aya","floor":12.0,"turns":2.0},{"damage":0.0,"enemies":"Gensokyo:Python_and_Kodama","floor":13.0,"turns":2.0},{"damage":0.0,"enemies":"Gensokyo:2_Rabbits","floor":14.0,"turns":2.0},{"damage":12.0,"enemies":"Gensokyo:Kokoro","floor":16.0,"turns":6.0},{"damage":11.0,"enemies":"ruina:3_Bats","floor":18.0,"turns":5.0},{"damage":7.0,"enemies":"ruina:BadWolf","floor":20.0,"turns":5.0},{"damage":6.0,"enemies":"ruina:Woodsman","floor":23.0,"turns":3.0},{"damage":0.0,"enemies":"Nightmare","floor":25.0,"turns":4.0},{"damage":8.0,"enemies":"ruina:Ozma","floor":33.0,"turns":5.0},{"damage":0.0,"enemies":"Gensokyo:3_Boulders","floor":35.0,"turns":5.0},{"damage":0,"enemies":"","floor":37,"turns":5},{"damage":6,"enemies":"Nightmare","floor":40,"turns":5},{"damage":0,"enemies":"Gensokyo:Doremy","floor":46,"turns":2},{"damage":0,"enemies":"Gensokyo:AncientGuardian","floor":47,"turns":1},{"damage":0,"enemies":"Gensokyo:4_Bats","floor":48,"turns":2},{"damage":12,"enemies":"Gensokyo:Scarlet_Devils","floor":50,"turns":7},{"damage":0,"enemies":"Gensokyo:Gryphon","floor":52,"turns":2},{"damage":0,"enemies":"Gensokyo:Python","floor":53,"turns":1},{"damage":85,"enemies":"Nightmare","floor":57,"turns":4}],"seed_played":"-7989450230200026398","potions_obtained":[{"floor":1.0,"key":"Strength Potion"},{"floor":6.0,"key":"Weak Potion"},{"floor":14.0,"key":"Fruit Juice"},{"floor":16.0,"key":"Energy Potion"},{"floor":20.0,"key":"Reflective Coating"},{"floor":23.0,"key":"ColorlessPotion"},{"floor":29.0,"key":"CultistPotion"},{"floor":29.0,"key":"DuplicationPotion"},{"floor":39,"key":"EssenceOfSteel"},{"floor":40,"key":"Venom Potion"},{"floor":41,"key":"Languid Potion"},{"floor":41,"key":"EssenceOfSteel"},{"floor":47,"key":"ColorlessPotion"},{"floor":50,"key":"ColorlessPotion"}],"is_trial":false,"path_per_floor":["M","?","M","?","?","E","M","E","T","R","$","E","M","M","R","B",null,"M","$","M","?","?","M","R","NM","T","?","?","?","?","$","R","B",null,"M","?","?","$","?","NM","R","?","T","?","R","E","M","M","R","B",null,"M","M","$","$","?","NM"],"character_chosen":"Librarian","items_purchased":["SharpenedBlade","ShrineToMusic","Boot","Replay:Baseball","PageOfAlriune","SunsetBlade","ViolentFlame"],"campfire_rested":2,"item_purchase_floors":[11,19,19,38,54,54,55],"current_hp_per_floor":[59,54,54,54,54,54,54,37,37,72,72,72,74,74,86,81,92,81,81,74,48,24,18,60,60,60,60,60,60,56,56,71,63,85,85,85,85,85,51,50,68,68,68,68,83,83,83,83,83,77,83,83,83,81,81,81,0,0],"gold":138,"neow_bonus":"RANDOM_COLORLESS_2","is_daily":false,"chose_seed":false,"campfire_upgraded":4,"win_rate":0.0,"timestamp":1614453876,"path_taken":["M","?","M","?","?","E","M","E","T","R","?","E","M","M","R","BOSS","M","$","M","?","?","M","R","NM","T","?","?","?","?","?","R","BOSS","M","?","?","?","?","NM","R","?","T","?","R","E","M","M","R","BOSS","M","M","?","$","?","NM"],"items_purchased_type":["Card","Card","Relic","Relic","Relic","Card","Card"],"build_version":"2020-12-22","purchased_purges":3,"victory":false,"max_hp_per_floor":[87,87,87,87,87,87,87,87,87,87,87,87,87,87,87,92,92,92,92,92,92,92,92,92,92,92,92,92,92,87,87,87,85,85,85,85,85,85,85,85,85,85,85,83,83,83,83,83,83,83,83,83,83,81,81,81,79,79],"relic_stats":{"counters":[25,88],"Golden Idol":99,"Eternal Feather":84,"Pen Nib":[3],"Juzu Bracelet":2,"War Paint":["infinitespire:FutureSight","AsThePrescriptOrders"],"Boot":[7],"Smiling Mask":150,"Cursed Key":1,"obtain_stats":[{"ReplayFunnel":2,"PageOfTheQueenOfHatred":46,"SacredBark":29,"conspire:SpecialSausage":17,"PageOfAlriune":54,"Juzu Bracelet":8,"EVO:Axolotl":0,"Replay:Mystery Machine":12,"Boot":19,"Smiling Mask":26,"Cursed Key":34,"Replay:Bandana":29,"PageOfMercenary":4,"Chameleon Ring":29,"infinitespire:Bottled Soul":39,"Replay:Bottled Eggs":40,"ruina:FalsePresent":30,"Golden Idol":29,"ReplayTheSpireMod:Ring of Addiction":29,"Gensokyo:TheCrow":44,"PageOfLittleHelper":6,"Eternal Feather":9,"Pen Nib":43,"Ring of Greed":29,"War Paint":25,"PageOfLibrarian":0,"Replay:Baseball":38},{"ReplayFunnel":2,"PageOfTheQueenOfHatred":19,"SacredBark":14,"conspire:SpecialSausage":10,"PageOfAlriune":24,"Juzu Bracelet":6,"EVO:Axolotl":0,"Replay:Mystery Machine":7,"Boot":11,"Smiling Mask":14,"Cursed Key":15,"Replay:Bandana":14,"PageOfMercenary":3,"Chameleon Ring":14,"infinitespire:Bottled Soul":17,"Replay:Bottled Eggs":18,"ruina:FalsePresent":14,"Golden Idol":14,"ReplayTheSpireMod:Ring of Addiction":14,"Gensokyo:TheCrow":18,"PageOfLittleHelper":4,"Eternal Feather":6,"Pen Nib":18,"Ring of Greed":14,"War Paint":14,"PageOfLibrarian":0,"Replay:Baseball":17},{"ReplayFunnel":6,"PageOfTheQueenOfHatred":71,"SacredBark":49,"conspire:SpecialSausage":32,"PageOfAlriune":84,"Juzu Bracelet":20,"EVO:Axolotl":0,"Replay:Mystery Machine":22,"Boot":37,"Smiling Mask":49,"Cursed Key":54,"Replay:Bandana":49,"PageOfMercenary":9,"Chameleon Ring":49,"infinitespire:Bottled Soul":64,"Replay:Bottled Eggs":69,"ruina:FalsePresent":49,"Golden Idol":49,"ReplayTheSpireMod:Ring of Addiction":49,"Gensokyo:TheCrow":69,"PageOfLittleHelper":11,"Eternal Feather":20,"Pen Nib":69,"Ring of Greed":49,"War Paint":49,"PageOfLibrarian":0,"Replay:Baseball":64}]},"card_choices":[{"not_picked":["Master of Strategy","The Bomb"],"picked":"Metamorphosis","floor":0.0},{"not_picked":["PinpointShot","HiddenBlade","Rewind","PreemptiveStrike","Slice_lor","AsThePrescriptOrders","Endure","Concentration"],"picked":"VioletBlade","floor":1.0},{"not_picked":["GreatSerpentsImpact","AsThePrescriptOrders","GrazeTheGrass","Parry2","ForcefulGesture","ShockRound","YoureAHindrance","SearingSword"],"picked":"SomberProcuration","floor":2.0},{"not_picked":["GatherIntel","DefenseOrder","FleetFootsteps","SkitterAway","HandleRequest","FleshFillet","HiddenBlade","Riposte"],"picked":"ExtractFuel","floor":3.0},{"not_picked":["IllEndYou","Diversion","SpearedSweep","EndlessBattle","MultiHit","SerpentSwordTechnique","Decapitation","BurningFlash"],"picked":"ScatteringSlash","floor":6.0},{"not_picked":["FrontalAssault","TheRedNotes","EndlessBattle","Rewind","BattleCommand","YourShield","Rampage_lor","Mutilate"],"picked":"Suppress","floor":7.0},{"not_picked":["AsThePrescriptOrders","ClassAndRespect","JiaoTu","Gigigig","BladeWhirl","FierceCharge","HighKick","ViolentFlame"],"picked":"MirageStorm","floor":8.0},{"not_picked":["PinpointShot","Concentration","SerpentSwordTechnique","SuanNi","Thrust","Rewind","DefenseOrder","AssaultOrder"],"picked":"Retaliate","floor":12.0},{"not_picked":["GuidanceOfTheGears","PreemptiveStrike","Riposte","SturdyDefense","AGoldenOpportunity","FleetEdge","StrikeDown","FleshFillet","StartinOutLightly"],"picked":"SKIP","floor":13.0},{"not_picked":["AssaultOrder","SinglePointStab","Standoff","Reload","YouOnlyLiveOnce","UnavoidableGaze","EnergyStrike","UpbeatPerformance"],"picked":"Slice_lor","floor":14.0},{"not_picked":["Tttonst","DaringDecision"],"picked":"Commandeering","floor":16.0},{"not_picked":["Crush","SinglePointStab","NightInTheBackstreets+1","ElectricShock","EndlessBattle","BizarreAttack","PinpointShot","FleetEdge+1","RulesOfTheBackstreets"],"picked":"SKIP","floor":18.0},{"not_picked":["BayonetCombat","Duel_lor+1","WillOfThePrescript","LawAndOrder","StrongStrike","Parry","FierceCharge","JiaoTu"],"picked":"BoundaryOfDeath","floor":20.0},{"not_picked":["ReplayTheSpireMod:??????????????????????","infinitespire:Execution"],"picked":"infinitespire:FutureSight","floor":22.0},{"not_picked":["SinglePointStab","Overcharge","Parry","ClassAndRespect+1","Laceration","GrazeTheGrass","PinpointShot","StrikeDown","HandleRequest+1"],"picked":"SKIP","floor":23.0},{"not_picked":["EndlessBattle","SnakesPrey","SuppressingShot","Preparation+1","BiAn","Ripple","SinglePointStab","CutIn"],"picked":"SilentNight","floor":25.0},{"not_picked":["MirageStorm","Castigation"],"picked":"Tttonst","floor":33.0},{"not_picked":["EnergyStrike","AGoldenOpportunity","DefenseOrder","ViolentFlame","TraceOfFumes+1","ForcefulGesture+1","GuardingStance+1","YouOnlyLiveOnce","GuidanceOfTheGears"],"picked":"SKIP","floor":35.0},{"not_picked":["Gensokyo:Dawn+1","Gensokyo:UnlikelyAid+1"],"picked":"Gensokyo:UnhurriedMind+1","floor":37},{"not_picked":["BindingArms","Multislash","WillOfThePrescript+1","MultiHit+1","SweepTheBackstreets+1","FleetEdge+1","CutIn","ClassAndRespect+1"],"picked":"RatsGuideToSurvival+1","floor":39},{"not_picked":["YoureTooSlow+1","Cruelty","SpearedSweep","Gamble+1","UnavoidableGaze+1","EmotionalTurbulence","Parry","MirageStorm"],"picked":"AbsorbImpact","floor":40},{"not_picked":["infinitespire:Collect","ReplayTheSpireMod:??????????????????????"],"picked":"infinitespire:UltimateForm","floor":40},{"not_picked":["DirtyBlow+1","ChiWen+1","InnerArdor+1","FervidEmotions+1","Slice_lor+1","WillBeTasty+1","BayonetCombat+1","SetFire+1"],"picked":"Tailoring+1","floor":42},{"not_picked":["MultiHit","SinglePointStab","FlowOfTheSword","JiaoTu+1","AsThePrescriptOrders+1","SnakeSlit+1","Bvapour","HandleRequest+1"],"picked":"DarkCloud+1","floor":46},{"not_picked":["MultiHit","ShockRound+1","BizarreAttack","SharpSwipe+1","NightInTheBackstreets","FleetEdge+1","ICanCookAnything","MultiBlock+1","Multislash"],"picked":"SKIP","floor":47},{"not_picked":["Collision+1","GuardingStance","SuppressingShot","ClassAndRespect","Eject+1","Wallop_lor+1","Standoff","KeepItFresh","BiAn+1"],"picked":"SKIP","floor":48},{"not_picked":["SilentNight","WillProduceFineSilk"],"picked":"GoinFirst","floor":50},{"not_picked":["Quickness","Creak","AbsorbImpact","Bvapour","Standoff","GreatSerpentsImpact","ViolentFlame","EnergyStrike"],"picked":"Unlock1","floor":52},{"not_picked":["UnavoidableGaze","Faith","DesperateStruggle","Preparation","DefenseOrder","StrikeDown","Parry","PreemptiveStrike","SnakeSlit"],"picked":"SKIP","floor":53}],"player_experience":479452,"relics_obtained":[{"floor":2.0,"key":"ReplayFunnel"},{"floor":6.0,"key":"PageOfLittleHelper"},{"floor":8.0,"key":"Juzu Bracelet"},{"floor":9.0,"key":"Eternal Feather"},{"floor":12.0,"key":"Replay:Mystery Machine"},{"floor":25.0,"key":"War Paint"},{"floor":26.0,"key":"Smiling Mask"},{"floor":29.0,"key":"ReplayTheSpireMod:Ring of Addiction"},{"floor":29.0,"key":"SacredBark"},{"floor":29.0,"key":"Chameleon Ring"},{"floor":29.0,"key":"Ring of Greed"},{"floor":29.0,"key":"Replay:Bandana"},{"floor":29.0,"key":"Golden Idol"},{"floor":39,"key":"infinitespire:Bottled Soul"},{"floor":40,"key":"Replay:Bottled Eggs"},{"floor":43,"key":"Pen Nib"},{"floor":46,"key":"PageOfTheQueenOfHatred"}],"event_choices":[{"damage_healed":0,"gold_gain":0,"player_choice":"2","damage_taken":0,"max_hp_gain":0,"max_hp_loss":0,"event_name":"betterMatch:BetterMatch","floor":42,"gold_loss":0,"cards_obtained":["betterMatch:UncommonCard"]}],"is_beta":false,"boss_relics":[{"not_picked":["Hololive_ChaosS","ReplayTheSpireMod:SealedPack"],"picked":"conspire:SpecialSausage"},{"not_picked":["Honey Jar","conspire:SeveredTorchhead"],"picked":"Cursed Key"},{"not_picked":["Busted Crown","Painkiller Herb","Replay:Wanted Poster"]}],"items_purged_floors":[31,38,54],"is_endless":true,"potions_floor_spawned":[1,6,14,16,20,23,40,47,50],"killed_by":"Nightmare","ascension_level":0}}