{"host":"5c0qgacoz40l2sko","time":1614392751,"event":{"mods":["BaseMod","Custom Start","Minty Spire (QoL Compilation)","Relic Stats"],"gold_per_floor":[430,442,454,489,516,568,594,656,695,657,697,697,722,758,758,851,851,874,874,874,887,887,920,943,978,978,978,1018,1018,1018,1038,1038,1127,1127,1127],"floor_reached":34,"language":"ENG","playtime":1715,"items_purged":["LiveForever"],"score":1502,"play_id":"29593c3c-f452-4577-b703-f9090168ce39","local_time":"20210226212551","daily_mods":["Flight"],"is_ascension_mode":true,"campfire_choices":[{"data":"Deflect+1","floor":15,"key":"PURGE"},{"floor":32,"key":"DIG"}],"circlet_count":0,"master_deck":["After Image+1","Grand Finale+1","Prepared+1","Reflex+1","Tactician+1"],"relics":["Ring of the Snake","Akabeko","Anchor","Ancient Tea Set","Art of War","Bag of Preparation","Bird Faced Urn","Black Star","Bronze Scales","Busted Crown","Calipers","CaptainsWheel","Coffee Dripper","Ginger","Frozen Eye","Frozen Egg 2","FossilizedHelix","HornCleat","Ice Cream","Kunai","Lizard Tail","MawBank","MealTicket","Medical Kit","Membership Card","Molten Egg 2","Omamori","Peace Pipe","Pear","Pen Nib","Philosopher\u0027s Stone","Gremlin Horn","Old Coin","Potion Belt","Runic Pyramid","Shovel","SlaversCollar","Shuriken","Smiling Mask","Sling","Thread and Needle","Unceasing Top","Vajra","Turnip","Toxic Egg 2","Golden Idol","PreservedInsect","Question Card","Dream Catcher","Regal Pillow","Bag of Marbles","Blood Vial","Odd Mushroom","Boot","Centennial Puzzle","Busted Crown","TungstenRod","Singing Bowl","Toy Ornithopter","Oddly Smooth Stone","Sundial","Bottled Lightning","The Courier","White Beast Statue","Ornamental Fan","Letter Opener","Bottled Tornado","Black Star"],"acts_visited":["Exordium","TheCity","TheBeyond"],"potions_floor_usage":[],"damage_taken":[{"damage":0,"enemies":"2 Louse","floor":1,"turns":1},{"damage":0,"enemies":"Jaw Worm","floor":4,"turns":1},{"damage":0,"enemies":"Cultist","floor":5,"turns":1},{"damage":0,"enemies":"Gremlin Nob","floor":6,"turns":1},{"damage":0,"enemies":"Gremlin Gang","floor":7,"turns":1},{"damage":0,"enemies":"Lagavulin","floor":11,"turns":1},{"damage":0,"enemies":"The Mushroom Lair","floor":13,"turns":1},{"damage":0,"enemies":"Gremlin Nob","floor":14,"turns":1},{"damage":0,"enemies":"The Guardian","floor":16,"turns":1},{"damage":0,"enemies":"2 Thieves","floor":18,"turns":1},{"damage":0,"enemies":"Chosen","floor":21,"turns":1},{"damage":0,"enemies":"Book of Stabbing","floor":23,"turns":1},{"damage":0,"enemies":"3 Cultists","floor":24,"turns":1},{"damage":0,"enemies":"Gremlin Leader","floor":25,"turns":1},{"damage":0,"enemies":"Book of Stabbing","floor":28,"turns":1},{"damage":0,"enemies":"Snecko","floor":31,"turns":1},{"damage":0,"enemies":"Automaton","floor":33,"turns":1}],"seed_played":"6354111587346205306","potions_obtained":[{"floor":4,"key":"Fire Potion"},{"floor":7,"key":"Explosive Potion"},{"floor":14,"key":"DistilledChaos"},{"floor":18,"key":"Energy Potion"},{"floor":24,"key":"DistilledChaos"},{"floor":28,"key":"CunningPotion"}],"is_trial":true,"path_per_floor":["M","?","?","M","M","E","M","T","T","$","E","?","?","E","R","B",null,"M","?","?","M","T","E","M","E","T","?","E","?","?","M","R","B",null],"character_chosen":"THE_SILENT","items_purchased":[],"campfire_rested":0,"item_purchase_floors":[],"current_hp_per_floor":[76,50,55,55,55,63,63,63,63,76,76,76,76,76,76,76,76,76,76,76,76,76,76,76,76,76,76,76,76,76,76,76,76,76,76],"gold":1127,"neow_bonus":"","is_daily":false,"chose_seed":false,"campfire_upgraded":0,"win_rate":0.0,"timestamp":1614392751,"path_taken":["M","?","?","?","?","E","?","?","T","?","E","?","?","E","R","BOSS","M","?","?","?","?","E","M","E","T","?","E","?","?","M","R","BOSS"],"items_purchased_type":[],"build_version":"2020-12-22","purchased_purges":1,"victory":false,"max_hp_per_floor":[76,76,76,76,76,76,76,76,76,76,76,76,76,76,76,76,76,76,76,76,76,76,76,76,76,76,76,76,76,76,76,76,76,76,76],"relic_stats":{"Regal Pillow":0,"Gremlin Horn":[1,2],"Singing Bowl":0,"Bag of Preparation":[6],"Ginger":[0],"Smiling Mask":-12,"Boot":[0],"Blood Vial":0,"Lizard Tail":0,"Dream Catcher":0,"Centennial Puzzle":[0],"Shovel":1,"Sundial":[12],"MealTicket":13,"Kunai":[2],"Ring of the Snake":[23],"counters":[17,17],"Golden Idol":115,"Pen Nib":[2],"PreservedInsect":187,"Letter Opener":[5],"MawBank":120,"Medical Kit":[0],"Question Card":13,"Peace Pipe":1,"Busted Crown":50,"Shuriken":[2],"Ornamental Fan":[4],"Bird Faced Urn":[15],"Bronze Scales":[0],"Turnip":[0],"Art of War":[0],"Black Star":6,"obtain_stats":[{"Ice Cream":0,"Calipers":0,"Gremlin Horn":0,"Vajra":0,"Ginger":0,"Bottled Tornado":32,"Sling":0,"Boot":14,"Old Coin":0,"Blood Vial":11,"Lizard Tail":0,"Centennial Puzzle":14,"HornCleat":0,"Sundial":25,"MealTicket":0,"Philosopher\u0027s Stone":0,"Kunai":0,"Toxic Egg 2":0,"Pear":0,"Oddly Smooth Stone":23,"Pen Nib":0,"Letter Opener":29,"Question Card":6,"Akabeko":0,"SlaversCollar":0,"Shuriken":0,"Bird Faced Urn":0,"Bronze Scales":0,"Molten Egg 2":0,"Black Star":0,"Unceasing Top":0,"Regal Pillow":9,"Singing Bowl":22,"Bag of Preparation":0,"Ancient Tea Set":0,"Smiling Mask":0,"Frozen Eye":0,"Dream Catcher":8,"Shovel":0,"Ring of the Snake":0,"Runic Pyramid":0,"Potion Belt":0,"Golden Idol":2,"Thread and Needle":0,"PreservedInsect":6,"The Courier":26,"Omamori":0,"Frozen Egg 2":0,"Odd Mushroom":13,"MawBank":0,"Medical Kit":0,"White Beast Statue":28,"Peace Pipe":0,"Anchor":0,"CaptainsWheel":0,"Busted Crown":0,"Ornamental Fan":28,"Turnip":0,"Art of War":0,"Coffee Dripper":0,"Bag of Marbles":11,"Membership Card":0,"Bottled Lightning":25,"FossilizedHelix":0,"TungstenRod":20,"Toy Ornithopter":23},{"Ice Cream":0,"Calipers":0,"Gremlin Horn":0,"Vajra":0,"Ginger":0,"Bottled Tornado":16,"Sling":0,"Boot":8,"Old Coin":0,"Blood Vial":6,"Lizard Tail":0,"Centennial Puzzle":8,"HornCleat":0,"Sundial":14,"MealTicket":0,"Philosopher\u0027s Stone":0,"Kunai":0,"Toxic Egg 2":0,"Pear":0,"Oddly Smooth Stone":12,"Pen Nib":0,"Letter Opener":15,"Question Card":4,"Akabeko":0,"SlaversCollar":0,"Shuriken":0,"Bird Faced Urn":0,"Bronze Scales":0,"Molten Egg 2":0,"Black Star":0,"Unceasing Top":0,"Regal Pillow":5,"Singing Bowl":11,"Bag of Preparation":0,"Ancient Tea Set":0,"Smiling Mask":0,"Frozen Eye":0,"Dream Catcher":5,"Shovel":0,"Ring of the Snake":0,"Runic Pyramid":0,"Potion Belt":0,"Golden Idol":1,"Thread and Needle":0,"PreservedInsect":4,"The Courier":14,"Omamori":0,"Frozen Egg 2":0,"Odd Mushroom":7,"MawBank":0,"Medical Kit":0,"White Beast Statue":15,"Peace Pipe":0,"Anchor":0,"CaptainsWheel":0,"Busted Crown":0,"Ornamental Fan":15,"Turnip":0,"Art of War":0,"Coffee Dripper":0,"Bag of Marbles":6,"Membership Card":0,"Bottled Lightning":14,"FossilizedHelix":0,"TungstenRod":10,"Toy Ornithopter":12},{"Ice Cream":0,"Calipers":0,"Gremlin Horn":0,"Vajra":0,"Ginger":0,"Bottled Tornado":16,"Sling":0,"Boot":8,"Old Coin":0,"Blood Vial":6,"Lizard Tail":0,"Centennial Puzzle":8,"HornCleat":0,"Sundial":14,"MealTicket":0,"Philosopher\u0027s Stone":0,"Kunai":0,"Toxic Egg 2":0,"Pear":0,"Oddly Smooth Stone":12,"Pen Nib":0,"Letter Opener":15,"Question Card":4,"Akabeko":0,"SlaversCollar":0,"Shuriken":0,"Bird Faced Urn":0,"Bronze Scales":0,"Molten Egg 2":0,"Black Star":0,"Unceasing Top":0,"Regal Pillow":5,"Singing Bowl":11,"Bag of Preparation":0,"Ancient Tea Set":0,"Smiling Mask":0,"Frozen Eye":0,"Dream Catcher":5,"Shovel":0,"Ring of the Snake":0,"Runic Pyramid":0,"Potion Belt":0,"Golden Idol":1,"Thread and Needle":0,"PreservedInsect":4,"The Courier":14,"Omamori":0,"Frozen Egg 2":0,"Odd Mushroom":7,"MawBank":0,"Medical Kit":0,"White Beast Statue":15,"Peace Pipe":0,"Anchor":0,"CaptainsWheel":0,"Busted Crown":0,"Ornamental Fan":15,"Turnip":0,"Art of War":0,"Coffee Dripper":0,"Bag of Marbles":6,"Membership Card":0,"Bottled Lightning":14,"FossilizedHelix":0,"TungstenRod":10,"Toy Ornithopter":12}],"Unceasing Top":[0],"TungstenRod":0,"Toy Ornithopter":0},"card_choices":[{"not_picked":["Acrobatics+1"],"picked":"SKIP","floor":1},{"not_picked":["Backstab+1"],"picked":"SKIP","floor":4},{"not_picked":["Expertise+1"],"picked":"SKIP","floor":5},{"not_picked":["Well Laid Plans+1"],"picked":"SKIP","floor":6},{"not_picked":["Infinite Blades+1","Sucker Punch+1"],"picked":"SKIP","floor":7},{"not_picked":["Choke+1","Bane+1"],"picked":"SKIP","floor":11},{"not_picked":["Unload+1","Expertise+1"],"picked":"SKIP","floor":14}],"player_experience":222560,"relics_obtained":[{"floor":6,"key":"PreservedInsect"},{"floor":6,"key":"Question Card"},{"floor":8,"key":"Dream Catcher"},{"floor":9,"key":"Regal Pillow"},{"floor":11,"key":"Bag of Marbles"},{"floor":11,"key":"Blood Vial"},{"floor":13,"key":"Odd Mushroom"},{"floor":14,"key":"Boot"},{"floor":14,"key":"Centennial Puzzle"},{"floor":22,"key":"Singing Bowl"},{"floor":23,"key":"Toy Ornithopter"},{"floor":23,"key":"Oddly Smooth Stone"},{"floor":25,"key":"Sundial"},{"floor":25,"key":"Bottled Lightning"},{"floor":26,"key":"The Courier"},{"floor":28,"key":"White Beast Statue"},{"floor":28,"key":"Ornamental Fan"},{"floor":32,"key":"Bottled Tornado"}],"event_choices":[{"damage_healed":0,"gold_gain":0,"player_choice":"Take Damage","damage_taken":26,"relics_obtained":["Golden Idol"],"max_hp_gain":0,"max_hp_loss":0,"event_name":"Golden Idol","floor":2,"gold_loss":0},{"cards_removed":["BecomeAlmighty"],"damage_healed":5,"gold_gain":0,"player_choice":"Offered Special","damage_taken":0,"max_hp_gain":0,"max_hp_loss":0,"event_name":"Bonfire Elementals","floor":3,"gold_loss":0},{"damage_healed":0,"gold_gain":0,"cards_transformed":["After Image"],"player_choice":"Change","damage_taken":0,"max_hp_gain":0,"max_hp_loss":0,"event_name":"Living Wall","floor":12,"gold_loss":0,"cards_obtained":["Deflect"]},{"damage_healed":0,"gold_gain":0,"player_choice":"Fought Mushrooms","damage_taken":0,"max_hp_gain":0,"max_hp_loss":0,"event_name":"Mushrooms","floor":13,"gold_loss":0},{"damage_healed":0,"gold_gain":0,"player_choice":"Simplicity","damage_taken":0,"max_hp_gain":0,"max_hp_loss":0,"event_name":"Back to Basics","floor":19,"gold_loss":0,"cards_upgraded":[]},{"damage_healed":0,"gold_gain":0,"player_choice":"Gave Potion","damage_taken":0,"relics_obtained":["TungstenRod"],"max_hp_gain":0,"max_hp_loss":0,"event_name":"WeMeetAgain","floor":20,"gold_loss":0},{"damage_healed":0,"gold_gain":0,"player_choice":"Ignored","damage_taken":0,"max_hp_gain":0,"max_hp_loss":0,"event_name":"Vampires","floor":27,"gold_loss":0},{"damage_healed":0,"gold_gain":0,"player_choice":"Opened","damage_taken":0,"relics_obtained":["Letter Opener"],"max_hp_gain":0,"max_hp_loss":0,"event_name":"The Mausoleum","floor":29,"gold_loss":0,"cards_obtained":["Writhe"]},{"cards_removed":["After Image"],"damage_healed":0,"gold_gain":0,"player_choice":"Purged","damage_taken":0,"max_hp_gain":0,"max_hp_loss":0,"event_name":"Purifier","floor":30,"gold_loss":0}],"is_beta":false,"boss_relics":[{"not_picked":["Philosopher\u0027s Stone","Snecko Eye"],"picked":"Busted Crown"},{"not_picked":["Calling Bell","SacredBark"],"picked":"Black Star"}],"items_purged_floors":[10],"is_endless":false,"potions_floor_spawned":[4,7,14,16,18,24,28,31,33],"ascension_level":20}}