{"host":"jsd6g3c2vo13e69c","time":1614421124,"event":{"mods":["2.2 Compatiblity","Act Like it!","BaseMod","Better Altar","Better Match","Better Note","Better Sensory Stone","Better Third Choice","BetterRewards","Colored Map","Colored Powertips","Downfall","Friendly Minions","GifTheSpireLib","Googly Eyes","Gremlin Mod","Hermit","Hubris","Infinite Spire","Melee Mod","Minty Spire (QoL Compilation)","Permanent Neow","Quick Restart","Random Character Button","Replay The Spire","Shop Mod","Spire Arcade","StSLib","The Cursed","The Disciple","The Forsaken","thorton"],"gold_per_floor":[99,110,129,146,163,163,216,250,266,286,302,332,46,46,57,57,57,57],"floor_reached":16,"language":"ENG","playtime":780,"items_purged":["hexamod:Strike"],"score":141,"play_id":"04a8c295-0f9b-4e57-9c0c-c8313158410a","local_time":"20210227051844","is_ascension_mode":false,"campfire_choices":[{"data":"hexamod:Float","floor":1,"key":"SMITH"},{"data":"hexamod:Again","floor":6,"key":"SMITH"}],"circlet_count":0,"master_deck":["hexamod:Strike","hexamod:Strike","hexamod:Strike","hexamod:Defend","hexamod:Defend","hexamod:Defend","hexamod:Defend","hexamod:Sear","hexamod:Float+1","hexamod:SuperheatedStrike","hexamod:HeatMetal","hexamod:Again+1","hexamod:GhostLash","hexamod:NightmareStrike","hexamod:PowerFromBeyond","hexamod:HauntingEcho","hexamod:Again","hexamod:BurningTouch","hexamod:EmpoweredFlame","hexamod:Hexaguard","hexamod:Incineration+1","expansioncontent:StudyTheSpire+1","hexamod:NightmareStrike"],"relics":["hexamod:SpiritBrand","Lantern","Smiling Mask","infinitespire:Lucky Rock"],"acts_visited":["Exordium"],"potions_floor_usage":[4,12,16],"damage_taken":[{"damage":1,"enemies":"Jaw Worm","floor":2,"turns":3},{"damage":0,"enemies":"Cultist","floor":3,"turns":3},{"damage":0,"enemies":"2 Louse","floor":4,"turns":3},{"damage":7,"enemies":"2 Fungi Beasts","floor":5,"turns":3},{"damage":16,"enemies":"Lagavulin","floor":8,"turns":7},{"damage":7,"enemies":"Exordium Wildlife","floor":9,"turns":3},{"damage":6,"enemies":"Large Slime","floor":10,"turns":4},{"damage":7,"enemies":"Blue Slaver","floor":11,"turns":3},{"damage":0,"enemies":"3 Sentries","floor":12,"turns":4},{"damage":5,"enemies":"downfall:FleeingMerchant","floor":13,"turns":4},{"damage":5,"enemies":"Exordium Wildlife","floor":15,"turns":3},{"damage":17,"enemies":"DF_ARCHETYPE_STREAMLINE","floor":16,"turns":3}],"seed_played":"-4957078323861824391","potions_obtained":[{"floor":3,"key":"DistilledChaos"},{"floor":4,"key":"Swift Potion"},{"floor":5,"key":"hexamod:EctoCoolerPotion"},{"floor":11,"key":"Slimebound:ThreeZeroPotion"},{"floor":15,"key":"Elixir"}],"is_trial":false,"path_per_floor":["R","M","M","M","M","R","T","E","M","M","M","E","$","?","M","B"],"character_chosen":"THE_SPIRIT","items_purchased":["hexamod:Incineration+1","expansioncontent:StudyTheSpire"],"campfire_rested":0,"item_purchase_floors":[13,13],"current_hp_per_floor":[70,69,69,69,62,62,62,46,39,33,26,26,21,21,16,0,0,0],"gold":57,"neow_bonus":"THREE_CARDS","is_daily":false,"chose_seed":false,"campfire_upgraded":2,"win_rate":0.0,"timestamp":1614421124,"path_taken":["R","M","M","M","M","R","T","E","M","M","M","E","$","?","M","BOSS"],"items_purchased_type":["Card","Card"],"build_version":"2020-12-22","purchased_purges":1,"victory":false,"max_hp_per_floor":[70,70,70,70,70,70,70,70,70,70,70,70,70,70,70,70,70,70],"card_choices":[{"not_picked":["hexamod:Firestarter","hexamod:AdvancingGuard"],"picked":"hexamod:SuperheatedStrike","floor":0},{"not_picked":["hexamod:AdvancingGuard","hexamod:ShieldOfDarkness"],"picked":"hexamod:HeatMetal","floor":2},{"not_picked":["hexamod:ThermalTransfer","hexamod:HauntingEcho"],"picked":"hexamod:Again","floor":3},{"not_picked":["hexamod:NightmareGuise","hexamod:InspiringFlames"],"picked":"hexamod:GhostLash","floor":4},{"not_picked":["hexamod:NightmareGuise","hexamod:FastForward"],"picked":"hexamod:NightmareStrike","floor":5},{"not_picked":["hexamod:NightmareStrike","hexamod:SkipABeat"],"picked":"hexamod:PowerFromBeyond","floor":8},{"not_picked":["hexamod:ThermalTransfer","hexamod:FourthSeal"],"picked":"hexamod:HauntingEcho","floor":9},{"not_picked":["hexamod:RainOfEmbers","hexamod:ThermalTransfer"],"picked":"hexamod:Again","floor":10},{"not_picked":["hexamod:CatchUp","hexamod:FlamesFromBeyond"],"picked":"hexamod:BurningTouch","floor":11},{"not_picked":["hexamod:GhostShield","hexamod:ShieldOfDarkness"],"picked":"hexamod:EmpoweredFlame","floor":12},{"not_picked":["hexamod:UnleashSpirits","hexamod:NightmareGuise"],"picked":"hexamod:Hexaguard","floor":13},{"not_picked":["hexamod:BacktrackSmack","hexamod:FlamesFromBeyond"],"picked":"hexamod:NightmareStrike","floor":15}],"player_experience":521780,"relics_obtained":[{"floor":7,"key":"Lantern"},{"floor":8,"key":"Smiling Mask"},{"floor":12,"key":"infinitespire:Lucky Rock"}],"event_choices":[{"damage_healed":0,"gold_gain":0,"player_choice":"Forge","damage_taken":0,"max_hp_gain":0,"max_hp_loss":0,"event_name":"Accursed Blacksmith","floor":14,"gold_loss":0,"cards_upgraded":["expansioncontent:StudyTheSpire"]}],"is_beta":false,"boss_relics":[],"items_purged_floors":[13],"is_endless":false,"potions_floor_spawned":[3,4,5,11,15],"killed_by":"DF_ARCHETYPE_STREAMLINE","ascension_level":0}}