{"host":"d02vqrhhew441p6s","time":1614392518,"event":{"mods":["BaseMod","Downfall","Duelist Mod","Halation","Infinite Spire","Minty Spire (QoL Compilation)","StSLib"],"gold_per_floor":[125,139,155,155,155,172,172,189,189,89,89,74,86,114,127,228,228,228,240,250,263,263,263,263],"floor_reached":23,"language":"ENG","playtime":997,"items_purged":[],"score":299,"play_id":"bdcbae5a-045b-4d9f-a3a4-ca26b4c2e0bd","local_time":"20210227032158","is_ascension_mode":true,"campfire_choices":[{"floor":1,"key":"RECALL"},{"data":"Regret","floor":10,"key":"SMITH"},{"data":"downfall:Malfunctioning","floor":18,"key":"SMITH"}],"circlet_count":0,"master_deck":["theDuelist:CastleWalls","theDuelist:DarkMagician","theDuelist:NeoMagic","theDuelist:RainbowMagician","theDuelist:Sparks+1","theDuelist:NeoMagic","theDuelist:DarkMagicianGirl","theDuelist:CastleWalls+1","theDuelist:MysticalElf","theDuelist:MagicalStone","AscendersBane","theDuelist:ExodiaLL","theDuelist:SkilledDarkMagician+1","theDuelist:Sparks","theDuelist:ExodiaRL","theDuelist:MysticalElf+1","theDuelist:Sparks","theDuelist:RainbowKuriboh","theDuelist:ExodiaNecross","theDuelist:InjectionFairy","theDuelist:TimeWizard+1","theDuelist:CurseAging","downfall:Aged","infinitespire:FutureSight"],"relics":["theDuelist:MillenniumPuzzle","theDuelist:CardPoolRelic","theDuelist:CardPoolBasicRelic","theDuelist:BoosterPackPoolRelic","theDuelist:CardPoolAddRelic","theDuelist:CardPoolMinusRelic","theDuelist:CardPoolSaveRelic","theDuelist:CardPoolOptionsRelic","halation:PrussianBluePaint","infinitespire:Golems Mask","Matryoshka","Bag of Marbles","downfall:HeartBlessingRed","Bottled Lightning","SlaversCollar"],"acts_visited":["Exordium","TheCity"],"potions_floor_usage":[19,23],"damage_taken":[{"damage":6,"enemies":"Jaw Worm","floor":2,"turns":4},{"damage":0,"enemies":"Small Slimes","floor":3,"turns":3},{"damage":0,"enemies":"2 Louse","floor":6,"turns":3},{"damage":0,"enemies":"Blue Slaver","floor":8,"turns":4},{"damage":0,"enemies":"downfall:FleeingMerchant","floor":12,"turns":4},{"damage":10,"enemies":"3 Louse","floor":13,"turns":2},{"damage":17,"enemies":"Gremlin Nob","floor":14,"turns":4},{"damage":0,"enemies":"downfall:LooterAlt","floor":15,"turns":2},{"damage":11,"enemies":"SI_SHIV_ARCHETYPE","floor":16,"turns":11},{"damage":11,"enemies":"Spheric Guardian","floor":19,"turns":4},{"damage":12,"enemies":"Shell Parasite","floor":20,"turns":7},{"damage":40,"enemies":"Cultist and Chosen","floor":21,"turns":5},{"damage":9,"enemies":"Nightmare","floor":23,"turns":3}],"seed_played":"-7420229466505321606","potions_obtained":[{"floor":13,"key":"theDuelist:SummonerBottle"},{"floor":15,"key":"SkillPotion"},{"floor":21,"key":"Ancient Potion"}],"is_trial":false,"path_per_floor":["R","M","M","?","T","M","T","M","?","R","?","$","M","E","M","B",null,"R","M","M","M","?","NM"],"character_chosen":"THE_DUELIST","items_purchased":[],"campfire_rested":0,"item_purchase_floors":[],"current_hp_per_floor":[72,66,66,66,66,66,66,66,66,66,66,66,56,39,39,28,67,67,56,44,8,8,0,0],"gold":263,"neow_bonus":"RANDOM_COMMON_RELIC","is_daily":false,"chose_seed":false,"campfire_upgraded":2,"win_rate":0.0,"timestamp":1614392518,"path_taken":["R","M","M","?","?","M","T","M","?","R","?","$","M","E","M","BOSS","R","M","M","M","?","NM"],"items_purchased_type":[],"build_version":"2020-12-22","purchased_purges":0,"victory":false,"max_hp_per_floor":[80,80,80,80,80,80,80,80,80,80,80,80,80,80,80,80,80,80,80,80,80,80,80,80],"card_choices":[{"not_picked":["theDuelist:RainbowDarkDragon","theDuelist:IrisEarthMother","theDuelist:RainbowKuriboh","theDuelist:RainbowOverdragon"],"picked":"theDuelist:RainbowMagician","floor":2},{"not_picked":["theDuelist:NeoMagic","theDuelist:BlizzardWarrior","theDuelist:AltarTribute","theDuelist:LegendaryExodia"],"picked":"theDuelist:DarkMagicianGirl","floor":3},{"not_picked":["theDuelist:BattleguardKing","theDuelist:EvilswarmHeliotrope","theDuelist:Hinotama","theDuelist:Sangan","theDuelist:PowerGiant"],"picked":"SKIP","floor":6},{"not_picked":["theDuelist:ExodiaLA","theDuelist:AlienTelepath","theDuelist:WhiteMagicalHat","theDuelist:ExodiaLL"],"picked":"theDuelist:SkilledDarkMagician","floor":8},{"not_picked":["theDuelist:BlizzardWarrior","theDuelist:SangaThunder","theDuelist:ThousandEyesIdol","theDuelist:AlienTelepath"],"picked":"theDuelist:ExodiaLL","floor":12},{"not_picked":["theDuelist:Sangan","theDuelist:GemArmadillo","theDuelist:WormWarlord","theDuelist:ReinforcementsArmy"],"picked":"theDuelist:MagicalStone","floor":13},{"not_picked":["theDuelist:LightningVortex","theDuelist:LabyrinthWall","theDuelist:MudragonSwamp","theDuelist:DarkFactory","theDuelist:BlackPendant"],"picked":"SKIP","floor":14},{"not_picked":["theDuelist:SpellShatteringArrow","theDuelist:FairyBox","theDuelist:MysticalElf","theDuelist:PowerKaishin"],"picked":"theDuelist:ExodiaRL","floor":15},{"not_picked":["theDuelist:RainbowDarkDragon","theDuelist:IrisEarthMother","theDuelist:RainbowMagician","theDuelist:RainbowOverdragon"],"picked":"theDuelist:RainbowKuriboh","floor":16},{"not_picked":["theDuelist:SilentDoom","theDuelist:IceQueen","theDuelist:CosmoBrain","theDuelist:CrystalWingDragon+1"],"picked":"theDuelist:ExodiaNecross","floor":19},{"not_picked":["theDuelist:SpellShatteringArrow","theDuelist:BlizzardWarrior","theDuelist:SangaThunder","theDuelist:InfernoFireBlast"],"picked":"theDuelist:InjectionFairy","floor":20},{"not_picked":["theDuelist:NeoMagic+1","theDuelist:InjectionFairy+1","theDuelist:WhiteMagicalHat","theDuelist:SpiritHarp"],"picked":"theDuelist:TimeWizard+1","floor":21},{"not_picked":["infinitespire:FinalStrike","infinitespire:TheBestDefense"],"picked":"infinitespire:FutureSight","floor":22}],"player_experience":640863,"relics_obtained":[{"floor":5,"key":"infinitespire:Golems Mask"},{"floor":7,"key":"Matryoshka"},{"floor":14,"key":"Bottled Lightning"}],"event_choices":[{"damage_healed":0,"gold_gain":0,"player_choice":"Box","damage_taken":0,"relics_obtained":["Bag of Marbles"],"max_hp_gain":0,"max_hp_loss":0,"event_name":"Big Fish","floor":9,"gold_loss":0,"cards_obtained":["Regret"]}],"is_beta":false,"boss_relics":[{"not_picked":["Tiny House","halation:Yufonium"],"picked":"SlaversCollar"}],"items_purged_floors":[],"is_endless":false,"potions_floor_spawned":[13,14,15,16,21],"killed_by":"Nightmare","ascension_level":11}}