{"host":"b1dzdo8uo7e6jx8g","time":1614453925,"event":{"mods":["AchievementEnabler","BaseMod","BetterRewards","Colored Map","Downfall","Highlight Path","Minty Spire (QoL Compilation)","StSLib"],"gold_per_floor":[119,119,79,99,115,146,146,146,195,195,213,246,257,257,257,257,257],"floor_reached":16,"language":"ENG","playtime":449,"items_purged":[],"score":176,"play_id":"ebfde5e9-0284-4d5b-a063-007e9b07d6be","local_time":"20210227202525","is_ascension_mode":true,"campfire_choices":[{"floor":7,"key":"REST"},{"data":"WaveOfTheHand","floor":10,"key":"SMITH"},{"data":"Judgement","floor":15,"key":"SMITH"}],"circlet_count":0,"master_deck":["Strike_P","Strike_P","Strike_P","Strike_P","Defend_P","Defend_P","Defend_P","Defend_P","Eruption","Vigilance","Tantrum","FlurryOfBlows","FollowUp","Swivel","WaveOfTheHand+1","FearNoEvil","Judgement+1","Study+1","Halt"],"relics":["PureWater","GremlinMask","Toy Ornithopter","Boot","Bronze Scales"],"acts_visited":["Exordium"],"potions_floor_usage":[12],"damage_taken":[{"damage":0,"enemies":"2 Louse","floor":1,"turns":1},{"damage":0,"enemies":"Cultist","floor":4,"turns":2},{"damage":12,"enemies":"Small Slimes","floor":5,"turns":3},{"damage":12,"enemies":"Gremlin Nob","floor":6,"turns":3},{"damage":8,"enemies":"Blue Slaver","floor":11,"turns":3},{"damage":9,"enemies":"3 Sentries","floor":12,"turns":4},{"damage":7,"enemies":"Gremlin Gang","floor":13,"turns":3},{"damage":48,"enemies":"The Guardian","floor":16,"turns":11}],"seed_played":"7762851166641978002","potions_obtained":[{"floor":1,"key":"LiquidMemories"},{"floor":11,"key":"bronze:BurnAndBuffPotion"},{"floor":12,"key":"hexamod:SoulburnPotion"}],"is_trial":false,"path_per_floor":["M","?","$","M","M","E","R","?","T","R","M","E","M","?","R","B"],"character_chosen":"WATCHER","items_purchased":["Tantrum","FlurryOfBlows","Swivel"],"campfire_rested":1,"item_purchase_floors":[0,0,3],"current_hp_per_floor":[67,67,67,67,55,43,64,64,64,64,56,52,45,45,45,0,0],"gold":257,"neow_bonus":"","is_daily":false,"chose_seed":false,"campfire_upgraded":2,"win_rate":0.0,"timestamp":1614453925,"path_taken":["M","?","$","M","?","E","R","?","T","R","M","E","M","?","R","BOSS"],"items_purchased_type":["Card","Card","Card"],"build_version":"2020-12-22","purchased_purges":0,"victory":false,"max_hp_per_floor":[72,72,72,72,72,72,72,72,72,72,72,72,72,72,72,72,72],"card_choices":[{"not_picked":["WreathOfFlame","Collect"],"picked":"FollowUp","floor":1},{"not_picked":["PathToVictory","CrushJoints"],"picked":"WaveOfTheHand","floor":4},{"not_picked":["Evaluate","PathToVictory","Protect"],"picked":"SKIP","floor":5},{"not_picked":["FlyingSleeves","Crescendo"],"picked":"FearNoEvil","floor":6},{"not_picked":["SashWhip","Crescendo"],"picked":"Judgement","floor":11},{"not_picked":["PathToVictory","Conclude"],"picked":"Study","floor":12},{"not_picked":["Collect","FearNoEvil"],"picked":"Halt","floor":13}],"player_experience":272514,"relics_obtained":[{"floor":6,"key":"Toy Ornithopter"},{"floor":9,"key":"Boot"},{"floor":12,"key":"Bronze Scales"}],"event_choices":[{"damage_healed":0,"gold_gain":0,"player_choice":"Trade","damage_taken":0,"relics_obtained":["GremlinMask"],"max_hp_gain":0,"max_hp_loss":0,"event_name":"FaceTrader","floor":2,"gold_loss":0},{"damage_healed":0,"gold_gain":0,"player_choice":"Leave","damage_taken":0,"max_hp_gain":0,"max_hp_loss":0,"event_name":"The Cleric","floor":8,"gold_loss":0},{"damage_healed":0,"gold_gain":0,"player_choice":"Upgraded","damage_taken":0,"max_hp_gain":0,"max_hp_loss":0,"event_name":"Upgrade Shrine","floor":14,"gold_loss":0,"cards_upgraded":["Study"]}],"is_beta":false,"boss_relics":[],"items_purged_floors":[],"is_endless":false,"potions_floor_spawned":[1,11,12],"killed_by":"The Guardian","ascension_level":2}}