{"host":"1focbxb2e8qu7ccd","time":1614450937,"event":{"mods":["AchievementEnabler","BaseMod","Bestiary","Highlight Path","Minty Spire (QoL Compilation)","Relic Stats"],"gold_per_floor":[112,128,140,140,150,150,150,150,176,176,191,221,232,266,266,362,362,378,378,102,122,135,169,169,94,94,109,109,109],"floor_reached":28,"language":"ENG","playtime":3884,"items_purged":[],"score":375,"play_id":"c199d5ca-0a0c-4db2-a4c7-ae358709e8f1","local_time":"20210227133537","is_ascension_mode":true,"campfire_choices":[{"data":"Cold Snap","floor":6.0,"key":"SMITH"},{"data":"Barrage","floor":8.0,"key":"SMITH"},{"data":"Doom and Gloom","floor":10.0,"key":"SMITH"},{"data":"Compile Driver","floor":15.0,"key":"SMITH"},{"floor":24,"key":"REST"}],"circlet_count":0,"master_deck":["AscendersBane","Dualcast","Doom and Gloom+1","Turbo","Barrage+1","Cold Snap+1","Sweeping Beam","Skim","Undo","Compile Driver+1","Seek","Sunder","White Noise","Loop","Rip and Tear","Melter","Capacitor","Machine Learning","Amplify","Core Surge","Heatsinks","Double Energy+1","Chill","Stack"],"relics":["Nuclear Battery","Strawberry","Oddly Smooth Stone","Lantern","Pandora\u0027s Box","Centennial Puzzle","Tiny Chest","Anchor"],"acts_visited":["Exordium","TheCity"],"potions_floor_usage":[18,21,27],"damage_taken":[{"damage":4.0,"enemies":"2 Louse","floor":1.0,"turns":3.0},{"damage":0.0,"enemies":"Small Slimes","floor":2.0,"turns":3.0},{"damage":12.0,"enemies":"Jaw Worm","floor":3.0,"turns":4.0},{"damage":8.0,"enemies":"Blue Slaver","floor":5.0,"turns":4.0},{"damage":1.0,"enemies":"Looter","floor":11.0,"turns":3.0},{"damage":10.0,"enemies":"3 Sentries","floor":12.0,"turns":5.0},{"damage":0.0,"enemies":"Large Slime","floor":13.0,"turns":4.0},{"damage":6.0,"enemies":"Lagavulin","floor":14.0,"turns":5.0},{"damage":15.0,"enemies":"Slime Boss","floor":16.0,"turns":8.0},{"damage":12,"enemies":"Chosen","floor":18,"turns":3},{"damage":11,"enemies":"2 Thieves","floor":21,"turns":2},{"damage":20,"enemies":"Cultist and Chosen","floor":22,"turns":4},{"damage":28,"enemies":"Gremlin Leader","floor":23,"turns":5},{"damage":0,"enemies":"Snecko","floor":27,"turns":3},{"damage":26,"enemies":"Book of Stabbing","floor":28,"turns":3}],"seed_played":"6748098782196398526","potions_obtained":[{"floor":3.0,"key":"SkillPotion"},{"floor":5.0,"key":"SteroidPotion"},{"floor":12.0,"key":"Ancient Potion"},{"floor":13.0,"key":"PotionOfCapacity"},{"floor":16.0,"key":"Regen Potion"},{"floor":22,"key":"Strength Potion"}],"is_trial":false,"path_per_floor":["M","M","M","?","M","R","?","R","T","R","M","E","M","E","R","B",null,"M","?","$","M","M","E","R","?","T","M","E"],"character_chosen":"DEFECT","items_purchased":["Core Surge","Centennial Puzzle","Fire Potion"],"campfire_rested":1,"item_purchase_floors":[20,20,20],"current_hp_per_floor":[64,64,52,52,44,44,29,29,36,36,35,25,25,19,19,4,63,60,60,60,49,29,1,25,25,25,25,0,0],"gold":109,"neow_bonus":"BOSS_RELIC","is_daily":false,"chose_seed":false,"campfire_upgraded":4,"win_rate":0.0,"timestamp":1614450937,"path_taken":["M","M","M","?","M","R","?","R","T","R","M","E","M","E","R","BOSS","M","?","$","M","M","E","R","?","T","M","E"],"items_purchased_type":["Card","Relic","Potion"],"build_version":"2020-12-22","purchased_purges":0,"victory":false,"max_hp_per_floor":[75,75,75,75,75,75,75,75,82,82,82,82,82,82,82,82,82,82,82,82,82,82,82,82,82,82,82,82,82],"relic_stats":{"Centennial Puzzle":[12],"counters":[15,59],"Pandora\u0027s Box":["Sunder","White Noise","Loop","Rip and Tear","Melter","Capacitor","Machine Learning","Amplify"],"Tiny Chest":0,"obtain_stats":[{"Lantern":14,"Centennial Puzzle":20,"Anchor":26,"Strawberry":9,"Oddly Smooth Stone":12,"Pandora\u0027s Box":17,"Tiny Chest":23,"Cracked Core":0,"Nuclear Battery":0},{"Lantern":8,"Centennial Puzzle":10,"Anchor":13,"Strawberry":4,"Oddly Smooth Stone":6,"Pandora\u0027s Box":9,"Tiny Chest":13,"Cracked Core":0,"Nuclear Battery":0},{"Lantern":31,"Centennial Puzzle":42,"Anchor":53,"Strawberry":14,"Oddly Smooth Stone":22,"Pandora\u0027s Box":39,"Tiny Chest":53,"Cracked Core":0,"Nuclear Battery":0}]},"card_choices":[{"not_picked":["Steam","Skim"],"picked":"Doom and Gloom","floor":1.0},{"not_picked":["Rebound","Darkness"],"picked":"Turbo","floor":2.0},{"not_picked":["Doom and Gloom","Coolheaded"],"picked":"Barrage","floor":3.0},{"not_picked":["Leap","Conserve Battery"],"picked":"Cold Snap","floor":5.0},{"not_picked":["Rebound","Chaos"],"picked":"Sweeping Beam","floor":11.0},{"not_picked":["Gash","Recycle"],"picked":"Skim","floor":12.0},{"not_picked":["Hello World","Reprogram"],"picked":"Undo","floor":13.0},{"not_picked":["Ball Lightning","Rip and Tear"],"picked":"Compile Driver","floor":14.0},{"not_picked":["Core Surge","Reboot"],"picked":"Seek","floor":16.0},{"not_picked":["Streamline","Rebound","Tempest"],"picked":"SKIP","floor":18},{"not_picked":["Rebound","Stack"],"picked":"Heatsinks","floor":21},{"not_picked":["Steam Power","Darkness+1"],"picked":"Double Energy+1","floor":22},{"not_picked":["Lockon+1","Melter+1"],"picked":"Chill","floor":23},{"not_picked":["Rebound","FTL"],"picked":"Stack","floor":27}],"player_experience":1050223,"relics_obtained":[{"floor":9.0,"key":"Strawberry"},{"floor":12.0,"key":"Oddly Smooth Stone"},{"floor":14.0,"key":"Lantern"},{"floor":23,"key":"Tiny Chest"},{"floor":26,"key":"Anchor"}],"event_choices":[{"damage_healed":0.0,"max_hp_gain":0.0,"max_hp_loss":0.0,"gold_gain":0.0,"event_name":"Liars Game","player_choice":"Ignored","floor":4.0,"gold_loss":0.0,"damage_taken":0.0},{"damage_healed":0.0,"max_hp_gain":0.0,"max_hp_loss":0.0,"gold_gain":0.0,"event_name":"Shining Light","player_choice":"Entered Light","floor":7.0,"gold_loss":0.0,"damage_taken":15.0,"cards_upgraded":["Defend_B","Strike_B"]},{"damage_healed":0,"gold_gain":0,"player_choice":"Ignored","damage_taken":0,"max_hp_gain":0,"max_hp_loss":0,"event_name":"Vampires","floor":19,"gold_loss":0},{"cards_removed":["Zap"],"damage_healed":0,"gold_gain":0,"player_choice":"Gave Gold","damage_taken":0,"max_hp_gain":0,"max_hp_loss":0,"event_name":"Beggar","floor":25,"gold_loss":75}],"is_beta":false,"boss_relics":[{"not_picked":["Fusion Hammer","Black Star"],"picked":"Pandora\u0027s Box"}],"items_purged_floors":[],"is_endless":false,"potions_floor_spawned":[3,5,12,13,16,22,23],"killed_by":"Book of Stabbing","ascension_level":10}}