{"host":"71mgpozmht821pzh","time":1614403752,"event":{"mods":["BaseMod","Downfall","Minty Spire (QoL Compilation)","Replay The Spire","StSLib"],"gold_per_floor":[110,127,147,159,159,191,191,217,217,292,316,316,351,379,466,575,575,600,160,210,15,38,80,103,145,145,36,55,82,102,137,137,241,341,352,394,416,416,436,475,475,475,475,539,558,596,615,634,634,634],"floor_reached":51,"language":"ENG","playtime":6722,"items_purged":["Strike_G","Strike_G","Strike_G"],"score":1120,"play_id":"665dfcba-0b19-439a-b785-dfe590cd2317","local_time":"20210226232912","daily_mods":["Allstar","Night Terrors"],"is_ascension_mode":true,"campfire_choices":[{"floor":7,"key":"REST"},{"data":"Neutralize","floor":12,"key":"SMITH"},{"data":"Slimebound:MassFeed","floor":32,"key":"SMITH"},{"data":"Malaise","floor":42,"key":"SMITH"},{"data":"Well Laid Plans","floor":49,"key":"SMITH"}],"circlet_count":0,"master_deck":["Strike_G+1","Strike_G","Defend_G+1","Defend_G+2","Defend_G+1","Defend_G+1","Defend_G+1","Survivor","Neutralize+1","ReplayTheSpireMod:Brewmster+1","Jack Of All Trades+1","Metamorphosis","Dramatic Entrance","Jack Of All Trades+1","Terror","Slimebound:GoopSpray","Slimebound:ComboTackle","Corpse Explosion","Escape Plan","Blade Dance","Riddle With Holes","Slimebound:SplitLeeching","Slimebound:MassFeed+1","Replay:Bag of Tricks","Deflect","Slimebound:LivingWall","Skewer","Deflect","Leg Sweep","Well Laid Plans+1","Malaise+1","Slimebound:GoopSpray","Slimebound:OozeBath","Dodge and Roll","Slimebound:GoopSpray","Slimebound:MegaLick+1","Bullet Time","Slimebound:SpikyOuterGoop+1","Footwork+1","Slimebound:GoopSpray+1"],"relics":["Ring of the Snake","Smiling Mask","Juzu Bracelet","CeramicFish","HornCleat","Painkiller Herb","Gremlin Horn","TheAbacus","Bag of Preparation","Simple Rune","Art of War","Ginger","War Paint","Replay:Bottled Eggs","Replay:Wanted Poster","Slimebound:PreparedRelic","Golden Egg","Calipers","PreservedInsect"],"acts_visited":["Exordium","TheCity","TheBeyond"],"potions_floor_usage":[2,2,3,4,4,6,6,6,8,11,13,13,13,16,16,16,16,16,18,23,23,24,25,25,28,30,30,30,31,31,33,33,33,33,35,37,37,40,40,40,44,44,45,46,46,46,46,46,50,50,50,50,50,50,50,50,50],"damage_taken":[{"damage":15,"enemies":"Small Slimes","floor":1,"turns":4},{"damage":0,"enemies":"Cultist","floor":2,"turns":3},{"damage":0,"enemies":"2 Louse","floor":3,"turns":4},{"damage":1,"enemies":"Exordium Thugs","floor":4,"turns":5},{"damage":16,"enemies":"Lagavulin","floor":6,"turns":7},{"damage":0,"enemies":"Replay:BlueRogue","floor":8,"turns":4},{"damage":0,"enemies":"Exordium Wildlife","floor":11,"turns":3},{"damage":0,"enemies":"Lagavulin","floor":13,"turns":4},{"damage":0,"enemies":"Red Slaver","floor":14,"turns":3},{"damage":7,"enemies":"The Guardian","floor":16,"turns":12},{"damage":0,"enemies":"Spheric Guardian","floor":18,"turns":3},{"damage":10,"enemies":"Chosen","floor":22,"turns":5},{"damage":6,"enemies":"Book of Stabbing","floor":23,"turns":6},{"damage":0,"enemies":"Shelled Parasite and Fungi","floor":24,"turns":5},{"damage":2,"enemies":"Slavers","floor":25,"turns":5},{"damage":0,"enemies":"Snake Plant","floor":28,"turns":5},{"damage":2,"enemies":"Replay:Snechameleon","floor":29,"turns":9},{"damage":0,"enemies":"Sentry and Sphere","floor":30,"turns":4},{"damage":1,"enemies":"Slavers","floor":31,"turns":6},{"damage":2,"enemies":"Collector","floor":33,"turns":10},{"damage":0,"enemies":"Orb Walker","floor":35,"turns":5},{"damage":0,"enemies":"3 Shapes","floor":36,"turns":12},{"damage":0,"enemies":"Sphere and 2 Shapes","floor":37,"turns":9},{"damage":6,"enemies":"3 Darklings","floor":39,"turns":3},{"damage":1,"enemies":"R_Hoarder","floor":40,"turns":8},{"damage":0,"enemies":"2 Orb Walkers","floor":44,"turns":3},{"damage":0,"enemies":"Maw","floor":45,"turns":7},{"damage":0,"enemies":"Nemesis","floor":46,"turns":13},{"damage":0,"enemies":"Sphere and 2 Shapes","floor":47,"turns":3},{"damage":0,"enemies":"3 Darklings","floor":48,"turns":3},{"damage":0,"enemies":"Replay:Hell Engine","floor":50,"turns":8}],"seed_played":"-5163977308231821710","potions_obtained":[{"floor":6,"key":"SkillPotion"},{"floor":13,"key":"Energy Potion"},{"floor":25,"key":"Poison Potion"},{"floor":30,"key":"Fruit Juice"},{"floor":31,"key":"Fire Potion"},{"floor":36,"key":"EssenceOfSteel"},{"floor":38,"key":"GhostInAJar"},{"floor":39,"key":"CultistPotion"},{"floor":44,"key":"Weak Potion"},{"floor":47,"key":"PowerPotion"}],"is_trial":true,"path_per_floor":["M","M","M","M","?","E","R","E","T","?","M","R","E","M","R","B",null,"?","T","?","T","?","E","?","E","T","T","?","E","?","E","T","B",null,"?","?","?","?","?","E","?","T","T","?","?","E","?","?","T","B",null],"character_chosen":"THE_SILENT","items_purchased":["Gremlin Horn","TheAbacus","Bag of Preparation","Well Laid Plans"],"campfire_rested":1,"item_purchase_floors":[19,19,21,27],"current_hp_per_floor":[48,48,48,47,47,31,65,65,65,54,54,54,54,54,54,50,64,64,64,64,64,54,48,51,67,67,67,70,71,74,84,84,86,96,100,104,108,108,102,105,105,105,105,109,113,127,131,131,131,135],"gold":634,"neow_bonus":"","is_daily":false,"chose_seed":false,"campfire_upgraded":4,"win_rate":0.0,"timestamp":1614403752,"path_taken":["M","M","M","M","?","E","R","E","T","?","M","R","E","M","R","BOSS","?","T","?","?","?","E","?","E","T","T","?","E","?","E","T","BOSS","?","?","?","?","?","E","?","T","T","?","?","E","?","?","T","BOSS"],"items_purchased_type":["Relic","Relic","Relic","Card"],"build_version":"2020-12-22","purchased_purges":3,"victory":true,"max_hp_per_floor":[70,70,70,70,70,70,65,65,65,65,65,65,65,65,65,68,68,68,68,68,68,68,68,71,75,75,75,78,81,84,95,95,99,99,103,107,111,111,111,115,115,115,115,119,123,127,131,131,131,135],"card_choices":[{"not_picked":["Quick Slash","Toxin Wave"],"picked":"Terror","floor":1},{"not_picked":["Dagger Spray","Prepared"],"picked":"Slimebound:GoopSpray","floor":2},{"not_picked":["Slimebound:LivingWall","Backflip"],"picked":"Slimebound:ComboTackle","floor":3},{"not_picked":["ReplayTheSpireMod:Tripwire","Prepared"],"picked":"Corpse Explosion","floor":4},{"not_picked":["Bouncing Flask","Hidden Blade"],"picked":"Escape Plan","floor":6},{"not_picked":["Reflex","Dagger Throw"],"picked":"Blade Dance","floor":8},{"not_picked":["Slimebound:Repurpose","Slimebound:LeechEnergy"],"picked":"Riddle With Holes","floor":11},{"not_picked":["Slimebound:ItLooksTasty","Blade Dance"],"picked":"Slimebound:SplitLeeching","floor":13},{"not_picked":["Outmaneuver","Slice"],"picked":"Slimebound:MassFeed","floor":14},{"not_picked":["Slimebound:Darklings","Slimebound:MassFeed"],"picked":"Replay:Bag of Tricks","floor":16},{"not_picked":["Slimebound:DivideAndConquer","Blade Dance"],"picked":"Deflect","floor":18},{"not_picked":["Slimebound:Chomp","Poisoned Stab+1"],"picked":"Slimebound:LivingWall","floor":22},{"not_picked":["Cloak And Dagger","Bane"],"picked":"Skewer","floor":23},{"not_picked":["Choke+1","Slimebound:Nibble"],"picked":"Deflect","floor":24},{"not_picked":["Slimebound:HauntingLick","Slimebound:ServeAndProtect"],"picked":"Leg Sweep","floor":25},{"not_picked":["Tactician","Slimebound:HungryTackle"],"picked":"Malaise","floor":28},{"not_picked":["Slimebound:Grow","Poisoned Stab+1","Flechettes"],"picked":"SKIP","floor":29},{"not_picked":["Underhanded Strike","Slimebound:LevelUp"],"picked":"Slimebound:GoopSpray","floor":30},{"not_picked":["Slimebound:RollThrough","Slimebound:SplitAcid","Catalyst"],"picked":"SKIP","floor":31},{"not_picked":["Slimebound:OneTwoCombo","Slimebound:CheckThePlaybook"],"picked":"Slimebound:OozeBath","floor":33},{"not_picked":["Slimebound:SlimeBrawl+1","Slimebound:LevelUp","Slimebound:FinishingTackle"],"picked":"SKIP","floor":35},{"not_picked":["Slimebound:SplitBruiser+1","Slimebound:FinishingTackle"],"picked":"Dodge and Roll","floor":36},{"not_picked":["Slimebound:AcidTongue","Blade Dance+1"],"picked":"Slimebound:GoopSpray","floor":37},{"not_picked":["Setup","Slimebound:ItLooksTasty+1"],"picked":"Slimebound:MegaLick+1","floor":39},{"not_picked":["Slimebound:SplitLeeching+1","Slimebound:ItLooksTasty"],"picked":"Bullet Time","floor":40},{"not_picked":["ReplayTheSpireMod:Shiv Toss+1","Blade Dance+1"],"picked":"Slimebound:SpikyOuterGoop+1","floor":44},{"not_picked":["Deadly Poison+1","Slimebound:Grow","Outmaneuver"],"picked":"SKIP","floor":45},{"not_picked":["Slimebound:LivingWall","Deadly Poison+1"],"picked":"Footwork+1","floor":46},{"not_picked":["Slimebound:Grow+1","Dagger Throw"],"picked":"Slimebound:GoopSpray+1","floor":47},{"not_picked":["Poisoned Stab+1","Slimebound:HungryTackle+1","Slimebound:ProtectTheBoss+1"],"picked":"SKIP","floor":48}],"player_experience":6592406,"relics_obtained":[{"floor":6,"key":"Smiling Mask"},{"floor":8,"key":"Juzu Bracelet"},{"floor":9,"key":"CeramicFish"},{"floor":13,"key":"HornCleat"},{"floor":23,"key":"Simple Rune"},{"floor":25,"key":"Art of War"},{"floor":26,"key":"Ginger"},{"floor":29,"key":"War Paint"},{"floor":31,"key":"Replay:Bottled Eggs"},{"floor":40,"key":"Slimebound:PreparedRelic"},{"floor":43,"key":"Golden Egg"},{"floor":44,"key":"Calipers"},{"floor":46,"key":"PreservedInsect"}],"event_choices":[{"damage_healed":0,"gold_gain":0,"player_choice":"Upgraded","damage_taken":0,"max_hp_gain":0,"max_hp_loss":0,"event_name":"Upgrade Shrine","floor":5,"gold_loss":0,"cards_upgraded":["ReplayTheSpireMod:Brewmster"]},{"damage_healed":0,"gold_gain":75,"player_choice":"Gather Gold","damage_taken":11,"max_hp_gain":0,"max_hp_loss":0,"event_name":"World of Goop","floor":10,"gold_loss":0},{"damage_healed":0,"gold_gain":100,"player_choice":"Bet on Murderer","damage_taken":0,"max_hp_gain":0,"max_hp_loss":0,"event_name":"The Joust","floor":20,"gold_loss":50},{"damage_healed":0,"gold_gain":0,"player_choice":"Got Potions","damage_taken":0,"max_hp_gain":0,"max_hp_loss":0,"event_name":"Lab","floor":38,"gold_loss":0},{"damage_healed":0,"gold_gain":0,"player_choice":"Ignored","damage_taken":0,"max_hp_gain":0,"max_hp_loss":0,"event_name":"Tomb of Lord Red Mask","floor":41,"gold_loss":0},{"damage_healed":0,"gold_gain":0,"player_choice":"Fight","damage_taken":0,"max_hp_gain":0,"max_hp_loss":0,"event_name":"Mysterious Sphere","floor":44,"gold_loss":0}],"is_beta":false,"boss_relics":[{"not_picked":["Tiny House","expansioncontent:StudyCardRelic"],"picked":"Painkiller Herb"},{"not_picked":["SacredBark","Black Star"],"picked":"Replay:Wanted Poster"}],"items_purged_floors":[19,21,27],"is_endless":false,"potions_floor_spawned":[1,6,11,13,23,25,30,31,33,36,37,39,44,47],"ascension_level":9}}