{"host":"w7luwlzeuqu3cdo6","time":1614429980,"event":{"mods":["BaseMod","Better Third Choice","Conspire","Energized Spire","Infinite Spire","Minty Spire (QoL Compilation)","StSLib"],"gold_per_floor":[116,136,147,147,164,164,192,211,290,310,320,31,60,60,60,164,164,184,184,184,184,194,194,225,150,150,162,162,173,204,204,204],"floor_reached":31,"language":"ENG","playtime":2135,"items_purged":["Strike_R"],"score":312,"play_id":"eb0e762c-285d-4a78-8c64-bb865a63c736","local_time":"20210227134620","is_ascension_mode":false,"campfire_choices":[{"data":"Brutality","floor":6,"key":"SMITH"},{"floor":15,"key":"REST"},{"data":"1","floor":23,"key":"LIFT"},{"data":"2","floor":28,"key":"LIFT"}],"circlet_count":0,"master_deck":["Strike_R","Strike_R","Defend_R","Defend_R","Bash","Clash","Ghostly Armor","Brutality+1","Shrug It Off","Shrug It Off","Bloodletting","Flex","Dark Embrace","infinitespire:Collect","Barricade","Pummel","RitualDagger","Metallicize","infinitespire:UltimateForm"],"relics":["Burning Blood","Torii","infinitespire:Joker Card","Pantograph","Strange Spoon","Bronze Scales","Girya","Empty Cage","Singing Bowl","conspire:Boomerang","infinitespire:WardingShard","Singing Bowl"],"acts_visited":["Exordium","TheCity"],"potions_floor_usage":[5,7,7,16,24,30,30,31],"damage_taken":[{"damage":1,"enemies":"Cultist","floor":1,"turns":3},{"damage":0,"enemies":"2 Louse","floor":2,"turns":2},{"damage":8,"enemies":"infinitespire:Voidling","floor":3,"turns":4},{"damage":5,"enemies":"Gremlin Gang","floor":5,"turns":6},{"damage":11,"enemies":"3 Sentries","floor":7,"turns":10},{"damage":3,"enemies":"Red Slaver","floor":8,"turns":4},{"damage":4,"enemies":"Looter","floor":10,"turns":2},{"damage":7,"enemies":"Large Slime","floor":11,"turns":5},{"damage":48,"enemies":"Gremlin Nob","floor":13,"turns":5},{"damage":25,"enemies":"Slime Boss","floor":16,"turns":5},{"damage":5,"enemies":"Shell Parasite","floor":18,"turns":3},{"damage":5,"enemies":"Chosen","floor":22,"turns":3},{"damage":22,"enemies":"Gremlin Leader","floor":24,"turns":4},{"damage":6,"enemies":"Snecko","floor":27,"turns":4},{"damage":17,"enemies":"Centurion and Healer","floor":29,"turns":6},{"damage":43,"enemies":"Nightmare","floor":30,"turns":9},{"damage":11,"enemies":"Chosen and Byrds","floor":31,"turns":5}],"seed_played":"1514893390620777729","potions_obtained":[{"floor":1,"key":"Block Potion"},{"floor":4,"key":"PowerPotion"},{"floor":4,"key":"CultistPotion"},{"floor":4,"key":"HeartOfIron"},{"floor":13,"key":"Energy Potion"},{"floor":16,"key":"SteroidPotion"},{"floor":24,"key":"SkillPotion"},{"floor":29,"key":"PowerPotion"},{"floor":30,"key":"LiquidBronze"}],"is_trial":false,"path_per_floor":["M","M","M","?","M","R","E","M","T","M","M","$","E","?","R","B",null,"M","?","AVR","?","M","R","E","?","T","M","R","M","NM","M"],"character_chosen":"IRONCLAD","items_purchased":["Strange Spoon","Bronze Scales"],"campfire_rested":1,"item_purchase_floors":[12,12],"current_hp_per_floor":[72,72,72,72,72,72,67,70,70,72,71,71,29,11,32,38,72,72,72,72,66,69,69,55,55,55,55,55,46,11,0,0],"gold":204,"neow_bonus":"ONE_RARE_RELIC","is_daily":false,"chose_seed":false,"campfire_upgraded":1,"win_rate":0.0,"timestamp":1614429980,"path_taken":["M","M","?","?","?","R","E","M","T","?","M","?","E","?","R","BOSS","M","?","AVR","?","M","R","E","?","T","M","R","M","NM","M"],"items_purchased_type":["Relic","Relic"],"build_version":"2020-12-22","purchased_purges":1,"victory":false,"max_hp_per_floor":[72,72,72,72,72,72,72,72,72,72,72,72,72,72,72,72,72,72,72,72,72,74,74,76,76,76,76,76,78,80,80,80],"card_choices":[{"not_picked":["Clothesline","Dual Wield"],"picked":"Clash","floor":1},{"not_picked":["Cleave","Havoc"],"picked":"Ghostly Armor","floor":2},{"not_picked":["Infernal Blade","Combust"],"picked":"Brutality","floor":3},{"not_picked":["Warcry","Battle Trance"],"picked":"Shrug It Off","floor":5},{"not_picked":["Heavy Blade","Shockwave"],"picked":"Shrug It Off","floor":7},{"not_picked":["Warcry","Shrug It Off"],"picked":"Bloodletting","floor":8},{"not_picked":["Headbutt","Cleave"],"picked":"Flex","floor":10},{"not_picked":["Dark Embrace","Uppercut","Bloodletting"],"picked":"SKIP","floor":11},{"not_picked":["Second Wind","Dual Wield"],"picked":"Dark Embrace","floor":13},{"not_picked":["infinitespire:Punishment","infinitespire:Oblivion"],"picked":"infinitespire:Collect","floor":14},{"not_picked":["Fiend Fire","Brutality"],"picked":"Barricade","floor":16},{"not_picked":["Warcry","Burning Pact"],"picked":"Pummel","floor":18},{"not_picked":["Iron Wave","Flex","Sword Boomerang"],"picked":"Singing Bowl","floor":22},{"not_picked":["Perfected Strike+1","Shrug It Off","Infernal Blade"],"picked":"Singing Bowl","floor":24},{"not_picked":["Twin Strike+1","Second Wind"],"picked":"Metallicize","floor":27},{"not_picked":["Clothesline+1","Shrug It Off","conspire:ExplosiveBarrier"],"picked":"Singing Bowl","floor":29},{"not_picked":["infinitespire:Punishment","infinitespire:Execution"],"picked":"infinitespire:UltimateForm","floor":30},{"not_picked":["Sword Boomerang","Searing Blow","Uppercut+1"],"picked":"Singing Bowl","floor":30}],"player_experience":232574,"relics_obtained":[{"floor":7,"key":"infinitespire:Joker Card"},{"floor":9,"key":"Pantograph"},{"floor":13,"key":"Girya"},{"floor":24,"key":"conspire:Boomerang"},{"floor":26,"key":"infinitespire:WardingShard"},{"floor":30,"key":"Singing Bowl"}],"event_choices":[{"damage_healed":0,"gold_gain":0,"player_choice":"Got Potions","damage_taken":0,"max_hp_gain":0,"max_hp_loss":0,"event_name":"Lab","floor":4,"gold_loss":0},{"cards_removed":["Strike_R"],"damage_healed":0,"gold_gain":0,"player_choice":"Elegance","damage_taken":0,"max_hp_gain":0,"max_hp_loss":0,"event_name":"betterThird:BetterWriting","floor":19,"gold_loss":0},{"damage_healed":0,"gold_gain":0,"player_choice":"Dagger","damage_taken":6,"max_hp_gain":0,"max_hp_loss":0,"event_name":"betterThird:BetterNest","floor":21,"gold_loss":0,"cards_obtained":["RitualDagger"]},{"cards_removed":["Strike_R"],"damage_healed":0,"gold_gain":0,"player_choice":"Gave Gold","damage_taken":0,"max_hp_gain":0,"max_hp_loss":0,"event_name":"Beggar","floor":25,"gold_loss":75}],"is_beta":false,"boss_relics":[{"not_picked":["Runic Cube","energizedSpire:CursedPentagram"],"picked":"Empty Cage"}],"items_purged_floors":[20],"is_endless":true,"potions_floor_spawned":[1,13,16,24,29,30],"killed_by":"Chosen and Byrds","ascension_level":0}}