{"host":"l15sdf2mmi0nobpi","time":1614400022,"event":{"mods":["ATMod(°¢èªMod)","BaseMod","Highlight Path","Minty Spire (QoL Compilation)","Quick Restart","StSLib","¡¾¹¦ÄÜMod¡¿Neow½±Àø"],"gold_per_floor":[10,10,30,30,30,30,70,85,85,126,51,85,104,139,139,233,233,254,272,272,293,293,293],"floor_reached":22,"language":"ZHS","playtime":1798,"items_purged":["Strike_R"],"score":478,"play_id":"30d04c86-a569-485f-b463-df4e92fbbb43","local_time":"20210227122702","is_ascension_mode":true,"campfire_choices":[{"data":"Shrug It Off","floor":6.0,"key":"SMITH"},{"data":"Shockwave","floor":15.0,"key":"SMITH"}],"circlet_count":0,"master_deck":["AscendersBane","Strike_R","Strike_R","Defend_R","Defend_R","Defend_R","Defend_R","Bash","AT_BodySlamDance+1","Shrug It Off+1","Power Through","Shockwave+1","Exhume+1","Armaments+1"],"relics":["Burning Blood","AT_ATBox","Golden Idol","StoneCalendar","MealTicket","Pantograph","AT_ArcaneBoots","Paper Frog","AT_TimeSand","Philosopher\u0027s Stone"],"acts_visited":["Exordium","TheCity"],"potions_floor_usage":[21],"damage_taken":[{"damage":11.0,"enemies":"Jaw Worm","floor":1.0,"turns":5.0},{"damage":7.0,"enemies":"Small Slimes","floor":3.0,"turns":3.0},{"damage":10.0,"enemies":"Lagavulin","floor":7.0,"turns":7.0},{"damage":0.0,"enemies":"Cultist","floor":8.0,"turns":2.0},{"damage":0.0,"enemies":"Gremlin Nob","floor":10.0,"turns":2.0},{"damage":5.0,"enemies":"Lagavulin","floor":12.0,"turns":7.0},{"damage":0.0,"enemies":"Exordium Wildlife","floor":13.0,"turns":3.0},{"damage":10.0,"enemies":"3 Sentries","floor":14.0,"turns":7.0},{"damage":24.0,"enemies":"Hexaghost","floor":16.0,"turns":5.0},{"damage":22,"enemies":"Shell Parasite","floor":18,"turns":5},{"damage":13,"enemies":"2 Thieves","floor":19,"turns":2},{"damage":8,"enemies":"Chosen and Byrds","floor":21,"turns":7},{"damage":17,"enemies":"Shelled Parasite and Fungi","floor":22,"turns":2}],"seed_played":"907731484198366300","potions_obtained":[{"floor":1.0,"key":"SteroidPotion"},{"floor":7.0,"key":"SkillPotion"},{"floor":10.0,"key":"LiquidMemories"},{"floor":13.0,"key":"DistilledChaos"},{"floor":19,"key":"BloodPotion"},{"floor":21,"key":"ColorlessPotion"}],"is_trial":false,"path_per_floor":["M","?","M","?","T","R","E","M","T","E","$","E","M","E","R","B",null,"M","M","?","M","M"],"character_chosen":"IRONCLAD","items_purchased":[],"campfire_rested":0,"item_purchase_floors":[],"current_hp_per_floor":[63,63,62,62,62,62,58,64,64,68,68,68,68,64,64,50,64,48,41,41,52,35,35],"gold":293,"neow_bonus":"REMOVE_TWO","is_daily":false,"chose_seed":false,"campfire_upgraded":2,"win_rate":0.0,"timestamp":1614400022,"path_taken":["M","?","M","?","?","R","E","M","T","E","$","E","M","E","R","BOSS","M","M","?","M","M"],"items_purchased_type":[],"build_version":"2020-12-22","purchased_purges":1,"victory":false,"max_hp_per_floor":[75,68,68,68,68,68,68,68,68,68,68,68,68,68,68,68,68,68,68,68,68,68,68],"card_choices":[{"not_picked":["Second Wind","Body Slam"],"picked":"Shrug It Off","floor":1.0},{"not_picked":["Thunderclap","Ghostly Armor","Twin Strike"],"picked":"SKIP","floor":3.0},{"not_picked":["Intimidate","Flame Barrier"],"picked":"Power Through","floor":7.0},{"not_picked":["Flex","Cleave"],"picked":"Shockwave","floor":8.0},{"not_picked":["Thunderclap","AT_DrawKnifeCut","Sword Boomerang"],"picked":"SKIP","floor":10.0},{"not_picked":["Combust","Whirlwind"],"picked":"Exhume","floor":12.0},{"not_picked":["Carnage","Inflame","Havoc"],"picked":"SKIP","floor":13.0},{"not_picked":["Carnage","Inflame","Havoc"],"picked":"SKIP","floor":13.0},{"not_picked":["Dropkick","AT_DrawKnifeCut","Blood for Blood"],"picked":"SKIP","floor":14.0},{"not_picked":["Wild Strike","Cleave","Pommel Strike"],"picked":"SKIP","floor":18},{"not_picked":["Havoc","Thunderclap","Combust+1"],"picked":"SKIP","floor":19},{"not_picked":["Havoc","Thunderclap+1"],"picked":"Armaments+1","floor":21}],"player_experience":646230,"relics_obtained":[{"floor":5.0,"key":"StoneCalendar"},{"floor":7.0,"key":"MealTicket"},{"floor":9.0,"key":"Pantograph"},{"floor":10.0,"key":"AT_SpeedBoots"},{"floor":12.0,"key":"Paper Frog"},{"floor":14.0,"key":"AT_TimeSand"}],"event_choices":[{"damage_healed":0.0,"max_hp_gain":0.0,"max_hp_loss":7.0,"gold_gain":0.0,"event_name":"Golden Idol","player_choice":"Lose Max HP","floor":2.0,"gold_loss":0.0,"damage_taken":0.0,"relics_obtained":["Golden Idol"]},{"damage_healed":0.0,"max_hp_gain":0.0,"max_hp_loss":0.0,"gold_gain":0.0,"event_name":"Living Wall","player_choice":"Grow","floor":4.0,"gold_loss":0.0,"damage_taken":0.0,"cards_upgraded":["AT_BodySlamDance"]},{"damage_healed":0,"gold_gain":0,"player_choice":"Upgraded","damage_taken":0,"max_hp_gain":0,"max_hp_loss":0,"event_name":"Upgrade Shrine","floor":20,"gold_loss":0,"cards_upgraded":["Exhume"]}],"is_beta":false,"boss_relics":[{"not_picked":["Velvet Choker","Pandora\u0027s Box"],"picked":"Philosopher\u0027s Stone"}],"items_purged_floors":[11],"is_endless":false,"potions_floor_spawned":[1,7,10,13,19,21],"killed_by":"Shelled Parasite and Fungi","ascension_level":20}}