{"host":"acp8fcjw1lwgtbwr","time":1614403825,"event":{"mods":["AchievementEnabler","BaseMod","Colored Map","Colored Powertips","Highlight Path","Minty Spire (QoL Compilation)","StSLib"],"gold_per_floor":[109,69,69,69,82,82,82,121,121,121,121,46,67,102,102,221,221,242,142,142,142,160,160,193,108,162,162,162,5,5,21,21,21,21],"floor_reached":33,"language":"ENG","playtime":1630,"items_purged":["Strike_G","Strike_G"],"score":553,"play_id":"f61f05ef-1d3b-41e2-a4fd-7896d54a48af","local_time":"20210227003025","is_ascension_mode":true,"campfire_choices":[{"data":"Neutralize","floor":6,"key":"SMITH"},{"data":"Sucker Punch","floor":11,"key":"SMITH"},{"floor":15,"key":"REST"},{"data":"Glass Knife","floor":23,"key":"SMITH"},{"floor":28,"key":"REST"},{"data":"Unload","floor":30,"key":"SMITH"},{"data":"Well Laid Plans","floor":32,"key":"SMITH"}],"circlet_count":0,"master_deck":["AscendersBane","Strike_G+1","Strike_G+1","Strike_G+1","Defend_G+1","Defend_G+1","Defend_G+1","Defend_G+1","Defend_G+1","Survivor+1","Neutralize+1","Dagger Throw","Well Laid Plans+1","Injury","Sucker Punch+1","Parasite","Dagger Spray","Glass Knife+1","Writhe","Unload+1","Normality"],"relics":["Ring of the Snake","Du-Vu Doll","Golden Idol","NlothsMask","CaptainsWheel","Bag of Marbles","Cursed Key","Dream Catcher","Unceasing Top","Juzu Bracelet","Art of War","Blood Vial"],"acts_visited":["Exordium","TheCity"],"potions_floor_usage":[14,16,22],"damage_taken":[{"damage":1,"enemies":"Jaw Worm","floor":1,"turns":6},{"damage":0,"enemies":"Small Slimes","floor":5,"turns":5},{"damage":42,"enemies":"3 Sentries","floor":8,"turns":10},{"damage":0,"enemies":"Cultist","floor":13,"turns":2},{"damage":0,"enemies":"Gremlin Nob","floor":14,"turns":2},{"damage":27,"enemies":"Hexaghost","floor":16,"turns":12},{"damage":11,"enemies":"Spheric Guardian","floor":18,"turns":3},{"damage":0,"enemies":"2 Thieves","floor":22,"turns":3},{"damage":31,"enemies":"Gremlin Leader","floor":24,"turns":10},{"damage":0,"enemies":"Shelled Parasite and Fungi","floor":31,"turns":2},{"damage":55,"enemies":"Automaton","floor":33,"turns":6}],"seed_played":"-4782106779282373155","potions_obtained":[{"floor":8,"key":"Block Potion"},{"floor":13,"key":"CunningPotion"},{"floor":18,"key":"Swift Potion"}],"is_trial":false,"path_per_floor":["M","$","?","?","M","R","?","E","T","?","R","$","M","E","R","B",null,"M","$","?","?","M","R","E","?","T","?","R","$","R","M","R","B"],"character_chosen":"THE_SILENT","items_purchased":["Well Laid Plans","Blood Vial"],"campfire_rested":2,"item_purchase_floors":[2,29],"current_hp_per_floor":[44,44,44,44,44,44,49,7,7,25,25,25,25,25,47,20,61,50,50,50,50,50,50,19,19,19,19,41,41,41,43,43,0,0],"gold":21,"neow_bonus":"ONE_RARE_RELIC","is_daily":false,"chose_seed":false,"campfire_upgraded":5,"win_rate":0.0,"timestamp":1614403825,"path_taken":["M","$","?","?","?","R","?","E","T","?","R","?","M","E","R","BOSS","M","$","?","?","M","R","E","?","T","?","R","$","R","M","R","BOSS"],"items_purchased_type":["Card","Relic"],"build_version":"2020-12-22","purchased_purges":2,"victory":false,"max_hp_per_floor":[70,70,70,70,70,70,75,75,75,75,75,75,75,75,75,75,75,75,75,75,75,75,75,75,75,75,75,75,75,75,75,75,75,75],"card_choices":[{"not_picked":["Underhanded Strike","Quick Slash"],"picked":"Dagger Throw","floor":1},{"not_picked":["Deadly Poison","Underhanded Strike"],"picked":"Sucker Punch","floor":5},{"not_picked":["Bane","Dagger Throw","Riddle With Holes"],"picked":"SKIP","floor":8},{"not_picked":["Riddle With Holes","Flechettes","Acrobatics"],"picked":"SKIP","floor":13},{"not_picked":["Masterful Stab","Dagger Throw"],"picked":"Dagger Spray","floor":14},{"not_picked":["Envenom","Wraith Form v2"],"picked":"Glass Knife","floor":16},{"not_picked":["Underhanded Strike","Dodge and Roll","Deadly Poison"],"picked":"SKIP","floor":18},{"not_picked":["PiercingWail","Accuracy","Outmaneuver"],"picked":"SKIP","floor":22},{"not_picked":["Bouncing Flask","Setup+1"],"picked":"Unload","floor":24},{"not_picked":["Setup","Underhanded Strike","PiercingWail+1"],"picked":"SKIP","floor":31}],"player_experience":2641940,"relics_obtained":[{"floor":8,"key":"CaptainsWheel"},{"floor":14,"key":"Bag of Marbles"},{"floor":24,"key":"Unceasing Top"},{"floor":26,"key":"Art of War"}],"event_choices":[{"damage_healed":0,"gold_gain":0,"player_choice":"Take Wound","damage_taken":0,"relics_obtained":["Golden Idol"],"max_hp_gain":0,"max_hp_loss":0,"event_name":"Golden Idol","floor":3,"gold_loss":0,"cards_obtained":["Injury"]},{"damage_healed":0,"gold_gain":0,"player_choice":"Trade","damage_taken":0,"relics_obtained":["NlothsMask"],"max_hp_gain":0,"max_hp_loss":0,"event_name":"FaceTrader","floor":4,"gold_loss":0},{"damage_healed":0,"gold_gain":0,"player_choice":"Donut","damage_taken":0,"max_hp_gain":5,"max_hp_loss":0,"event_name":"Big Fish","floor":7,"gold_loss":0},{"damage_healed":18,"gold_gain":0,"player_choice":"Healed and dodged fight","damage_taken":0,"max_hp_gain":0,"max_hp_loss":0,"event_name":"Mushrooms","floor":10,"gold_loss":0,"cards_obtained":["Parasite"]},{"damage_healed":0,"gold_gain":0,"player_choice":"Opened","damage_taken":0,"relics_obtained":["Dream Catcher"],"max_hp_gain":0,"max_hp_loss":0,"event_name":"The Mausoleum","floor":20,"gold_loss":0,"cards_obtained":["Writhe"]},{"damage_healed":0,"gold_gain":0,"player_choice":"Simplicity","damage_taken":0,"max_hp_gain":0,"max_hp_loss":0,"event_name":"Back to Basics","floor":21,"gold_loss":0,"cards_upgraded":["Strike_G","Strike_G","Strike_G","Defend_G","Defend_G","Defend_G","Defend_G","Defend_G"]},{"damage_healed":0,"gold_gain":0,"player_choice":"Obtained Relic","damage_taken":0,"relics_obtained":["Juzu Bracelet"],"max_hp_gain":0,"max_hp_loss":0,"event_name":"Addict","floor":25,"gold_loss":85},{"damage_healed":0,"gold_gain":0,"player_choice":"Forge","damage_taken":0,"max_hp_gain":0,"max_hp_loss":0,"event_name":"Accursed Blacksmith","floor":27,"gold_loss":0,"cards_upgraded":["Survivor"]}],"is_beta":false,"boss_relics":[{"not_picked":["Busted Crown","Runic Pyramid"],"picked":"Cursed Key"}],"items_purged_floors":[12,19],"is_endless":false,"potions_floor_spawned":[8,13,18],"killed_by":"Automaton","ascension_level":11}}