{"host":"dv29tre2e7vje47n","time":1614430745,"event":{"mods":["AchievementEnabler","BaseMod","Beaked The Cultist","Better Altar","Better Match","Better Note","Better Skull","Better Third Choice","BetterRewards","Block Reminder","Bossed Relics","Colored Map","Colored Powertips","DeckTracker","Displayed Cursed Tome","Downfall","Friendly Minions","Googly Eyes","Highlight Path","Key Reminder","Minty Spire (QoL Compilation)","Quick Restart","Random Character Button","Rare Cards Sparkle","Relic Sorter","Relic Stats","Replay The Spire","Spire Arcade","Spire Birthday Party","StSLib","SuperFastMode","Unceasing Turn Reminder","Weighted Paths"],"gold_per_floor":[366,366,366,366,366,366,379,410,427,462,462,637,637,637,113,126,126,222,222,233,248,272,291,301,329,329,345,396,396,44,59,59,69,69,174,174,194,218,229,229,245,245,74,84,84,110,157,187,233,265,277,189],"floor_reached":53,"language":"ENG","playtime":2492,"items_purged":["Normality"],"score":976,"play_id":"ac5c1b3b-d8c0-4c48-8302-75144f6aab0d","local_time":"20210227135905","is_ascension_mode":false,"campfire_choices":[{"data":"Body Slam","floor":13.0,"key":"SMITH"},{"data":"Fire Breathing","floor":17.0,"key":"SMITH"},{"data":"Whirlwind","floor":26,"key":"SMITH"},{"data":"Clothesline","floor":29,"key":"SMITH"},{"data":"Eclipse","floor":32,"key":"SMITH"},{"data":"Discovery","floor":34,"key":"SMITH"},{"data":"Juggernaut","floor":42,"key":"SMITH"},{"data":"ReplayUltimateDefense","floor":51,"key":"SMITH"}],"circlet_count":0,"master_deck":["Strike_R","Strike_R","Strike_R","Strike_R","Strike_R","Defend_R","Defend_R","Defend_R+1","Defend_R","Bash+1","Fire Breathing+1","Clumsy","Offering","Body Slam+1","Shrug It Off+1","Whirlwind+1","Pain","Doubt","ReplayTheSpireMod:Strike From Hell","Finesse","Power Through","Reaper","Clothesline+1","downfall:Aged","Iron Wave+1","downfall:Haunted","Injury","Discovery+1","Eclipse+1","Juggernaut+1","ReplayTheSpireMod:Restless Dread","Spreading Infection","Pain","ReplayUltimateDefense+1","Disarm","ReplayTheSpireMod:Faulty Equipment","Replay:Hysterical Blindness"],"relics":["Burning Blood","downfall:ExtraCursedKey","Gambling Chip","ReplayTheSpireMod:Shallot","Divine Protection","ReplayTheSpireMod:TigerMarble","War Paint","Mark of Pain","Happy Flower","Pet Ghost","Blue Doll","Replay:Bottled Steam","Snecko Heart","Boot","WarpedTongs","MawBank","Bag of Preparation","ReplayFunnel"],"acts_visited":["Exordium","TheCity","TheBeyond"],"potions_floor_usage":[25,52,52,52,52,52],"damage_taken":[{"damage":1.0,"enemies":"2 Louse","floor":1.0,"turns":4.0},{"damage":0.0,"enemies":"Small Slimes","floor":7.0,"turns":3.0},{"damage":31.0,"enemies":"Gremlin Nob","floor":8.0,"turns":4.0},{"damage":1.0,"enemies":"Cultist","floor":9.0,"turns":3.0},{"damage":16.0,"enemies":"Lagavulin","floor":10.0,"turns":4.0},{"damage":0.0,"enemies":"3 Louse","floor":16.0,"turns":1.0},{"damage":3.0,"enemies":"The Guardian","floor":18.0,"turns":7.0},{"damage":2.0,"enemies":"Chosen","floor":20.0,"turns":5.0},{"damage":0.0,"enemies":"3 Byrds","floor":21.0,"turns":3.0},{"damage":0.0,"enemies":"Snake Plant","floor":23.0,"turns":4.0},{"damage":7.0,"enemies":"Centurion and Healer","floor":24.0,"turns":7.0},{"damage":49,"enemies":"Book of Stabbing","floor":25,"turns":6},{"damage":5,"enemies":"Chosen and Byrds","floor":27,"turns":7},{"damage":0,"enemies":"Snake Plant","floor":31,"turns":5},{"damage":0,"enemies":"3 Cultists","floor":33,"turns":3},{"damage":56,"enemies":"Champ","floor":35,"turns":14},{"damage":8,"enemies":"3 Darklings","floor":37,"turns":4},{"damage":0,"enemies":"3 Shapes","floor":39,"turns":3},{"damage":24,"enemies":"Maw","floor":41,"turns":7},{"damage":0,"enemies":"Transient","floor":44,"turns":5},{"damage":10,"enemies":"Sphere and 2 Shapes","floor":46,"turns":7},{"damage":10,"enemies":"beaked:SuperParasite","floor":47,"turns":8},{"damage":0,"enemies":"Jaw Worm Horde","floor":48,"turns":3},{"damage":2,"enemies":"Reptomancer","floor":49,"turns":5},{"damage":0,"enemies":"3 Darklings","floor":50,"turns":4},{"damage":49,"enemies":"Awakened One","floor":52,"turns":11}],"seed_played":"-6880791939642022489","potions_obtained":[{"floor":8.0,"key":"Elixir"},{"floor":10.0,"key":"hexamod:SoulburnPotion"},{"floor":14.0,"key":"Strength Potion"},{"floor":14.0,"key":"SpeedPotion"},{"floor":16.0,"key":"BloodPotion"},{"floor":21.0,"key":"bronze:BurnAndBuffPotion"},{"floor":25,"key":"Energy Potion"},{"floor":33,"key":"EntropicBrew"}],"is_trial":false,"path_per_floor":["M","?","?","?","PTL","PTL","M","E","M","E","T","?","R","?","$","M","R","B",null,"M","M","T","M","M","E","R","M","T","R","$","M","R","M","R","B",null,"M","T","M","?","M","R","$","M","T","M","E","M","E","M","R","B",null],"character_chosen":"IRONCLAD","items_purchased":["ReplayTheSpireMod:Strike From Hell","ReplayTheSpireMod:TigerMarble","War Paint","Finesse","Discovery","Replay:Bottled Steam","ReplayUltimateDefense"],"campfire_rested":0,"item_purchase_floors":[15,15,15,15,30,30,43],"current_hp_per_floor":[61,61,61,61,61,61,67,42,47,37,37,37,37,37,37,43,43,46,80,80,80,80,80,79,56,56,57,57,57,57,67,67,73,73,27,80,78,78,83,83,65,65,65,71,71,72,69,83,83,83,83,41],"gold":201,"neow_bonus":"TWO_FIFTY_GOLD","is_daily":false,"chose_seed":false,"campfire_upgraded":8,"win_rate":0.0,"timestamp":1614430745,"path_taken":["M","?","?","?","PTL","PTL","?","E","M","E","T","?","R","?","$","?","R","BOSS","M","M","?","?","M","E","R","M","T","R","$","M","R","M","R","BOSS","M","?","M","?","M","R","$","M","T","M","E","M","E","M","R","BOSS"],"items_purchased_type":["Card","Relic","Relic","Card","Card","Relic","Card"],"build_version":"2020-12-22","purchased_purges":1,"victory":true,"max_hp_per_floor":[80,80,80,80,80,80,80,80,80,80,80,80,80,80,80,80,80,80,80,80,80,80,80,80,80,80,80,80,80,80,80,80,80,80,80,80,80,80,83,83,83,83,83,83,83,83,83,83,83,83,83,83],"relic_stats":{"Happy Flower":[34],"counters":[26,137],"Gambling Chip":[62],"Bag of Preparation":[8],"War Paint":["Defend_R","Shrug It Off"],"Boot":[36],"MawBank":96,"obtain_stats":[{"ReplayFunnel":49,"Divine Protection":11,"Snecko Heart":36,"Happy Flower":22,"Blue Doll":28,"Bag of Preparation":47,"War Paint":15,"Boot":38,"MawBank":45,"Burning Blood":0,"Pet Ghost":25,"WarpedTongs":40,"ReplayTheSpireMod:Shallot":10,"Gambling Chip":8,"downfall:ExtraCursedKey":2,"Mark of Pain":19,"ReplayTheSpireMod:TigerMarble":15,"Replay:Bottled Steam":30},{"ReplayFunnel":24,"Divine Protection":5,"Snecko Heart":16,"Happy Flower":9,"Blue Doll":13,"Bag of Preparation":22,"War Paint":5,"Boot":17,"MawBank":20,"Burning Blood":0,"Pet Ghost":12,"WarpedTongs":18,"ReplayTheSpireMod:Shallot":5,"Gambling Chip":3,"downfall:ExtraCursedKey":1,"Mark of Pain":7,"ReplayTheSpireMod:TigerMarble":5,"Replay:Bottled Steam":13},{"ReplayFunnel":122,"Divine Protection":18,"Snecko Heart":80,"Happy Flower":34,"Blue Doll":58,"Bag of Preparation":114,"War Paint":18,"Boot":84,"MawBank":99,"Burning Blood":0,"Pet Ghost":51,"WarpedTongs":87,"ReplayTheSpireMod:Shallot":18,"Gambling Chip":11,"downfall:ExtraCursedKey":4,"Mark of Pain":26,"ReplayTheSpireMod:TigerMarble":18,"Replay:Bottled Steam":58}],"Burning Blood":120,"WarpedTongs":[50]},"card_choices":[{"not_picked":["Body Slam","Ghostly Armor"],"picked":"Fire Breathing","floor":1.0},{"not_picked":["Sever Soul","Blood for Blood"],"picked":"Body Slam","floor":7.0},{"not_picked":["Dark Embrace","ReplayReversal"],"picked":"Shrug It Off","floor":8.0},{"not_picked":["Perfected Strike","Feel No Pain"],"picked":"Whirlwind","floor":9.0},{"not_picked":["Body Slam","Twin Strike","Replay:Undeath\u0027s Touch"],"picked":"SKIP","floor":10.0},{"not_picked":["Perfected Strike","Cleave"],"picked":"Power Through","floor":16.0},{"not_picked":["Demonic Infusion","Demon Form"],"picked":"Reaper","floor":18.0},{"not_picked":["Armaments","Perfected Strike"],"picked":"Clothesline","floor":20.0},{"not_picked":["Flex","Dual Wield+1","Thunderclap"],"picked":"SKIP","floor":21.0},{"not_picked":["Sword Boomerang","Dropkick","Uppercut"],"picked":"SKIP","floor":23.0},{"not_picked":["Entrench","Clash"],"picked":"Iron Wave+1","floor":24},{"not_picked":["Combust","Hemokinesis","Rupture"],"picked":"SKIP","floor":25},{"not_picked":["Combust","Hemokinesis","Rupture"],"picked":"SKIP","floor":25},{"not_picked":["ReplayTheSpireMod:Limb From Limb","Anger+1","Sword Boomerang"],"picked":"SKIP","floor":27},{"not_picked":["Clothesline+1","Warcry"],"picked":"Eclipse","floor":31},{"not_picked":["Armaments","Sword Boomerang","Replay:Undeath\u0027s Touch"],"picked":"SKIP","floor":33},{"not_picked":["Demonic Infusion","Demon Form"],"picked":"Juggernaut","floor":35},{"not_picked":["Sword Boomerang+1","Infernal Blade+1","Clothesline+1"],"picked":"SKIP","floor":37},{"not_picked":["Infernal Blade","Searing Blow","Run Through"],"picked":"SKIP","floor":39},{"not_picked":["Shrug It Off","Thunderclap+1","Uppercut"],"picked":"SKIP","floor":41},{"not_picked":["Flex+1","Disarm","Warcry+1"],"picked":"SKIP","floor":44},{"not_picked":["Flex+1","Warcry+1"],"picked":"Disarm","floor":44},{"not_picked":["Seeing Red","Rampage","Warcry"],"picked":"SKIP","floor":46},{"not_picked":["Headbutt+1","Run Through","Disarm"],"picked":"SKIP","floor":47},{"not_picked":["ReplayTheSpireMod:Strike From Hell+1","Replay:Undeath\u0027s Touch+1","Twin Strike"],"picked":"SKIP","floor":48},{"not_picked":["Hemokinesis+1","Disarm","Flex+1"],"picked":"SKIP","floor":49},{"not_picked":["Fire Breathing","Pummel","Headbutt+1"],"picked":"SKIP","floor":50}],"player_experience":168724,"relics_obtained":[{"floor":8.0,"key":"Gambling Chip"},{"floor":10.0,"key":"ReplayTheSpireMod:Shallot"},{"floor":11.0,"key":"Divine Protection"},{"floor":22.0,"key":"Happy Flower"},{"floor":25,"key":"Pet Ghost"},{"floor":28,"key":"Blue Doll"},{"floor":38,"key":"Boot"},{"floor":45,"key":"MawBank"},{"floor":47,"key":"Bag of Preparation"},{"floor":49,"key":"ReplayFunnel"}],"event_choices":[{"damage_healed":0.0,"max_hp_gain":0.0,"max_hp_loss":0.0,"gold_gain":0.0,"event_name":"Upgrade Shrine","player_choice":"Upgraded","floor":4.0,"gold_loss":0.0,"damage_taken":0.0,"cards_upgraded":["Bash"]},{"damage_healed":0.0,"max_hp_gain":0.0,"max_hp_loss":0.0,"gold_gain":175.0,"event_name":"betterThird:BetterSerpent","player_choice":"AGREE","floor":12.0,"gold_loss":0.0,"damage_taken":462.0},{"damage_healed":0.0,"max_hp_gain":0.0,"max_hp_loss":0.0,"gold_gain":0.0,"event_name":"Lab","player_choice":"Got Potions","floor":14.0,"gold_loss":0.0,"damage_taken":0.0},{"damage_healed":0,"gold_gain":0,"player_choice":"Rummage","damage_taken":0,"relics_obtained":["WarpedTongs"],"max_hp_gain":0,"max_hp_loss":0,"event_name":"Accursed Blacksmith","floor":40,"gold_loss":0,"cards_obtained":["Pain"]}],"is_beta":false,"boss_relics":[{"not_picked":["Fusion Hammer","SlaversCollar"],"picked":"Mark of Pain"},{"not_picked":["Replay:Wanted Poster","Black Blood"],"picked":"Snecko Heart"}],"items_purged_floors":[15],"is_endless":false,"potions_floor_spawned":[8,10,16,21,25,31,33,39,44,46,49],"ascension_level":0}}