{"host":"hw9lt6p3yhr90vz0","time":1614392120,"event":{"mods":["BaseMod","DeckTracker","Minty Spire (QoL Compilation)","Relic Stats"],"gold_per_floor":[110,123,73,84,84,111,111,121,121,132,142,153,184,199,199,295,295,313,328,72,86,98,126,126,154,154,154,154,154,187,204,204,204,204],"floor_reached":33,"language":"ENG","playtime":2977,"items_purged":[],"score":509,"play_id":"5ea21212-4362-4d08-a937-8c541ed0c18f","local_time":"20210226211520","is_ascension_mode":true,"campfire_choices":[{"floor":7.0,"key":"REST"},{"data":"Catalyst","floor":15.0,"key":"SMITH"},{"floor":24.0,"key":"REST"},{"floor":29.0,"key":"REST"},{"floor":32,"key":"REST"}],"circlet_count":0,"master_deck":["Strike_G","Strike_G","Strike_G","Strike_G","Defend_G","Defend_G","Defend_G","Defend_G","Defend_G","Survivor","Neutralize","Catalyst+1","Deadly Poison","Deadly Poison","Bouncing Flask","Flechettes+1","Deadly Poison","Deadly Poison","Venomology","Crippling Poison","Prepared","Bullet Time","Catalyst","PiercingWail+1","Outmaneuver","Escape Plan","Escape Plan+1","Writhe","Dodge and Roll+1","Bane+1","PiercingWail"],"relics":["Ring of the Snake","Molten Egg 2","Bottled Flame","White Beast Statue","Black Star","Frozen Egg 2","Orichalcum","Shuriken","Turnip","Pantograph","Enchiridion","Pen Nib","Prayer Wheel","Juzu Bracelet"],"acts_visited":["Exordium","TheCity"],"potions_floor_usage":[31,31,33],"damage_taken":[{"damage":0.0,"enemies":"2 Louse","floor":1.0,"turns":4.0},{"damage":2.0,"enemies":"Cultist","floor":2.0,"turns":5.0},{"damage":8.0,"enemies":"Small Slimes","floor":4.0,"turns":4.0},{"damage":22.0,"enemies":"Gremlin Nob","floor":6.0,"turns":4.0},{"damage":6.0,"enemies":"Looter","floor":8.0,"turns":4.0},{"damage":0.0,"enemies":"2 Fungi Beasts","floor":10.0,"turns":2.0},{"damage":20.0,"enemies":"Lots of Slimes","floor":11.0,"turns":4.0},{"damage":0.0,"enemies":"3 Louse","floor":12.0,"turns":3.0},{"damage":4.0,"enemies":"3 Sentries","floor":13.0,"turns":7.0},{"damage":1.0,"enemies":"Red Slaver","floor":14.0,"turns":2.0},{"damage":29.0,"enemies":"Slime Boss","floor":16.0,"turns":8.0},{"damage":13.0,"enemies":"Chosen","floor":18.0,"turns":4.0},{"damage":6.0,"enemies":"Shell Parasite","floor":19.0,"turns":4.0},{"damage":8.0,"enemies":"Centurion and Healer","floor":21.0,"turns":4.0},{"damage":3.0,"enemies":"Snake Plant","floor":22.0,"turns":4.0},{"damage":16.0,"enemies":"Book of Stabbing","floor":23.0,"turns":5.0},{"damage":4.0,"enemies":"Gremlin Leader","floor":25.0,"turns":4.0},{"damage":4.0,"enemies":"Slavers","floor":30.0,"turns":5.0},{"damage":26,"enemies":"Shelled Parasite and Fungi","floor":31,"turns":5},{"damage":78,"enemies":"Automaton","floor":33,"turns":6}],"seed_played":"-1918253612313053322","potions_obtained":[{"floor":1.0,"key":"Dexterity Potion"},{"floor":4.0,"key":"GamblersBrew"},{"floor":6.0,"key":"PowerPotion"},{"floor":10.0,"key":"Strength Potion"},{"floor":12.0,"key":"DistilledChaos"},{"floor":16.0,"key":"Explosive Potion"},{"floor":18.0,"key":"Weak Potion"},{"floor":21.0,"key":"BlessingOfTheForge"},{"floor":22.0,"key":"Block Potion"},{"floor":23.0,"key":"Energy Potion"},{"floor":25.0,"key":"SteroidPotion"},{"floor":30.0,"key":"EssenceOfSteel"},{"floor":31,"key":"Weak Potion"}],"is_trial":false,"path_per_floor":["M","M","$","M","?","E","R","M","T","M","M","M","E","M","R","B",null,"M","M","$","M","M","E","R","E","T","?","?","R","E","M","R","B"],"character_chosen":"THE_SILENT","items_purchased":["Deadly Poison","Frozen Egg 2"],"campfire_rested":4,"item_purchase_floors":[3,20],"current_hp_per_floor":[70,68,68,60,60,38,61,55,55,55,35,35,31,30,30,1,58,45,39,39,31,28,12,35,31,31,15,15,38,34,8,31,0,0],"gold":204,"neow_bonus":"TEN_PERCENT_HP_BONUS","is_daily":false,"chose_seed":false,"campfire_upgraded":1,"win_rate":0.0,"timestamp":1614392120,"path_taken":["M","M","$","M","?","E","R","M","T","M","?","M","E","M","R","BOSS","M","M","$","M","M","E","R","E","T","?","?","R","E","M","R","BOSS"],"items_purchased_type":["Card","Relic"],"build_version":"2020-12-22","purchased_purges":0,"victory":false,"max_hp_per_floor":[77,77,77,77,77,77,77,77,77,77,77,77,77,77,77,77,77,77,77,77,77,77,77,77,77,77,77,77,77,77,77,77,77,77],"relic_stats":{"counters":[20,88],"Shuriken":[1],"Pantograph":25,"Prayer Wheel":1,"Turnip":[2],"Pen Nib":[1],"Black Star":3,"Juzu Bracelet":0,"Orichalcum":[36],"obtain_stats":[{"Enchiridion":27,"Pen Nib":28,"Juzu Bracelet":30,"Frozen Egg 2":20,"Orichalcum":23,"White Beast Statue":13,"Bottled Flame":9,"Shuriken":23,"Pantograph":25,"Molten Egg 2":6,"Prayer Wheel":30,"Turnip":25,"Black Star":17,"Ring of the Snake":0},{"Enchiridion":17,"Pen Nib":17,"Juzu Bracelet":18,"Frozen Egg 2":13,"Orichalcum":16,"White Beast Statue":9,"Bottled Flame":5,"Shuriken":16,"Pantograph":17,"Molten Egg 2":4,"Prayer Wheel":18,"Turnip":17,"Black Star":11,"Ring of the Snake":0},{"Enchiridion":72,"Pen Nib":72,"Juzu Bracelet":77,"Frozen Egg 2":55,"Orichalcum":68,"White Beast Statue":37,"Bottled Flame":21,"Shuriken":68,"Pantograph":72,"Molten Egg 2":17,"Prayer Wheel":77,"Turnip":72,"Black Star":47,"Ring of the Snake":0}],"Ring of the Snake":[40]},"card_choices":[{"not_picked":["Tactician","Bane"],"picked":"Catalyst","floor":1.0},{"not_picked":["Deflect","Flechettes"],"picked":"Deadly Poison","floor":2.0},{"not_picked":["Deflect","Finisher","Accuracy"],"picked":"SKIP","floor":4.0},{"not_picked":["Slice+1","Outmaneuver"],"picked":"Bouncing Flask","floor":6.0},{"not_picked":["Deflect","Dodge and Roll"],"picked":"Flechettes+1","floor":8.0},{"not_picked":["Deflect","Concentrate"],"picked":"Deadly Poison","floor":10.0},{"not_picked":["Escape Plan","Sucker Punch+1"],"picked":"Deadly Poison","floor":11.0},{"not_picked":["Blade Dance","Cloak And Dagger"],"picked":"Venomology","floor":12.0},{"not_picked":["Skewer+1","Sucker Punch+1"],"picked":"Crippling Poison","floor":13.0},{"not_picked":["Backflip","Acrobatics"],"picked":"Prepared","floor":14.0},{"not_picked":["Wraith Form v2","Burst"],"picked":"Bullet Time","floor":16.0},{"not_picked":["Poisoned Stab+1","Dagger Spray+1"],"picked":"Catalyst","floor":18.0},{"not_picked":["Prepared","Heel Hook+1"],"picked":"PiercingWail+1","floor":19.0},{"not_picked":["Eviscerate+1","Quick Slash+1"],"picked":"Outmaneuver","floor":21.0},{"not_picked":["Flying Knee+1","Deflect","All Out Attack+1"],"picked":"SKIP","floor":22.0},{"not_picked":["Caltrops+1","Dagger Throw+1"],"picked":"Escape Plan","floor":23.0},{"not_picked":["Flying Knee+1","Bouncing Flask"],"picked":"Escape Plan+1","floor":25.0},{"not_picked":["Outmaneuver","Expertise"],"picked":"Dodge and Roll+1","floor":30.0},{"not_picked":["Storm of Steel","Eviscerate+1"],"picked":"Bane+1","floor":31},{"not_picked":["Deflect","Dodge and Roll+1"],"picked":"PiercingWail","floor":31}],"player_experience":1485002,"relics_obtained":[{"floor":6.0,"key":"Molten Egg 2"},{"floor":9.0,"key":"Bottled Flame"},{"floor":13.0,"key":"White Beast Statue"},{"floor":23.0,"key":"Orichalcum"},{"floor":23.0,"key":"Shuriken"},{"floor":25.0,"key":"Turnip"},{"floor":25.0,"key":"Pantograph"},{"floor":27.0,"key":"Enchiridion"},{"floor":30.0,"key":"Prayer Wheel"},{"floor":30.0,"key":"Juzu Bracelet"}],"event_choices":[{"cards_removed":["Strike_G"],"damage_healed":0.0,"max_hp_gain":0.0,"max_hp_loss":0.0,"gold_gain":0.0,"event_name":"Bonfire Elementals","player_choice":"Offered Basic","floor":5.0,"gold_loss":0.0,"damage_taken":0.0},{"damage_healed":0.0,"max_hp_gain":0.0,"max_hp_loss":0.0,"gold_gain":0.0,"event_name":"Cursed Tome","player_choice":"Obtained Book","floor":27.0,"gold_loss":0.0,"damage_taken":16.0},{"damage_healed":0.0,"max_hp_gain":0.0,"max_hp_loss":0.0,"gold_gain":0.0,"event_name":"The Mausoleum","player_choice":"Opened","floor":28.0,"gold_loss":0.0,"damage_taken":0.0,"relics_obtained":["Pen Nib"],"cards_obtained":["Writhe"]}],"is_beta":false,"boss_relics":[{"not_picked":["Runic Dome","Busted Crown"],"picked":"Black Star"}],"items_purged_floors":[],"is_endless":false,"potions_floor_spawned":[1,4,6,10,12,14,16,18,19,21,22,23,25,30,31],"killed_by":"Automaton","ascension_level":8}}