{"host":"jhh9gucp9dgdaa7d","time":1614405480,"event":{"mods":["AchievementEnabler","BaseMod","Bestiary","Colored Map","Colored Powertips","Minty Spire (QoL Compilation)","Permanent Neow","Relic Stats","Slay-I","StSLib","everything is the same but u backflip on backflip"],"gold_per_floor":[364,376,143,155,0,0,35,35,59,83,92,125,25,50,50,162,162,190,219,114,114,159,184,194,231,231,231,266,283,128,128,128,236,236,250,125,145,206,227,265,265,301,380,389,432,441,222,240,240,240,240,249,81,116,116],"floor_reached":56,"language":"ENG","playtime":4427,"items_purged":["Writhe","Regret","Bash","Strike_R+1"],"score":1560,"play_id":"cb33358f-32cf-4ef7-bc8c-89e2a016ad76","local_time":"20210227005800","is_ascension_mode":true,"campfire_choices":[{"data":"Whirlwind","floor":6.0,"key":"SMITH"},{"data":"Flame Barrier","floor":15,"key":"SMITH"},{"data":"Shockwave","floor":27,"key":"SMITH"},{"data":"Corruption","floor":32,"key":"SMITH"},{"floor":41,"key":"RECALL"},{"floor":44,"key":"REST"},{"floor":46,"key":"REST"},{"floor":49,"key":"REST"},{"floor":52,"key":"REST"}],"circlet_count":0,"master_deck":["Strike_R+1","Strike_R+1","Defend_R+1","Defend_R+1","Defend_R+1","Defend_R+1","Anger","Disarm","Shockwave+1","Whirlwind+1","Sword Boomerang","Clash","Dropkick","Flame Barrier+1","Shrug It Off","Corruption+1","Anger+1","Flex","Offering","Evolve","Metallicize","Pommel Strike+1","Warcry","Ghostly","Ghostly","Ghostly","Ghostly","Ghostly","Spot Weakness","Exhume","Shrug It Off","Clash","Feed","Battle Trance+1","Battle Trance+1","Headbutt+1","Infernal Blade+1","Master of Strategy+1","Violence+1","Intimidate+1","Sentinel+1","Spot Weakness+1","Power Through+1"],"relics":["Burning Blood","Frozen Eye","Whetstone","CeramicFish","MealTicket","HornCleat","Mark of Pain","Orrery","InkBottle","Centennial Puzzle","Charon\u0027s Ashes","Medical Kit","Fusion Hammer","Ice Cream","Dream Catcher","Anchor","Toxic Egg 2","Vajra","Membership Card","Lee\u0027s Waffle","Red Skull"],"acts_visited":["Exordium","TheCity","TheBeyond","TheEnding"],"potions_floor_usage":[33,40,55,55,55],"damage_taken":[{"damage":18.0,"enemies":"Small Slimes","floor":1.0,"turns":4.0},{"damage":0.0,"enemies":"Cultist","floor":2.0,"turns":4.0},{"damage":12.0,"enemies":"Jaw Worm","floor":4.0,"turns":4.0},{"damage":23.0,"enemies":"Gremlin Nob","floor":7.0,"turns":4.0},{"damage":0.0,"enemies":"3 Louse","floor":10.0,"turns":1.0},{"damage":20,"enemies":"Lagavulin","floor":12,"turns":7},{"damage":0,"enemies":"Looter","floor":14,"turns":3},{"damage":29,"enemies":"The Guardian","floor":16,"turns":12},{"damage":0,"enemies":"3 Byrds","floor":18,"turns":4},{"damage":4,"enemies":"Shell Parasite","floor":19,"turns":4},{"damage":21,"enemies":"Slavers","floor":23,"turns":7},{"damage":1,"enemies":"Centurion and Healer","floor":24,"turns":6},{"damage":1,"enemies":"Gremlin Leader","floor":25,"turns":8},{"damage":7,"enemies":"Book of Stabbing","floor":28,"turns":5},{"damage":0,"enemies":"Snecko","floor":29,"turns":5},{"damage":28,"enemies":"Automaton","floor":33,"turns":8},{"damage":1,"enemies":"3 Darklings","floor":35,"turns":2},{"damage":1,"enemies":"Orb Walker","floor":37,"turns":2},{"damage":2,"enemies":"2 Orb Walkers","floor":38,"turns":4},{"damage":0,"enemies":"Transient","floor":39,"turns":5},{"damage":4,"enemies":"Reptomancer","floor":40,"turns":6},{"damage":7,"enemies":"Nemesis","floor":42,"turns":7},{"damage":6,"enemies":"Reptomancer","floor":45,"turns":6},{"damage":34,"enemies":"Time Eater","floor":50,"turns":9},{"damage":0,"enemies":"Shield and Spear","floor":54,"turns":3},{"damage":2,"enemies":"The Heart","floor":55,"turns":7}],"seed_played":"5588086377399768308","potions_obtained":[{"floor":2.0,"key":"FearPotion"},{"floor":4.0,"key":"SmokeBomb"},{"floor":7.0,"key":"DuplicationPotion"},{"floor":24,"key":"Weak Potion"},{"floor":33,"key":"Block Potion"},{"floor":37,"key":"Fruit Juice"},{"floor":40,"key":"AttackPotion"},{"floor":45,"key":"Dexterity Potion"},{"floor":54,"key":"LiquidBronze"}],"is_trial":false,"path_per_floor":["M","M","$","M","$","R","E","?","T","M","?","E","$","M","R","B",null,"M","M","$","?","?","E","M","E","T","R","E","M","$","?","R","B",null,"M","$","M","?","M","E","R","E","T","R","E","R","$","?","R","B",null,"R","$","E","B",null],"character_chosen":"IRONCLAD","items_purchased":["Shockwave","Whirlwind","Frozen Eye","Orrery","Medical Kit","Membership Card","LiquidBronze","Lee\u0027s Waffle","Sentinel+1","Spot Weakness+1"],"campfire_rested":4,"item_purchase_floors":[3,3,5,20,30,47,53,53,53,53],"current_hp_per_floor":[68,74,74,68,68,68,51,51,51,57,57,43,58,64,64,41,80,80,80,80,80,40,25,30,35,35,35,34,40,40,40,40,18,40,40,40,40,40,40,45,45,44,44,45,48,48,48,38,48,20,48,48,55,55,55],"gold":116,"neow_bonus":"TWO_FIFTY_GOLD","is_daily":false,"chose_seed":false,"campfire_upgraded":4,"win_rate":0.0,"timestamp":1614405480,"path_taken":["M","M","$","M","$","R","E","?","T","?","?","E","$","M","R","BOSS","M","M","$","?","?","E","M","E","T","R","E","M","$","?","R","BOSS","M","$","M","?","M","E","R","E","T","R","E","R","$","?","R","BOSS","R","$","E","BOSS"],"items_purchased_type":["Card","Card","Relic","Relic","Relic","Relic","Potion","Relic","Card","Card"],"build_version":"2020-12-22","purchased_purges":4,"victory":true,"max_hp_per_floor":[80,80,80,80,80,80,80,80,80,80,80,80,80,80,80,80,80,80,80,80,80,40,40,40,40,40,40,40,40,40,40,40,40,40,40,40,40,40,40,45,45,45,45,45,48,48,48,48,48,48,48,48,55,55,55],"relic_stats":{"Centennial Puzzle":[27],"Dream Catcher":4,"Lee\u0027s Waffle":7,"counters":[26,137],"CeramicFish":279,"MealTicket":15,"Charon\u0027s Ashes":[741],"Whetstone":["Strike_R","Strike_R"],"Medical Kit":[31],"obtain_stats":[{"Ice Cream":38,"Lee\u0027s Waffle":53,"CeramicFish":9,"Vajra":45,"Charon\u0027s Ashes":28,"Whetstone":7,"Medical Kit":30,"Burning Blood":0,"Frozen Eye":5,"Centennial Puzzle":25,"Dream Catcher":40,"Anchor":42,"HornCleat":12,"Orrery":20,"MealTicket":11,"Mark of Pain":17,"Fusion Hammer":34,"Membership Card":47,"Toxic Egg 2":43,"InkBottle":23,"Red Skull":54},{"Ice Cream":19,"Lee\u0027s Waffle":24,"CeramicFish":4,"Vajra":23,"Charon\u0027s Ashes":14,"Whetstone":4,"Medical Kit":15,"Burning Blood":0,"Frozen Eye":3,"Centennial Puzzle":13,"Dream Catcher":21,"Anchor":22,"HornCleat":6,"Orrery":10,"MealTicket":5,"Mark of Pain":8,"Fusion Hammer":16,"Membership Card":23,"Toxic Egg 2":22,"InkBottle":11,"Red Skull":25},{"Ice Cream":94,"Lee\u0027s Waffle":127,"CeramicFish":16,"Vajra":118,"Charon\u0027s Ashes":73,"Whetstone":16,"Medical Kit":78,"Burning Blood":0,"Frozen Eye":12,"Centennial Puzzle":68,"Dream Catcher":105,"Anchor":112,"HornCleat":24,"Orrery":47,"MealTicket":17,"Mark of Pain":39,"Fusion Hammer":86,"Membership Card":118,"Toxic Egg 2":112,"InkBottle":54,"Red Skull":130}],"Burning Blood":116,"InkBottle":[40]},"card_choices":[{"not_picked":["Pommel Strike","Bloodletting"],"picked":"Anger","floor":1.0},{"not_picked":["Shrug It Off","Reckless Charge"],"picked":"Disarm","floor":2.0},{"not_picked":["Armaments","Blood for Blood"],"picked":"Sword Boomerang","floor":4.0},{"not_picked":["Rage","Shrug It Off"],"picked":"Clash","floor":7.0},{"not_picked":["Wild Strike","Iron Wave"],"picked":"Flame Barrier","floor":10.0},{"not_picked":["Clothesline","Battle Trance","Perfected Strike"],"picked":"SKIP","floor":12},{"not_picked":["Warcry","Bludgeon"],"picked":"Shrug It Off","floor":14},{"not_picked":["Brutality","Demon Form"],"picked":"Corruption","floor":16},{"not_picked":["Intimidate","Twin Strike+1"],"picked":"Anger+1","floor":18},{"not_picked":["Body Slam","Havoc"],"picked":"Flex","floor":19},{"not_picked":["Shrug It Off+1","Perfected Strike"],"picked":"Offering","floor":20},{"not_picked":["Entrench","Thunderclap"],"picked":"Evolve","floor":20},{"not_picked":["Rampage","Sword Boomerang"],"picked":"Metallicize","floor":20},{"not_picked":["Hemokinesis","Armaments"],"picked":"Pommel Strike+1","floor":20},{"not_picked":["Iron Wave","Pommel Strike"],"picked":"Warcry","floor":20},{"not_picked":["Pommel Strike","Inflame","Impervious"],"picked":"SKIP","floor":23},{"not_picked":["Flex","Perfected Strike","Thunderclap"],"picked":"SKIP","floor":24},{"not_picked":["Blood for Blood","Body Slam"],"picked":"Spot Weakness","floor":25},{"not_picked":["Perfected Strike","True Grit","Rupture"],"picked":"SKIP","floor":28},{"not_picked":["Heavy Blade","Warcry","Power Through"],"picked":"SKIP","floor":29},{"not_picked":["Offering","Brutality"],"picked":"Exhume","floor":33},{"not_picked":["True Grit","Whirlwind+1","Anger"],"picked":"SKIP","floor":35},{"not_picked":["True Grit","Whirlwind+1","Anger"],"picked":"SKIP","floor":35},{"not_picked":["Twin Strike+1","Entrench","Flame Barrier+1"],"picked":"SKIP","floor":37},{"not_picked":["Thunderclap","Flex"],"picked":"Shrug It Off","floor":38},{"not_picked":["Thunderclap+1","Clothesline+1"],"picked":"Clash","floor":39},{"not_picked":["True Grit+1","Battle Trance"],"picked":"Feed","floor":40},{"not_picked":["Perfected Strike+1","Headbutt+1"],"picked":"Battle Trance+1","floor":42},{"not_picked":["Iron Wave","Dual Wield+1"],"picked":"Battle Trance+1","floor":44},{"not_picked":["Sword Boomerang","Reckless Charge"],"picked":"Headbutt+1","floor":45},{"not_picked":["Entrench+1","Sever Soul"],"picked":"Infernal Blade+1","floor":46},{"not_picked":["Madness+1","Thinking Ahead+1"],"picked":"Master of Strategy+1","floor":48},{"not_picked":["Forethought+1","Good Instincts+1"],"picked":"Violence+1","floor":48},{"not_picked":["Headbutt+1","Clash+1"],"picked":"Intimidate+1","floor":52},{"not_picked":["Fire Breathing","Disarm+1"],"picked":"Power Through+1","floor":54}],"player_experience":196615,"relics_obtained":[{"floor":7.0,"key":"Whetstone"},{"floor":9.0,"key":"CeramicFish"},{"floor":12,"key":"HornCleat"},{"floor":23,"key":"InkBottle"},{"floor":25,"key":"Centennial Puzzle"},{"floor":28,"key":"Charon\u0027s Ashes"},{"floor":38,"key":"Ice Cream"},{"floor":40,"key":"Dream Catcher"},{"floor":42,"key":"Anchor"},{"floor":43,"key":"Toxic Egg 2"},{"floor":45,"key":"Vajra"},{"floor":54,"key":"Red Skull"}],"event_choices":[{"damage_healed":0.0,"max_hp_gain":0.0,"max_hp_loss":0.0,"gold_gain":0.0,"cards_transformed":["Strike_R"],"event_name":"Transmorgrifier","player_choice":"Transformed","floor":8.0,"gold_loss":0.0,"damage_taken":0.0,"cards_obtained":["Dropkick"]},{"damage_healed":0.0,"max_hp_gain":0.0,"max_hp_loss":0.0,"gold_gain":0.0,"event_name":"Big Fish","player_choice":"Box","floor":11.0,"gold_loss":0.0,"damage_taken":0.0,"relics_obtained":["MealTicket"],"cards_obtained":["Regret"]},{"damage_healed":0,"gold_gain":0,"player_choice":"Simplicity","damage_taken":0,"max_hp_gain":0,"max_hp_loss":0,"event_name":"Back to Basics","floor":21,"gold_loss":0,"cards_upgraded":["Strike_R","Strike_R","Defend_R","Defend_R","Defend_R","Defend_R"]},{"damage_healed":0,"gold_gain":0,"player_choice":"Became a Ghost","damage_taken":0,"max_hp_gain":0,"max_hp_loss":40,"event_name":"Ghosts","floor":22,"gold_loss":0,"cards_obtained":["Ghostly","Ghostly","Ghostly","Ghostly","Ghostly"]},{"cards_removed":["Strike_R"],"damage_healed":0,"gold_gain":0,"player_choice":"Purged","damage_taken":0,"max_hp_gain":0,"max_hp_loss":0,"event_name":"Purifier","floor":31,"gold_loss":0},{"damage_healed":0,"gold_gain":0,"player_choice":"Fight","damage_taken":0,"max_hp_gain":0,"max_hp_loss":0,"event_name":"Mysterious Sphere","floor":38,"gold_loss":0},{"damage_healed":0,"gold_gain":0,"player_choice":"Memory 3","damage_taken":10,"max_hp_gain":0,"max_hp_loss":0,"event_name":"SensoryStone","floor":48,"gold_loss":0}],"is_beta":false,"boss_relics":[{"not_picked":["Tiny House","Busted Crown"],"picked":"Mark of Pain"},{"not_picked":["Velvet Choker","Runic Cube"],"picked":"Fusion Hammer"}],"items_purged_floors":[3,13,36,47],"is_endless":false,"potions_floor_spawned":[2,4,7,18,24,28,33,37,40,42,45,54],"ascension_level":3}}