{"host":"x3lqeik2a5qeoft8","time":1614461096,"event":{"mods":["AchievementEnabler","BaseMod","Minty Spire (QoL Compilation)","StSLib","SuperFastMode"],"gold_per_floor":[144,189,234,279,324,324,414,459,484,538,592,592,646,85,85,403,403,457,511,520,574,574,673,718,772,781,835,934,934,309,363,363,363,363],"floor_reached":33,"language":"ENG","playtime":1727,"items_purged":["Normality"],"score":347,"play_id":"07d9f850-874f-4f6e-9171-09760ce70d8f","local_time":"20210227222456","daily_mods":["Cursed Run","Diverse","Midas"],"is_ascension_mode":false,"campfire_choices":[{"floor":6,"key":"REST"},{"floor":12,"key":"REST"},{"floor":15,"key":"REST"}],"circlet_count":0,"master_deck":["Strike_B","Strike_B","Strike_B","Strike_B","Defend_B","Defend_B","Defend_B","Defend_B","Zap","Dualcast","Slice","Glacier","Skewer","Footwork","Disarm","Conclude","Dodge and Roll","Parasite","Blood for Blood","Dash","Combust","Inflame","Coolheaded","Wish","Study","Melter","Steam Power","Stack+1","Blasphemy","Loop","Pain","Leap","Sucker Punch","Conserve Battery"],"relics":["Cursed Key","Darkstone Periapt","Du-Vu Doll","Matryoshka","Blood Vial","CeramicFish","Shuriken","Eternal Feather","Coffee Dripper","Ancient Tea Set","Tiny Chest","StrikeDummy","Sundial","Pantograph","DataDisk","Toolbox"],"acts_visited":["Exordium","TheCity"],"potions_floor_usage":[5,7,11,16,23,24,25,27],"damage_taken":[{"damage":0,"enemies":"Small Slimes","floor":1,"turns":3},{"damage":0,"enemies":"Cultist","floor":2,"turns":3},{"damage":0,"enemies":"2 Louse","floor":3,"turns":3},{"damage":0,"enemies":"Large Slime","floor":4,"turns":4},{"damage":23,"enemies":"Exordium Thugs","floor":5,"turns":6},{"damage":13,"enemies":"3 Sentries","floor":7,"turns":8},{"damage":8,"enemies":"Looter","floor":8,"turns":3},{"damage":13,"enemies":"2 Fungi Beasts","floor":10,"turns":3},{"damage":0,"enemies":"Lots of Slimes","floor":11,"turns":3},{"damage":11,"enemies":"Red Slaver","floor":13,"turns":4},{"damage":35,"enemies":"The Guardian","floor":16,"turns":10},{"damage":6,"enemies":"Spheric Guardian","floor":18,"turns":4},{"damage":12,"enemies":"Shell Parasite","floor":19,"turns":5},{"damage":14,"enemies":"Centurion and Healer","floor":21,"turns":8},{"damage":24,"enemies":"Book of Stabbing","floor":23,"turns":7},{"damage":4,"enemies":"3 Cultists","floor":24,"turns":5},{"damage":1,"enemies":"Shelled Parasite and Fungi","floor":25,"turns":3},{"damage":11,"enemies":"Snake Plant","floor":27,"turns":3},{"damage":11,"enemies":"Gremlin Leader","floor":28,"turns":3},{"damage":2,"enemies":"Centurion and Healer","floor":31,"turns":4},{"damage":81,"enemies":"Collector","floor":33,"turns":5}],"seed_played":"-2463471341485849212","potions_obtained":[{"floor":1,"key":"BlessingOfTheForge"},{"floor":3,"key":"LiquidBronze"},{"floor":4,"key":"SpeedPotion"},{"floor":11,"key":"Swift Potion"},{"floor":13,"key":"Dexterity Potion"},{"floor":21,"key":"FocusPotion"},{"floor":24,"key":"Weak Potion"},{"floor":25,"key":"Dexterity Potion"}],"is_trial":false,"path_per_floor":["M","M","M","M","M","R","E","M","T","M","M","R","M","$","R","B",null,"M","M","?","M","?","E","M","M","T","M","E","R","$","M","R","B"],"character_chosen":"DEFECT","items_purchased":["Shuriken","Eternal Feather","Inflame","Coolheaded","Pantograph","DataDisk","Toolbox"],"campfire_rested":3,"item_purchase_floors":[14,14,14,14,30,30,30],"current_hp_per_floor":[75,75,75,75,52,74,61,53,59,48,50,74,65,65,81,52,87,81,71,71,59,42,20,18,19,25,16,7,25,25,25,43,0,0],"gold":363,"neow_bonus":"","is_daily":true,"chose_seed":false,"campfire_upgraded":0,"win_rate":0.0,"timestamp":1614461096,"path_taken":["M","M","M","M","M","R","E","M","T","M","M","R","M","$","R","BOSS","M","M","?","M","?","E","M","M","T","M","E","R","$","M","R","BOSS"],"items_purchased_type":["Relic","Relic","Card","Card","Relic","Relic","Relic"],"build_version":"2020-12-22","purchased_purges":1,"victory":false,"max_hp_per_floor":[75,75,75,75,75,75,75,75,81,81,81,81,81,81,81,87,87,87,87,87,87,92,92,92,92,98,98,98,98,98,98,98,98,98],"card_choices":[{"not_picked":["Infernal Blade","Catalyst"],"picked":"Slice","floor":1},{"not_picked":["PathToVictory","Poisoned Stab"],"picked":"Glacier","floor":2},{"not_picked":["EmptyFist","Protect"],"picked":"Skewer","floor":3},{"not_picked":["Cold Snap","Consecrate"],"picked":"Footwork","floor":4},{"not_picked":["A Thousand Cuts","Turbo"],"picked":"Disarm","floor":5},{"not_picked":["Cold Snap","Wild Strike"],"picked":"Conclude","floor":7},{"not_picked":["CrushJoints","Steam"],"picked":"Dodge and Roll","floor":8},{"not_picked":["Venomology","Havoc"],"picked":"Blood for Blood","floor":10},{"not_picked":["Tantrum","Wild Strike"],"picked":"Dash","floor":11},{"not_picked":["BowlingBash","Beam Cell"],"picked":"Combust","floor":13},{"not_picked":["Devotion","Unload"],"picked":"Wish","floor":16},{"not_picked":["Aggregate","CarveReality"],"picked":"Study","floor":18},{"not_picked":["DeceiveReality","Headbutt"],"picked":"Melter","floor":19},{"not_picked":["Halt","Beam Cell+1"],"picked":"Stack+1","floor":21},{"not_picked":["Tempest","Go for the Eyes"],"picked":"Blasphemy","floor":23},{"not_picked":["Havoc+1","Recycle","Weave"],"picked":"SKIP","floor":24},{"not_picked":["Go for the Eyes","Terror"],"picked":"Loop","floor":25},{"not_picked":["Weave","Pommel Strike"],"picked":"Leap","floor":27},{"not_picked":["Halt","Deadly Poison"],"picked":"Sucker Punch","floor":28},{"not_picked":["Reflex","Burst"],"picked":"Conserve Battery","floor":31}],"player_experience":120927,"relics_obtained":[{"floor":7,"key":"Matryoshka"},{"floor":9,"key":"Blood Vial"},{"floor":9,"key":"CeramicFish"},{"floor":23,"key":"Ancient Tea Set"},{"floor":26,"key":"Tiny Chest"},{"floor":26,"key":"StrikeDummy"},{"floor":28,"key":"Sundial"}],"event_choices":[{"damage_healed":0,"gold_gain":0,"player_choice":"Read","damage_taken":0,"max_hp_gain":0,"max_hp_loss":0,"event_name":"The Library","floor":20,"gold_loss":0,"cards_obtained":["Steam Power"]},{"damage_healed":0,"gold_gain":0,"player_choice":"Shed Blood","damage_taken":22,"max_hp_gain":5,"max_hp_loss":0,"event_name":"Forgotten Altar","floor":22,"gold_loss":0}],"is_beta":false,"boss_relics":[{"not_picked":["Velvet Choker","Runic Dome"],"picked":"Coffee Dripper"}],"items_purged_floors":[30],"is_endless":false,"potions_floor_spawned":[1,3,4,11,13,21,24,25],"killed_by":"Collector","ascension_level":0}}