{"host":"rqgzkpsifhykr0rp","time":1614402118,"event":{"mods":["BaseMod","Colored Map","Downfall","Minty Spire (QoL Compilation)","StSLib"],"gold_per_floor":[99,113,31,49,69,69,69,69,69,102,118,134,44,59,77,176,176,76,95,109,125,10,10,37,37,37,67,94,107,120,134,150,150,150,150],"floor_reached":33,"language":"ENG","playtime":3046,"items_purged":["hexamod:Strike","hexamod:Strike","hexamod:Strike"],"score":300,"play_id":"b8fae1e5-1235-49e3-bfb4-f971177a05c0","local_time":"20210227000158","is_ascension_mode":true,"campfire_choices":[{"floor":1,"key":"RECALL"},{"data":"hexamod:TimeWarp","floor":6,"key":"SMITH"},{"data":"hexamod:Float","floor":9,"key":"SMITH"},{"data":"hexamod:TimeWarp","floor":18,"key":"SMITH"},{"data":"hexamod:ThermalTransfer","floor":23,"key":"SMITH"},{"data":"hexamod:GhostOfSpireFuture","floor":26,"key":"SMITH"}],"circlet_count":0,"master_deck":["hexamod:Defend","hexamod:Defend","hexamod:Defend","hexamod:Defend","hexamod:Sear","hexamod:Float+1","hexamod:StepThrough","hexamod:RadiantFlame","hexamod:FlamesFromBeyond","hexamod:TimeWarp+1","hexamod:GhostOfSpirePast","hexamod:StepThrough","hexamod:FlamesFromBeyond","hexamod:BacktrackSmack","hexamod:AdvancingGuard","hexamod:ThermalTransfer+1","hexamod:GhostOfSpireFuture+1","hexamod:TimeWarp+1","CurseOfTheBell","hexamod:SpectersWail+1","hexamod:SpectersWail+1","hexamod:FlamesFromBeyond","hexamod:ThermalTransfer+1","hexamod:SearingWound","hexamod:Again+1","hexamod:FastForward","expansioncontent:QuickStudy","hexamod:Again+1","hexamod:GiftsFromTheDead","hexamod:ThermalTransfer+1"],"relics":["hexamod:SpiritBrand","Orichalcum","Blood Vial","Calling Bell","WingedGreaves","Darkstone Periapt","Bag of Marbles","downfall:HeartBlessingRed","Juzu Bracelet","hexamod:InflammatoryLetter"],"acts_visited":["Exordium","TheCity"],"potions_floor_usage":[10,12,16,21,30,33,33],"damage_taken":[{"damage":0,"enemies":"Cultist","floor":2,"turns":3},{"damage":0,"enemies":"downfall:FleeingMerchant","floor":3,"turns":4},{"damage":0,"enemies":"Small Slimes","floor":4,"turns":3},{"damage":10,"enemies":"2 Louse","floor":5,"turns":2},{"damage":9,"enemies":"Gremlin Nob","floor":10,"turns":3},{"damage":2,"enemies":"Exordium Wildlife","floor":11,"turns":3},{"damage":9,"enemies":"Exordium Thugs","floor":12,"turns":3},{"damage":10,"enemies":"downfall:FleeingMerchant","floor":13,"turns":4},{"damage":8,"enemies":"Large Slime","floor":14,"turns":6},{"damage":0,"enemies":"Red Slaver","floor":15,"turns":3},{"damage":21,"enemies":"IC_STATUS_ARCHETYPE","floor":16,"turns":5},{"damage":10,"enemies":"Spheric Guardian","floor":19,"turns":4},{"damage":4,"enemies":"downfall:LooterAlt2","floor":20,"turns":2},{"damage":13,"enemies":"3 Cultists","floor":21,"turns":3},{"damage":5,"enemies":"downfall:FleeingMerchant","floor":22,"turns":4},{"damage":7,"enemies":"downfall:FleeingMerchant","floor":27,"turns":3},{"damage":13,"enemies":"Book of Stabbing","floor":28,"turns":5},{"damage":12,"enemies":"Centurion and Healer","floor":29,"turns":3},{"damage":9,"enemies":"Snake Plant","floor":30,"turns":3},{"damage":9,"enemies":"Sentry and Sphere","floor":31,"turns":4},{"damage":0,"enemies":"Chosen and Byrds","floor":32,"turns":4},{"damage":32,"enemies":"DF_ARCHETYPE_CLAW","floor":33,"turns":5}],"seed_played":"-6974006509005422106","potions_obtained":[{"floor":2,"key":"hexamod:SoulburnPotion"},{"floor":5,"key":"ColorlessPotion"},{"floor":12,"key":"SteroidPotion"},{"floor":14,"key":"hexamod:SoulburnPotion"},{"floor":16,"key":"hexamod:EctoCoolerPotion"},{"floor":28,"key":"hexamod:DoubleChargePotion"},{"floor":29,"key":"sneckomod:MuddlingPotion"},{"floor":30,"key":"hexamod:DoubleChargePotion"}],"is_trial":false,"path_per_floor":["R","M","$","M","M","R","T","T","R","E","M","M","$","M","M","B",null,"R","M","M","M","$","R","T","?","R","$","E","M","M","M","M","B"],"character_chosen":"THE_SPIRIT","items_purchased":["hexamod:TimeWarp","hexamod:FastForward","expansioncontent:QuickStudy"],"campfire_rested":0,"item_purchase_floors":[3,27,27],"current_hp_per_floor":[70,70,70,70,60,60,60,60,60,51,51,44,36,30,32,13,70,70,60,58,47,44,44,44,44,44,39,28,18,11,4,6,0,0,0],"gold":150,"neow_bonus":"TRANSFORM_CARD","is_daily":false,"chose_seed":false,"campfire_upgraded":5,"win_rate":0.0,"timestamp":1614402118,"path_taken":["R","M","$","M","M","R","T","?","R","E","?","M","$","?","M","BOSS","R","M","M","M","$","R","T","?","R","$","E","M","M","M","M","BOSS"],"items_purchased_type":["Card","Card","Card"],"build_version":"2020-12-22","purchased_purges":3,"victory":false,"max_hp_per_floor":[70,70,70,70,70,70,70,70,70,70,70,70,70,70,70,70,70,70,70,70,70,70,70,70,70,70,70,70,70,70,70,70,70,70,70],"card_choices":[{"not_picked":["hexamod:Rewind","hexamod:GhostShield"],"picked":"hexamod:RadiantFlame","floor":2},{"not_picked":["hexamod:AdvancingGuard","hexamod:HeatCrush"],"picked":"hexamod:FlamesFromBeyond","floor":3},{"not_picked":["hexamod:SwordOfDarkness","hexamod:FourthSeal"],"picked":"hexamod:GhostOfSpirePast","floor":4},{"not_picked":["hexamod:SpectralSpark","hexamod:HauntingEcho"],"picked":"hexamod:StepThrough","floor":5},{"not_picked":["hexamod:BacktrackSmack","hexamod:InspiringFlames"],"picked":"hexamod:FlamesFromBeyond","floor":10},{"not_picked":["hexamod:SpectralSpark","hexamod:HeatMetal"],"picked":"hexamod:BacktrackSmack","floor":11},{"not_picked":["hexamod:SuperheatedStrike","hexamod:PhantomFireball"],"picked":"hexamod:AdvancingGuard","floor":12},{"not_picked":["hexamod:FifthSeal","hexamod:GhostflameBarrier"],"picked":"hexamod:ThermalTransfer","floor":13},{"not_picked":["hexamod:SkipABeat","hexamod:FirstSeal"],"picked":"hexamod:GhostOfSpireFuture","floor":14},{"not_picked":["hexamod:ShieldOfDarkness","hexamod:SuperheatedStrike","hexamod:BurningTouch"],"picked":"SKIP","floor":15},{"not_picked":["hexamod:ParanormalForm","hexamod:GiftsFromTheDead"],"picked":"hexamod:TimeWarp","floor":16},{"not_picked":["hexamod:GhostLash","hexamod:NightmareStrike+1"],"picked":"hexamod:SpectersWail+1","floor":19},{"not_picked":["hexamod:NightmareStrike","hexamod:ThirdSeal"],"picked":"hexamod:SpectersWail+1","floor":20},{"not_picked":["hexamod:BacktrackSmack","hexamod:SpectralAdrenaline"],"picked":"hexamod:FlamesFromBeyond","floor":21},{"not_picked":["hexamod:InspiringFlames+1","hexamod:GhostShield+1"],"picked":"hexamod:ThermalTransfer+1","floor":22},{"not_picked":["hexamod:SuperheatedStrike+1","hexamod:NightmareStrike"],"picked":"hexamod:Again+1","floor":27},{"not_picked":["hexamod:Firestarter","hexamod:InspiringFlames"],"picked":"hexamod:Again+1","floor":28},{"not_picked":["hexamod:ThirdSeal","hexamod:Firestarter"],"picked":"hexamod:GiftsFromTheDead","floor":29},{"not_picked":["hexamod:HauntingEcho","hexamod:RadiantFlame+1","hexamod:NightmareGuise"],"picked":"SKIP","floor":30},{"not_picked":["hexamod:BurningTouch","hexamod:HauntingEcho"],"picked":"hexamod:ThermalTransfer+1","floor":31},{"not_picked":["hexamod:RetreatToShadows","hexamod:SecondSeal","hexamod:NecessarySacrifice"],"picked":"SKIP","floor":32}],"player_experience":357824,"relics_obtained":[{"floor":8,"key":"Orichalcum"},{"floor":10,"key":"Blood Vial"},{"floor":17,"key":"WingedGreaves"},{"floor":17,"key":"Darkstone Periapt"},{"floor":17,"key":"Bag of Marbles"},{"floor":24,"key":"Juzu Bracelet"},{"floor":28,"key":"hexamod:InflammatoryLetter"}],"event_choices":[],"is_beta":false,"boss_relics":[{"not_picked":["Snecko Eye","Runic Dome"],"picked":"Calling Bell"}],"items_purged_floors":[13,22,27],"is_endless":false,"potions_floor_spawned":[2,5,12,14,16,28,29,30],"killed_by":"DF_ARCHETYPE_CLAW","ascension_level":2}}