{"host":"mtqc4a62lmlvqbqj","time":1614425309,"event":{"mods":["AchievementEnabler","BaseMod","Better Match","Better Third Choice","BetterRewards","Minty Spire (QoL Compilation)","StSLib"],"gold_per_floor":[119,135,145,161,17,49,49,69,143,218,233,233,233,247,247,352,352,362,143,158,178,193,193,205,205,205,222,242,142,155,255,255,356,356,374,391,409,115,126,126,137,12,12,28,0,10,10,23,23,23,23],"floor_reached":50,"language":"ENG","playtime":3495,"items_purged":["Strike_B","Strike_B","Strike_B"],"score":631,"play_id":"de9ee261-7354-4e7d-80ba-69981f5f9a4a","local_time":"20210227122829","is_ascension_mode":false,"campfire_choices":[{"floor":7,"key":"REST"},{"floor":12,"key":"REST"},{"floor":15,"key":"REST"},{"floor":23,"key":"REST"},{"data":"Gash","floor":25,"key":"SMITH"},{"floor":32,"key":"REST"},{"floor":40,"key":"REST"},{"floor":47,"key":"REST"},{"floor":49,"key":"REST"}],"circlet_count":0,"master_deck":["Strike_B","Defend_B","Defend_B","Defend_B","Defend_B","Zap","Dualcast","Go for the Eyes","Rebound","Gash+1","Rebound","Gash","Streamline","Gash","Streamline+1","Go for the Eyes+1","Skim+1","All For One","Scrape","Beam Cell","Hologram+1","Gash","Machine Learning","Parasite","White Noise+1"],"relics":["Cracked Core","Blood Vial","Orrery","TungstenRod","Toxic Egg 2","Runic Dome","Whetstone","Pear","Bird Faced Urn","Matryoshka","Nuclear Battery","Thread and Needle","Bag of Marbles","Question Card","Red Mask"],"acts_visited":["Exordium","TheCity","TheBeyond"],"potions_floor_usage":[6,11,16,33,33,46,46,50],"damage_taken":[{"damage":0,"enemies":"Cultist","floor":1,"turns":3},{"damage":0,"enemies":"Small Slimes","floor":2,"turns":2},{"damage":6,"enemies":"Jaw Worm","floor":3,"turns":3},{"damage":20,"enemies":"Large Slime","floor":4,"turns":5},{"damage":17,"enemies":"3 Sentries","floor":6,"turns":4},{"damage":4,"enemies":"Looter","floor":8,"turns":2},{"damage":9,"enemies":"Gremlin Gang","floor":11,"turns":3},{"damage":11,"enemies":"Blue Slaver","floor":14,"turns":2},{"damage":30,"enemies":"Hexaghost","floor":16,"turns":8},{"damage":0,"enemies":"Chosen","floor":18,"turns":3},{"damage":10,"enemies":"Shell Parasite","floor":20,"turns":5},{"damage":13,"enemies":"Centurion and Healer","floor":21,"turns":4},{"damage":0,"enemies":"Snecko","floor":22,"turns":2},{"damage":7,"enemies":"Snake Plant","floor":24,"turns":4},{"damage":6,"enemies":"3 Cultists","floor":27,"turns":4},{"damage":0,"enemies":"Snecko","floor":28,"turns":2},{"damage":19,"enemies":"Shelled Parasite and Fungi","floor":30,"turns":4},{"damage":18,"enemies":"Colosseum Slavers","floor":31,"turns":2},{"damage":24,"enemies":"Colosseum Nobs","floor":31,"turns":4},{"damage":31,"enemies":"Automaton","floor":33,"turns":6},{"damage":24,"enemies":"3 Shapes","floor":35,"turns":3},{"damage":7,"enemies":"3 Darklings","floor":36,"turns":3},{"damage":33,"enemies":"Writhing Mass","floor":37,"turns":5},{"damage":6,"enemies":"Maw","floor":39,"turns":5},{"damage":19,"enemies":"Sphere and 2 Shapes","floor":41,"turns":4},{"damage":0,"enemies":"Jaw Worm Horde","floor":44,"turns":2},{"damage":30,"enemies":"Maw","floor":46,"turns":6},{"damage":0,"enemies":"Sphere and 2 Shapes","floor":48,"turns":2},{"damage":77,"enemies":"Awakened One","floor":50,"turns":6}],"seed_played":"5231897590391722795","potions_obtained":[{"floor":1,"key":"Explosive Potion"},{"floor":4,"key":"Ancient Potion"},{"floor":11,"key":"EssenceOfSteel"},{"floor":18,"key":"Swift Potion"},{"floor":20,"key":"AttackPotion"},{"floor":21,"key":"FocusPotion"},{"floor":36,"key":"Strength Potion"},{"floor":41,"key":"Energy Potion"}],"is_trial":false,"path_per_floor":["M","M","M","M","$","E","R","M","T","?","M","R","?","M","R","B",null,"M","$","M","M","M","R","M","R","T","M","M","$","M","?","R","B",null,"M","M","M","$","M","R","M","$","T","M","?","M","R","M","R","B"],"character_chosen":"DEFECT","items_purchased":["Go for the Eyes","Rebound","Gash","Orrery","Whetstone","Thread and Needle"],"campfire_rested":8,"item_purchase_floors":[0,0,0,5,19,38],"current_hp_per_floor":[55,57,53,35,35,20,42,40,40,34,27,49,43,34,56,28,75,75,75,65,54,56,75,68,68,78,74,76,76,59,21,46,17,85,61,56,27,27,25,50,35,35,35,37,37,11,36,40,65,0,0],"gold":23,"neow_bonus":"","is_daily":false,"chose_seed":false,"campfire_upgraded":1,"win_rate":0.0,"timestamp":1614425309,"path_taken":["M","M","M","M","$","E","R","M","T","?","?","R","?","M","R","BOSS","M","$","M","M","M","R","?","R","T","M","M","$","M","?","R","BOSS","M","M","M","$","M","R","M","$","T","M","?","M","R","M","R","BOSS"],"items_purchased_type":["Card","Card","Card","Relic","Relic","Relic"],"build_version":"2020-12-22","purchased_purges":3,"victory":false,"max_hp_per_floor":[75,75,75,75,75,75,75,75,75,75,75,75,75,75,75,75,75,75,75,75,75,75,75,75,75,85,85,85,85,85,85,85,85,85,85,85,85,85,85,85,85,85,85,85,85,85,85,85,85,85,85],"card_choices":[{"not_picked":["Chill","Ball Lightning"],"picked":"Rebound","floor":1},{"not_picked":["Rebound","Ball Lightning"],"picked":"Gash","floor":2},{"not_picked":["Ball Lightning","Chill","Barrage"],"picked":"SKIP","floor":3},{"not_picked":["Conserve Battery","Cold Snap"],"picked":"Streamline","floor":4},{"not_picked":["Rainbow","Ball Lightning"],"picked":"Gash","floor":5},{"not_picked":["Capacitor","Compile Driver","Fusion"],"picked":"SKIP","floor":6},{"not_picked":["Leap","Gash"],"picked":"Streamline","floor":8},{"not_picked":["Darkness+1","Conserve Battery+1"],"picked":"Go for the Eyes","floor":11},{"not_picked":["Compile Driver","Leap+1"],"picked":"Skim+1","floor":14},{"not_picked":["Multi-Cast+1","Amplify+1"],"picked":"All For One","floor":16},{"not_picked":["Compile Driver","Steam+1"],"picked":"Scrape","floor":18},{"not_picked":["Conserve Battery+1","Aggregate+1"],"picked":"Beam Cell","floor":20},{"not_picked":["Beam Cell+1","Sweeping Beam+1"],"picked":"Hologram+1","floor":21},{"not_picked":["Coolheaded+1","Stack+1","Echo Form"],"picked":"SKIP","floor":22},{"not_picked":["Leap+1","Conserve Battery+1","Steam+1"],"picked":"SKIP","floor":24},{"not_picked":["Beam Cell","Darkness+1"],"picked":"Gash","floor":27},{"not_picked":["Reprogram+1","Steam Power+1","Darkness+1"],"picked":"SKIP","floor":28},{"not_picked":["Go for the Eyes+1","Sweeping Beam+1","Reboot+1"],"picked":"SKIP","floor":30},{"not_picked":["Multi-Cast+1","Echo Form"],"picked":"Machine Learning","floor":33},{"not_picked":["Stack+1","Static Discharge","Aggregate+1"],"picked":"SKIP","floor":35},{"not_picked":["Aggregate+1","Capacitor","Go for the Eyes"],"picked":"SKIP","floor":36},{"not_picked":["Reinforced Body+1","Aggregate+1","Ball Lightning+1"],"picked":"SKIP","floor":37},{"not_picked":["Biased Cognition","Compile Driver+1","Capacitor"],"picked":"SKIP","floor":39},{"not_picked":["Defragment+1","Scrape","Cold Snap+1"],"picked":"SKIP","floor":41},{"not_picked":["Cold Snap","Leap+1","Coolheaded+1","Conserve Battery+1"],"picked":"SKIP","floor":44},{"not_picked":["Beam Cell+1","Compile Driver","Darkness+1"],"picked":"White Noise+1","floor":46},{"not_picked":["Barrage+1","Skim+1","White Noise+1","Auto Shields+1"],"picked":"SKIP","floor":48}],"player_experience":49489,"relics_obtained":[{"floor":6,"key":"TungstenRod"},{"floor":9,"key":"Toxic Egg 2"},{"floor":26,"key":"Pear"},{"floor":31,"key":"Bird Faced Urn"},{"floor":31,"key":"Matryoshka"},{"floor":43,"key":"Bag of Marbles"},{"floor":43,"key":"Question Card"}],"event_choices":[{"damage_healed":0,"gold_gain":75,"player_choice":"Touch","damage_taken":7,"max_hp_gain":0,"max_hp_loss":0,"event_name":"FaceTrader","floor":10,"gold_loss":0},{"damage_healed":0,"gold_gain":0,"player_choice":"Damaged","damage_taken":7,"max_hp_gain":0,"max_hp_loss":0,"event_name":"Wheel of Change","floor":13,"gold_loss":0},{"damage_healed":0,"gold_gain":0,"player_choice":"Fight","damage_taken":0,"max_hp_gain":0,"max_hp_loss":0,"event_name":"Colosseum","floor":31,"gold_loss":0},{"damage_healed":0,"gold_gain":0,"player_choice":"Fought Nobs","damage_taken":0,"max_hp_gain":0,"max_hp_loss":0,"event_name":"Colosseum","floor":31,"gold_loss":0},{"damage_healed":0,"gold_gain":0,"player_choice":"Paid","damage_taken":0,"relics_obtained":["Red Mask"],"max_hp_gain":0,"max_hp_loss":0,"event_name":"Tomb of Lord Red Mask","floor":45,"gold_loss":28}],"is_beta":false,"boss_relics":[{"not_picked":["Astrolabe","Coffee Dripper"],"picked":"Runic Dome"},{"not_picked":["SacredBark","Black Star"],"picked":"Nuclear Battery"}],"items_purged_floors":[19,29,42],"is_endless":false,"potions_floor_spawned":[1,4,11,18,20,21,30,36,41,44],"killed_by":"Awakened One","ascension_level":0}}