{"host":"6y4souh2b914ntp5","time":1614404415,"event":{"mods":["Aspiration","BaseMod","Hubris","Infinite Spire","Koishi","Marisa????????","Minty Spire (QoL Compilation)","Remilia??????","Replay The Spire","Shop Mod","StSLib","The Mystic","The Senshi","Youmu??????","Yuyuko"],"gold_per_floor":[117,132,132,18,36,36,64,64,64,75,88,88,88,16,16,116,116,127,16,36,36,36,36,69,85,154,154,154,184,184,200,200,295,295,306,316,316,329,343,373,385,401,425,425,425],"floor_reached":44,"language":"ENG","playtime":3420,"items_purged":["theSenshi:SailorKick"],"score":480,"play_id":"84df234d-c18b-453b-bf8b-a5cdab687b39","local_time":"20210226234015","is_ascension_mode":false,"campfire_choices":[{"data":"theSenshi:MoonCrystalPowerMakeUp","floor":6,"key":"SMITH"},{"data":"theSenshi:CrisisMakeUp","floor":13,"key":"SMITH"},{"data":"theSenshi:MoonPrismPowerMakeUp","floor":15,"key":"SMITH"},{"floor":23,"key":"REST"},{"data":"theSenshi:StudyParty","floor":27,"key":"SMITH"},{"data":"theSenshi:RainbowMoonHeartAche","floor":30,"key":"SMITH"},{"data":"theSenshi:LunaSensingAllies","floor":32,"key":"SMITH"}],"circlet_count":0,"master_deck":["theSenshi:SailorKick","theSenshi:SailorKick","theSenshi:SailorBlock","theSenshi:SailorBlock","theSenshi:SailorBlock","theSenshi:SailorBlock","theSenshi:RoseThrow","theSenshi:MoonPrismPowerMakeUp+1","theSenshi:VenusGlamour","theSenshi:MoonCrystalPowerMakeUp","theSenshi:MoonCrystalPowerMakeUp+1","theSenshi:SailorPlanetAttack","theSenshi:SailorMarsAssists","theSenshi:RainbowMoonHeartAche+1","theSenshi:CrisisMakeUp+1","theSenshi:MoonCrystalPowerMakeUp","theSenshi:MercurysCunning","theSenshi:LunaSensingAllies+1","theSenshi:MoonTwilightFlash","theSenshi:MoonCosmicPowerMakeUp","theSenshi:MoonHealingEscalation","infinitespire:Starlight","theSenshi:NeptunesGrace","theSenshi:StudyParty+1","theSenshi:MercurysCunning+1","theSenshi:CrisisMakeUp+1","theSenshi:IWillPunishYou+1","Parasite","theSenshi:MoonCosmicPowerMakeUp+1","Parasite","theSenshi:MoonPunch","Voices"],"relics":["theSenshi:TransformationBroochRelic","NeowsBlessing","Gremlin Horn","Dream Catcher","hubris:DisguiseKit","Black Star","Philosopher\u0027s Stone","Strange Spoon","Simple Rune","theSenshi:SailorFukuRelic","hubris:CrystalStatue","Vajra","FossilizedHelix","Cursed Key","hubris:SlimyHat","Boot","ReplayTheSpireMod:TigerMarble"],"acts_visited":["Exordium","TheCity","TheBeyond"],"potions_floor_usage":[16,29,29,33,36,41],"damage_taken":[{"damage":0,"enemies":"2 Louse","floor":1,"turns":2},{"damage":0,"enemies":"Cultist","floor":2,"turns":1},{"damage":0,"enemies":"Jaw Worm","floor":5,"turns":1},{"damage":12,"enemies":"3 Sentries","floor":7,"turns":6},{"damage":0,"enemies":"2 Fungi Beasts","floor":10,"turns":2},{"damage":0,"enemies":"Large Slime","floor":11,"turns":4},{"damage":52,"enemies":"Slime Boss","floor":16,"turns":11},{"damage":41,"enemies":"3 Byrds","floor":18,"turns":7},{"damage":24,"enemies":"Shell Parasite","floor":20,"turns":10},{"damage":14,"enemies":"Replay:Snechameleon","floor":24,"turns":7},{"damage":28,"enemies":"Shelled Parasite and Fungi","floor":25,"turns":7},{"damage":3,"enemies":"Book of Stabbing","floor":29,"turns":5},{"damage":0,"enemies":"3 Cultists","floor":31,"turns":4},{"damage":42,"enemies":"Automaton","floor":33,"turns":10},{"damage":0,"enemies":"Orb Walker","floor":35,"turns":3},{"damage":30,"enemies":"3 Shapes","floor":36,"turns":5},{"damage":8,"enemies":"Writhing Mass","floor":38,"turns":6},{"damage":20,"enemies":"Jaw Worm Horde","floor":39,"turns":5},{"damage":33,"enemies":"R_Hoarder","floor":40,"turns":8},{"damage":18,"enemies":"Transient","floor":41,"turns":5},{"damage":12,"enemies":"Writhing Mass","floor":42,"turns":6},{"damage":71,"enemies":"Nightmare","floor":44,"turns":8}],"seed_played":"3388949499370744655","potions_obtained":[{"floor":2,"key":"Venom Potion"},{"floor":5,"key":"FearPotion"},{"floor":10,"key":"Venom Potion"},{"floor":20,"key":"EssenceOfSteel"},{"floor":24,"key":"SteroidPotion"},{"floor":25,"key":"PowerPotion"},{"floor":35,"key":"DistilledChaos"},{"floor":39,"key":"SpeedPotion"}],"is_trial":false,"path_per_floor":["M","M","?","$","M","R","E","?","T","M","M","?","R","$","R","B",null,"M","$","M","AVR","?","R","E","M","T","R","?","E","R","M","R","B",null,"M","M","?","M","M","E","M","M","T","NM"],"character_chosen":"THE_SENSHI","items_purchased":["theSenshi:MoonCrystalPowerMakeUp","theSenshi:SailorPlanetAttack","theSenshi:MercurysCunning","theSenshi:MoonCosmicPowerMakeUp","theSenshi:MoonHealingEscalation"],"campfire_rested":1,"item_purchase_floors":[4,4,14,19,19],"current_hp_per_floor":[75,75,75,75,75,75,63,63,63,63,63,63,63,63,63,11,75,34,34,20,20,20,42,43,35,35,35,35,57,57,67,67,35,75,75,70,70,75,70,57,44,47,47,0,0],"gold":425,"neow_bonus":"THREE_ENEMY_KILL","is_daily":false,"chose_seed":false,"campfire_upgraded":6,"win_rate":0.0,"timestamp":1614404415,"path_taken":["M","M","?","$","?","R","E","?","T","M","M","?","R","$","R","BOSS","M","$","M","AVR","?","R","E","M","T","R","?","E","R","M","R","BOSS","M","?","?","M","M","E","M","M","T","NM"],"items_purchased_type":["Card","Card","Card","Card","Card"],"build_version":"2020-12-22","purchased_purges":1,"victory":false,"max_hp_per_floor":[75,75,75,75,75,75,75,75,75,75,75,75,75,75,75,75,75,75,75,75,75,75,75,75,75,75,75,75,75,75,75,75,75,75,75,75,75,75,75,75,75,75,75,75,75],"card_choices":[{"not_picked":["theSenshi:MoonTiaraMagic","theSenshi:MoonlightKnight"],"picked":"theSenshi:VenusGlamour","floor":1},{"not_picked":["theSenshi:KlutzyLuck","theSenshi:SailorStarFighterAssists"],"picked":"theSenshi:MoonCrystalPowerMakeUp","floor":2},{"not_picked":["theSenshi:SailorChibiMoonAssists","theSenshi:TuxedoSmokingBomber"],"picked":"theSenshi:SailorMarsAssists","floor":5},{"not_picked":["theSenshi:TallSilhouette","theSenshi:PlutosSolemnity"],"picked":"theSenshi:RainbowMoonHeartAche","floor":7},{"not_picked":["theSenshi:SupersonicWaves","theSenshi:MoonHealingEscalation"],"picked":"theSenshi:CrisisMakeUp","floor":10},{"not_picked":["theSenshi:SteeledNerves","theSenshi:EncouragingSpeech"],"picked":"theSenshi:MoonCrystalPowerMakeUp","floor":11},{"not_picked":["theSenshi:SailorPlutoAssists","theSenshi:IWillPunishYou","Grand Finale"],"picked":"theSenshi:LunaSensingAllies","floor":16},{"not_picked":["theSenshi:EncouragingSpeech+1","theSenshi:MoonCrisisMakeUp","Escape Plan"],"picked":"theSenshi:MoonTwilightFlash","floor":18},{"not_picked":["theSenshi:SchoolBag+1","theSenshi:MoonlightKnight+1","theSenshi:PlutosSolemnity","Quick Slash"],"picked":"SKIP","floor":20},{"not_picked":["theSenshi:MoonKick+1","theSenshi:OdangoHead","Draining Mist"],"picked":"theSenshi:NeptunesGrace","floor":23},{"not_picked":["theSenshi:Sidestep","theSenshi:MoonPrincessHalation","Dagger Throw"],"picked":"theSenshi:StudyParty","floor":24},{"not_picked":["theSenshi:SchoolBag","theSenshi:Sidestep","theSenshi:SailorMarsAssists","hubris:SlightOfHand"],"picked":"SKIP","floor":25},{"not_picked":["theSenshi:YouCanTalk","theSenshi:GatheringStrength","Skewer"],"picked":"theSenshi:MercurysCunning+1","floor":29},{"not_picked":["theSenshi:InTheNickOfTime+1","theSenshi:SailorPlutoAssists","ReplayTheSpireMod:Scrap Shanks"],"picked":"theSenshi:CrisisMakeUp+1","floor":31},{"not_picked":["theSenshi:GlimpseOfThePast","theSenshi:JupitersPower","Adrenaline"],"picked":"theSenshi:IWillPunishYou","floor":33},{"not_picked":["theSenshi:KlutzyLuck","theSenshi:SailorChibiMoonAssists+1","theSenshi:MoonPunch","Dagger Throw"],"picked":"SKIP","floor":35},{"not_picked":["theSenshi:TallSilhouette+1","theSenshi:EncouragingSpeech","theSenshi:SailorChibiMoonAssists+1","Outmaneuver"],"picked":"SKIP","floor":36},{"not_picked":["theSenshi:LateForSchool","theSenshi:LunasBite","theSenshi:PlutosSolemnity+1","Hidden Blade"],"picked":"SKIP","floor":38},{"not_picked":["theSenshi:MoonlightKnight","theSenshi:Sidestep","Fluid Movement"],"picked":"theSenshi:MoonCosmicPowerMakeUp+1","floor":39},{"not_picked":["theSenshi:MoonPunch","theSenshi:NeptunesGrace+1","theSenshi:MoonCosmicPowerMakeUp","Eviscerate"],"picked":"SKIP","floor":40},{"not_picked":["theSenshi:TallSilhouette+1","theSenshi:SailorChibiMoonAssists","theSenshi:LateForSchool+1","Distraction"],"picked":"SKIP","floor":41},{"not_picked":["theSenshi:SailorNeptuneAssists","theSenshi:TuxedoSmokingBomber+1","Deadly Poison"],"picked":"theSenshi:MoonPunch","floor":42}],"player_experience":429504,"relics_obtained":[{"floor":7,"key":"Dream Catcher"},{"floor":24,"key":"Simple Rune"},{"floor":24,"key":"theSenshi:SailorFukuRelic"},{"floor":26,"key":"hubris:CrystalStatue"},{"floor":29,"key":"Vajra"},{"floor":29,"key":"FossilizedHelix"},{"floor":40,"key":"hubris:SlimyHat"},{"floor":40,"key":"Boot"},{"floor":43,"key":"ReplayTheSpireMod:TigerMarble"}],"event_choices":[{"damage_healed":0,"gold_gain":0,"player_choice":"Gave Potion","damage_taken":0,"relics_obtained":["Gremlin Horn"],"max_hp_gain":0,"max_hp_loss":0,"event_name":"WeMeetAgain","floor":3,"gold_loss":0},{"cards_removed":["theSenshi:SailorKick"],"damage_healed":0,"gold_gain":0,"player_choice":"Forget","damage_taken":0,"max_hp_gain":0,"max_hp_loss":0,"event_name":"Living Wall","floor":8,"gold_loss":0},{"damage_healed":0,"gold_gain":0,"player_choice":"Ignored","damage_taken":0,"max_hp_gain":0,"max_hp_loss":0,"event_name":"NoteForYourself","floor":28,"gold_loss":0}],"is_beta":false,"boss_relics":[{"not_picked":["hubris:HollowSoul","Busted Crown"],"picked":"Black Star"},{"not_picked":["Snecko Eye","aspiration:SilentSkillbook"],"picked":"Cursed Key"}],"items_purged_floors":[21],"is_endless":false,"potions_floor_spawned":[2,5,10,20,24,25,35,39],"killed_by":"Nightmare","ascension_level":0}}