{"host":"b1dzdo8uo7e6jx8g","time":1614454793,"event":{"mods":["AchievementEnabler","BaseMod","BetterRewards","Colored Map","Downfall","Highlight Path","Minty Spire (QoL Compilation)","StSLib"],"gold_per_floor":[113,113,12,35,35,35,376,389,389,354,377,400,400,75,75,204,204,228,228,228,294,145,145,145],"floor_reached":23,"language":"ENG","playtime":783,"items_purged":["downfall:Malfunctioning","Strike_P"],"score":208,"play_id":"fa34468c-34d5-46e6-ad55-98f6151b3d1f","local_time":"20210227203953","is_ascension_mode":true,"campfire_choices":[{"data":"Consecrate","floor":6,"key":"SMITH"},{"floor":15,"key":"REST"}],"circlet_count":0,"master_deck":["Strike_P","Strike_P","Strike_P","Defend_P+1","Defend_P+1","Defend_P","Defend_P","Eruption","Vigilance","Consecrate+1","Crescendo","FlyingSleeves","SpiritShield","Halt","Establishment","Wallop+1","Halt"],"relics":["PureWater","Dead Branch","Golden Idol","Old Coin","Letter Opener","War Paint","Question Card","Black Star","Blue Candle","SsserpentHead"],"acts_visited":["Exordium","TheCity"],"potions_floor_usage":[12,18,23],"damage_taken":[{"damage":13,"enemies":"Jaw Worm","floor":1,"turns":5},{"damage":1,"enemies":"2 Louse","floor":4,"turns":2},{"damage":28,"enemies":"3 Sentries","floor":7,"turns":6},{"damage":0,"enemies":"Cultist","floor":8,"turns":3},{"damage":18,"enemies":"Looter","floor":11,"turns":2},{"damage":0,"enemies":"Blue Slaver","floor":12,"turns":2},{"damage":62,"enemies":"The Guardian","floor":16,"turns":16},{"damage":20,"enemies":"2 Thieves","floor":18,"turns":3},{"damage":24,"enemies":"Chosen","floor":21,"turns":4},{"damage":63,"enemies":"Book of Stabbing","floor":23,"turns":4}],"seed_played":"4712574460035715457","potions_obtained":[{"floor":1,"key":"Explosive Potion"},{"floor":12,"key":"Energy Potion"},{"floor":16,"key":"Fire Potion"},{"floor":21,"key":"Block Potion"}],"is_trial":false,"path_per_floor":["M","?","$","M","?","R","E","M","T","?","M","M","T","$","R","B",null,"M","?","?","M","$","E"],"character_chosen":"WATCHER","items_purchased":["FairyPotion","Question Card","Halt"],"campfire_rested":1,"item_purchase_floors":[3,14,22],"current_hp_per_floor":[59,41,41,40,72,72,44,44,44,62,44,44,44,44,65,3,72,52,47,47,23,23,0,0],"gold":145,"neow_bonus":"ONE_RARE_RELIC","is_daily":false,"chose_seed":false,"campfire_upgraded":1,"win_rate":0.0,"timestamp":1614454793,"path_taken":["M","?","$","M","?","R","E","?","T","?","M","M","?","?","R","BOSS","M","?","?","?","$","E"],"items_purchased_type":["Potion","Relic","Card"],"build_version":"2020-12-22","purchased_purges":2,"victory":false,"max_hp_per_floor":[72,72,72,72,72,72,72,72,72,72,72,72,72,72,72,72,72,72,72,72,72,72,72,72],"card_choices":[{"not_picked":["EmptyMind","Swivel"],"picked":"Consecrate","floor":1},{"not_picked":["JustLucky","Protect"],"picked":"Tantrum","floor":4},{"not_picked":["Protect","ReachHeaven"],"picked":"Crescendo","floor":7},{"not_picked":["Vengeance","EmptyMind"],"picked":"FlyingSleeves","floor":8},{"not_picked":["JustLucky","FlurryOfBlows"],"picked":"SpiritShield","floor":11},{"not_picked":["Perseverance","FollowUp"],"picked":"Halt","floor":12},{"not_picked":["MasterReality","Wish","Blasphemy"],"picked":"Establishment","floor":16},{"not_picked":["CrushJoints","Vengeance","ForeignInfluence"],"picked":"Wallop+1","floor":18},{"not_picked":["Fasting2+1","CrushJoints+1","BowlingBash","PathToVictory"],"picked":"SKIP","floor":21}],"player_experience":272963,"relics_obtained":[{"floor":7,"key":"Old Coin"},{"floor":9,"key":"Letter Opener"},{"floor":13,"key":"War Paint"}],"event_choices":[{"damage_healed":0,"gold_gain":0,"player_choice":"Take Damage","damage_taken":18,"relics_obtained":["Golden Idol"],"max_hp_gain":0,"max_hp_loss":0,"event_name":"Golden Idol","floor":2,"gold_loss":0},{"cards_removed":["Tantrum"],"damage_healed":32,"gold_gain":0,"player_choice":"Offered Uncommon","damage_taken":0,"max_hp_gain":0,"max_hp_loss":0,"event_name":"Bonfire Elementals","floor":5,"gold_loss":0},{"damage_healed":18,"gold_gain":0,"player_choice":"Healed","damage_taken":0,"max_hp_gain":0,"max_hp_loss":0,"event_name":"The Cleric","floor":10,"gold_loss":35},{"damage_healed":0,"gold_gain":0,"player_choice":"Trade","damage_taken":0,"relics_obtained":["SsserpentHead"],"max_hp_gain":0,"max_hp_loss":0,"event_name":"FaceTrader","floor":20,"gold_loss":0}],"is_beta":false,"boss_relics":[{"not_picked":["Coffee Dripper","Astrolabe"],"picked":"Black Star"}],"items_purged_floors":[14,22],"is_endless":false,"potions_floor_spawned":[1,12,16,21],"killed_by":"Book of Stabbing","ascension_level":2}}