{"host":"c5j8t0wyh2hvx9ju","time":1614385745,"event":{"mods":["Act Like it!","Astrologer","BaseMod","BetterRewards","Gensokyo","Lobotomy","LobotomyExtend","Minty Spire (QoL Compilation)","Prisma Mod","StSLib"],"gold_per_floor":[116,44,56,76,93,110,169,169,169,169,169,169,189,189,41,66,79,79,175,175,190,208,208,223,148,148,161,186,186,186,221,239,239,239,239,239,239],"floor_reached":33,"language":"JPN","playtime":2419,"items_purged":["Parasite"],"score":532,"play_id":"a0941d63-54d5-4d30-aa1c-6f641beac7c5","local_time":"20210227092905","is_ascension_mode":true,"campfire_choices":[{"data":"Vault","floor":6.0,"key":"SMITH"},{"floor":8.0,"key":"REST"},{"data":"FlurryOfBlows","floor":15.0,"key":"SMITH"},{"floor":23.0,"key":"REST"},{"floor":27.0,"key":"REST"},{"data":"Eruption","floor":32,"key":"SMITH"}],"circlet_count":0,"master_deck":["Strike_P+1","Strike_P","Strike_P+1","Strike_P+1","Defend_P+1","Defend_P","Defend_P","Defend_P+1","Eruption+1","Vigilance+1","Conclude+1","CarveReality+1","LessonLearned+1","Tantrum+1","TalkToTheHand+1","Vault+1","Establishment+1","TalkToTheHand+1","Dazed","FlurryOfBlows+1","Protect+1","Parasite","FlurryOfBlows+1","ConjureBlade","Halt+1","MentalFortress+1","Brilliance","Evaluate","FlurryOfBlows","Eruption+1"],"relics":["PureWater","Bronze Scales","Orrery","LetterFromLob","Pear","ShedSkin_r","Moonlight_r","Lee\u0027s Waffle","InkBottle","Cursed Key","MealTicket","Bottled Tornado"],"acts_visited":["Exordium","TheBeyond"],"potions_floor_usage":[33],"damage_taken":[{"damage":3.0,"enemies":"Small Slimes","floor":1.0,"turns":2.0},{"damage":11.0,"enemies":"2 Louse","floor":3.0,"turns":3.0},{"damage":8.0,"enemies":"Small Slimes","floor":1.0,"turns":3.0},{"damage":4.0,"enemies":"Jaw Worm","floor":2.0,"turns":4.0},{"damage":14.0,"enemies":"Cultist","floor":3.0,"turns":5.0},{"damage":9.0,"enemies":"Blue Slaver","floor":10.0,"turns":4.0},{"damage":7.0,"enemies":"Gremlin Nob","floor":13.0,"turns":4.0},{"damage":0.0,"enemies":"Exordium Wildlife","floor":14.0,"turns":3.0},{"damage":7.0,"enemies":"Hexaghost","floor":16.0,"turns":5.0},{"damage":19.0,"enemies":"3 Darklings","floor":18.0,"turns":4.0},{"damage":7.0,"enemies":"3 Shapes","floor":19.0,"turns":8.0},{"damage":7.0,"enemies":"3 Darklings","floor":21.0,"turns":4.0},{"damage":12.0,"enemies":"Spire Growth","floor":24.0,"turns":5.0},{"damage":15.0,"enemies":"Nemesis","floor":25.0,"turns":8.0},{"damage":34.0,"enemies":"Reptomancer","floor":28.0,"turns":9.0},{"damage":5.0,"enemies":"Transient","floor":29.0,"turns":6.0},{"damage":66,"enemies":"Donu and Deca","floor":33,"turns":6}],"seed_played":"3752150741876104488","potions_obtained":[{"floor":3.0,"key":"ColorlessPotion"},{"floor":1.0,"key":"Explosive Potion"}],"is_trial":false,"path_per_floor":["M","$","M","?","M","M","M","?","?","R","?","R","T","M","M","$","E","M","R","B",null,"M","M","?","M","$","R","M","E","T","R","E","M","?","?","R","B"],"character_chosen":"WATCHER","items_purchased":["Conclude","CarveReality","LessonLearned","Tantrum","Bronze Scales","TalkToTheHand","Orrery","Regen Potion","Lee\u0027s Waffle"],"campfire_rested":3,"item_purchase_floors":[0,0,0,0,0,0,0,2,12],"current_hp_per_floor":[28,28,17,50,46,32,32,56,56,42,63,73,64,1,89,82,82,82,75,86,67,60,60,53,53,77,65,50,50,74,40,49,61,61,61,0,0],"gold":239,"neow_bonus":"","is_daily":false,"chose_seed":false,"campfire_upgraded":3,"win_rate":0.0,"timestamp":1614385745,"path_taken":["M","$","M","?","M","M","M","?","?","R","?","R","T","M","M","$","E","M","R","BOSS","M","M","?","M","$","R","M","E","T","R","E","M","?","?","R","BOSS"],"items_purchased_type":["Card","Card","Card","Card","Relic","Card","Relic","Potion","Relic"],"build_version":"2020-12-22","purchased_purges":1,"victory":false,"max_hp_per_floor":[72,72,72,72,72,72,72,72,72,72,72,82,82,82,89,89,89,89,89,89,89,89,85,85,82,82,82,82,82,82,82,82,82,82,82,82,82],"card_choices":[{"not_picked":["WheelKick","JustLucky"],"picked":"SandsOfTime","floor":0.0},{"not_picked":["ThirdEye","WindmillStrike"],"picked":"Vault","floor":0.0},{"not_picked":["LikeWater","Nirvana"],"picked":"Establishment","floor":0.0},{"not_picked":["ClearTheMind","JustLucky"],"picked":"TalkToTheHand","floor":0.0},{"not_picked":["ThirdEye","Protect","CutThroughFate"],"picked":"SKIP","floor":1.0},{"not_picked":["Evaluate","Protect"],"picked":"FlurryOfBlows","floor":3.0},{"not_picked":["Wish","ClearTheMind","Prostrate"],"picked":"SKIP","floor":1.0},{"not_picked":["Protect","EmptyFist"],"picked":"FlurryOfBlows","floor":2.0},{"not_picked":["DeceiveReality","PathToVictory"],"picked":"Protect","floor":3.0},{"not_picked":["EmptyFist","Consecrate","Perseverance"],"picked":"SKIP","floor":10.0},{"not_picked":["Wireheading","Study","Nirvana"],"picked":"SKIP","floor":13.0},{"not_picked":["CrushJoints","BowlingBash"],"picked":"FlurryOfBlows","floor":14.0},{"not_picked":["Alpha","Blasphemy"],"picked":"ConjureBlade","floor":16.0},{"not_picked":["Consecrate","Collect+1","JustLucky"],"picked":"SKIP","floor":18.0},{"not_picked":["Tantrum+1","ClearTheMind+1","BowlingBash+1"],"picked":"SKIP","floor":19.0},{"not_picked":["ReachHeaven+1","FlyingSleeves","ClearTheMind"],"picked":"SKIP","floor":21.0},{"not_picked":["CrushJoints+1","EmptyFist+1"],"picked":"Halt+1","floor":24.0},{"not_picked":["CrushJoints","Prostrate+1"],"picked":"MentalFortress+1","floor":25.0},{"not_picked":["Prostrate+1","JustLucky+1"],"picked":"Brilliance","floor":28.0},{"not_picked":["CutThroughFate+1","Consecrate"],"picked":"Evaluate","floor":29}],"player_experience":915748,"relics_obtained":[{"floor":1.0,"key":"LetterFromLob"},{"floor":1.0,"key":"LetterFromLob"},{"floor":9.0,"key":"Pear"},{"floor":13.0,"key":"InkBottle"},{"floor":25.0,"key":"MealTicket"},{"floor":28.0,"key":"Bottled Tornado"}],"event_choices":[{"damage_healed":0.0,"max_hp_gain":0.0,"max_hp_loss":0.0,"gold_gain":59.0,"event_name":"Golden Wing","player_choice":"Gained Gold","floor":4.0,"gold_loss":0.0,"damage_taken":0.0},{"damage_healed":24.0,"max_hp_gain":0.0,"max_hp_loss":0.0,"gold_gain":0.0,"event_name":"Big Fish","player_choice":"Banana","floor":5.0,"gold_loss":0.0,"damage_taken":0.0},{"damage_healed":0.0,"max_hp_gain":0.0,"max_hp_loss":0.0,"gold_gain":0.0,"event_name":"Shining Light","player_choice":"Entered Light","floor":7.0,"gold_loss":0.0,"damage_taken":14.0,"cards_upgraded":["FlurryOfBlows","Strike_P"]},{"damage_healed":0.0,"max_hp_gain":0.0,"max_hp_loss":4.0,"gold_gain":0.0,"event_name":"Winding Halls","player_choice":"Max HP","floor":20.0,"gold_loss":0.0,"damage_taken":0.0},{"damage_healed":0,"gold_gain":0,"player_choice":"2 cards matched","damage_taken":0,"max_hp_gain":0,"max_hp_loss":0,"event_name":"Match and Keep!","floor":31,"gold_loss":0,"cards_obtained":["FlurryOfBlows","Eruption"]}],"is_beta":false,"boss_relics":[{"not_picked":["SlaversCollar","Calling Bell"],"picked":"Cursed Key"}],"items_purged_floors":[22],"is_endless":false,"potions_floor_spawned":[3,1,3,14,18,21],"killed_by":"Donu and Deca","ascension_level":6}}