{"host":"18ovderkox2jvxrn","time":1614457991,"event":{"mods":["2.2 Compatiblity","AchievementEnabler","Act Like it!","Ascension Reborn","Aspiration","BaseMod","Challenge The Spire","Conspire","Downfall","Energized Spire","Fiend Mod","GifTheSpireLib","Gremlin\u0027s Dice","Halation","Hermit","Hero for Fun","Highlight Path","Hubris","Infinite Spire","Ironclad Rager","Magitek Elite","Minty Spire (QoL Compilation)","READ ME - Guardian Mod","Replay The Spire","SacredBarkPlus","Shop Mod","Small Relic Pack","StSLib","Stuff the Spire","The Clintock","The Cursed","The Forsaken","The Judge","The Jungle","The Necromancer","The Runesmith","The Wild Card","TheHero"],"gold_per_floor":[99,99,99,109,124,140,151,82,128,128,153,169,169,169,179,189,200,300,300,300,318,318,318,318],"floor_reached":22,"language":"ENG","playtime":1698,"items_purged":[],"score":188,"play_id":"da403e45-41f7-42e0-9abf-f0c9e6664eae","local_time":"20210227213311","is_ascension_mode":true,"campfire_choices":[{"data":"Slimebound:CorrosiveSpit","floor":3,"key":"SMITH"},{"floor":13,"key":"REST"}],"circlet_count":0,"master_deck":["Slimebound:Strike_Slimebound","Slimebound:Strike_Slimebound","Slimebound:Strike_Slimebound","Slimebound:Tackle","Slimebound:Defend_Slimebound","Slimebound:Defend_Slimebound","Slimebound:Defend_Slimebound","Slimebound:Defend_Slimebound","Slimebound:Split","Slimebound:CorrosiveSpit+1","Slimebound:SplitAcid","Slimebound:GrowthPunch","Slimebound:ItLooksTasty","Slimebound:Grow","Slimebound:FormOfPuddle","Slimebound:GrowthPunch+1","theWildCard:Arsene","Slimebound:Repurpose","Slimebound:SpikyOuterGoop","Parasite","Slimebound:LeechLife","Slimebound:Dissolve","Slimebound:LeechEnergy","Slimebound:PrepareCrush","Slimebound:DisruptingSlam+1"],"relics":["Slimebound:AbsorbEndCombat","Replay:Mystery Machine","Anchor","Replay:Fungal Core"],"acts_visited":["Exordium","TheCity"],"potions_floor_usage":[16],"damage_taken":[{"damage":0,"enemies":"Cultist","floor":4,"turns":3},{"damage":6,"enemies":"conspire:RoseBush","floor":5,"turns":3},{"damage":5,"enemies":"2 Louse","floor":6,"turns":3},{"damage":6,"enemies":"Large Slime","floor":7,"turns":5},{"damage":3,"enemies":"downfall:FleeingMerchant","floor":8,"turns":4},{"damage":39,"enemies":"Gremlin Nob","floor":11,"turns":6},{"damage":12,"enemies":"downfall:LooterAlt","floor":12,"turns":4},{"damage":11,"enemies":"Lots of Slimes","floor":15,"turns":5},{"damage":11,"enemies":"2 Fungi Beasts","floor":16,"turns":3},{"damage":0,"enemies":"downfall:LooterAlt","floor":17,"turns":3},{"damage":26,"enemies":"WA_ARCHETYPE_RETAIN","floor":18,"turns":10},{"damage":43,"enemies":"Chosen","floor":21,"turns":5},{"damage":35,"enemies":"3 Byrds","floor":22,"turns":4}],"seed_played":"-502347255342774919","potions_obtained":[{"floor":6,"key":"Cursed Concoction"},{"floor":7,"key":"Slimebound:SlimedPotion"},{"floor":16,"key":"Swift Potion"}],"is_trial":false,"path_per_floor":["PTL","PTL","R","M","M","M","M","$","T","?","E","M","R","?","M","M","M","B",null,"R","M","M"],"character_chosen":"SLIMEBOUND","items_purchased":["Slimebound:GrowthPunch+1"],"campfire_rested":1,"item_purchase_floors":[8],"current_hp_per_floor":[71,71,71,71,67,62,62,65,65,65,30,22,43,60,51,59,67,55,71,71,30,0,0,0],"gold":318,"neow_bonus":"TEN_PERCENT_HP_BONUS","is_daily":false,"chose_seed":false,"campfire_upgraded":1,"win_rate":0.0,"timestamp":1614457991,"path_taken":["PTL","PTL","R","M","M","?","M","$","T","?","E","M","R","?","M","M","M","BOSS","R","M","M"],"items_purchased_type":["Card"],"build_version":"2020-12-22","purchased_purges":0,"victory":false,"max_hp_per_floor":[71,71,71,71,71,71,71,71,71,71,71,71,71,71,71,71,71,71,71,71,71,71,71,71],"card_choices":[{"not_picked":["Slimebound:RollThrough","Slimebound:SplitBruiser"],"picked":"Slimebound:SplitAcid","floor":4},{"not_picked":["Slimebound:ItLooksTasty","Slimebound:PressTheAttack"],"picked":"Slimebound:GrowthPunch","floor":5},{"not_picked":["Slimebound:LeadByExample","Slimebound:GoopTackle"],"picked":"Slimebound:ItLooksTasty","floor":6},{"not_picked":["Slimebound:FirmFortitude","Slimebound:RainOfGoop"],"picked":"Slimebound:Grow","floor":7},{"not_picked":["Slimebound:HauntingLick","Slimebound:ForwardTackle"],"picked":"Slimebound:FormOfPuddle","floor":8},{"not_picked":["Slimebound:ItLooksTasty","Slimebound:GrowthPunch"],"picked":"Slimebound:Repurpose","floor":11},{"not_picked":["Slimebound:ItLooksTasty","Slimebound:RejuvenatingLick"],"picked":"Slimebound:SpikyOuterGoop","floor":12},{"not_picked":["Slimebound:SlimeSpikes","Slimebound:Dissolve"],"picked":"Slimebound:LeechLife","floor":15},{"not_picked":["Slimebound:SamplingLick","Slimebound:SplitAcid"],"picked":"Slimebound:Dissolve","floor":16},{"not_picked":["Slimebound:SamplingLick","Slimebound:SplitAcid"],"picked":"Slimebound:LeechEnergy","floor":17},{"not_picked":["Slimebound:OneTwoCombo","Slimebound:DouseInSlime"],"picked":"Slimebound:PrepareCrush","floor":18},{"not_picked":["Slimebound:BestDefense","Slimebound:SplitBruiser"],"picked":"Slimebound:DisruptingSlam+1","floor":21}],"player_experience":519277,"relics_obtained":[{"floor":9,"key":"Replay:Mystery Machine"},{"floor":11,"key":"Anchor"}],"event_choices":[{"damage_healed":17,"gold_gain":0,"player_choice":"Healed and dodged fight","damage_taken":0,"max_hp_gain":0,"max_hp_loss":0,"event_name":"Mushrooms","floor":14,"gold_loss":0,"cards_obtained":["Parasite"]}],"is_beta":false,"boss_relics":[{"not_picked":["Replay:Grab Bag","Empty Cage"],"picked":"Replay:Fungal Core"}],"items_purged_floors":[],"is_endless":false,"potions_floor_spawned":[6,7,15,16],"killed_by":"3 Byrds","ascension_level":0}}