{"host":"07bh1hsegidpcsuh","time":1614394583,"event":{"mods":["BaseMod","Downfall","Googly Eyes","Minty Spire (QoL Compilation)","Quick Restart","StSLib","everything is the same but u backflip on backflip"],"gold_per_floor":[99,114,127,402,22,51,78,78,78,89,115,115,15,90,101,202,202,202,202,202,35,120,153,202,602,502,552,552,578,478,513,528,626,626,626,644,345,198,246,1245,1298,1298,1298,1298,1298,550,550,550,565,565,565,591,438,438,438,438],"floor_reached":57,"language":"ENG","playtime":2335,"items_purged":["Regret","Normality"],"score":1552,"play_id":"2c4d5242-919e-4447-b77a-e15abf4d57cb","local_time":"20210226215623","daily_mods":["SealedDeck","Heirloom","Time Dilation","Flight"],"is_ascension_mode":true,"campfire_choices":[{"data":"Slimebound:Replication","floor":1.0,"key":"SMITH"},{"floor":8.0,"key":"RECALL"},{"floor":9.0,"key":"DIG"},{"floor":13.0,"key":"DIG"},{"floor":18.0,"key":"DIG"},{"data":"Slimebound:MassRepurpose","floor":26.0,"key":"SMITH"},{"data":"Slimebound:LevelUp","floor":28.0,"key":"SMITH"},{"data":"Slimebound:SlimeBarrage","floor":30.0,"key":"SMITH"},{"data":"Slimebound:SlimeTap","floor":35.0,"key":"SMITH"},{"floor":47.0,"key":"DIG"},{"floor":54.0,"key":"DIG"}],"circlet_count":0,"master_deck":["Slimebound:LivingWall","Slimebound:Prepare","Slimebound:SamplingLick","Slimebound:SplitAcid","Slimebound:SplitBruiser","Slimebound:Replication+1","Slimebound:SplitBruiser","Slimebound:SplitBruiser","Slimebound:SplitSpecialist","Slimebound:SlimeTap","Slimebound:Schlurp","Slimebound:SplitBruiser","Slimebound:SlimeTap","Slimebound:SplitMire","Slimebound:PressTheAttack","Slimebound:MassRepurpose+1","Slimebound:Repurpose","Slimebound:MegaLick+1","Slimebound:SlimeBarrage+1","Slimebound:LevelUp+1","Slimebound:MassFeed","Slimebound:SlimeTap+1","Slimebound:SplitAcid+1","Slimebound:Darklings","Slimebound:SlimeTap","Decay","Decay"],"relics":["Slimebound:AbsorbEndCombat","Gambling Chip","Shovel","bronze:BronzeIdol","Vajra","Boot","StrikeDummy","downfall:HeartBlessingRed","Darkstone Periapt","sneckomod:SneckoTalon","Guardian:PocketSentry","Juzu Bracelet","InkBottle","Old Coin","Slimebound:MaxSlimesRelic","downfall:HeartBlessingBlue","Turnip","downfall:HeartBlessingGreen","Peace Pipe","SlaversCollar","Mango","Bag of Preparation","Torii","Oddly Smooth Stone","Spirit Poop","downfall:ExtraCursedKey","bronze:DonusWashers","bronze:DecasWashers","Strawberry","Blood Vial","Mercury Hourglass","Incense Burner","Slimebound:AggressiveSlimeRelic","White Beast Statue"],"acts_visited":["Exordium","TheCity","TheBeyond","TheEnding"],"potions_floor_usage":[55,55],"damage_taken":[{"damage":0.0,"enemies":"Small Slimes","floor":2.0,"turns":2.0},{"damage":0.0,"enemies":"Cultist","floor":3.0,"turns":2.0},{"damage":6.0,"enemies":"downfall:FleeingMerchant","floor":5.0,"turns":4.0},{"damage":8.0,"enemies":"Lagavulin","floor":6.0,"turns":6.0},{"damage":0.0,"enemies":"2 Louse","floor":10.0,"turns":1.0},{"damage":18.0,"enemies":"Gremlin Nob","floor":11.0,"turns":3.0},{"damage":0.0,"enemies":"downfall:LooterAlt","floor":15.0,"turns":2.0},{"damage":11.0,"enemies":"WA_ARCHETYPE_RETAIN","floor":16.0,"turns":5.0},{"damage":0.0,"enemies":"Chosen","floor":19.0,"turns":1.0},{"damage":0.0,"enemies":"downfall:FleeingMerchant","floor":21.0,"turns":4.0},{"damage":11.0,"enemies":"Gremlin Leader","floor":23.0,"turns":5.0},{"damage":0.0,"enemies":"Colosseum Nobs","floor":25.0,"turns":2.0},{"damage":0.0,"enemies":"downfall:FleeingMerchant","floor":27.0,"turns":3.0},{"damage":29.0,"enemies":"Slavers","floor":29.0,"turns":2.0},{"damage":0.0,"enemies":"Book of Stabbing","floor":31.0,"turns":3.0},{"damage":14.0,"enemies":"downfall:LooterAlt2","floor":32.0,"turns":2.0},{"damage":8.0,"enemies":"SI_MIRROR_ARCHETYPE","floor":33.0,"turns":3.0},{"damage":0.0,"enemies":"3 Darklings","floor":36.0,"turns":1.0},{"damage":38.0,"enemies":"2 Orb Walkers","floor":39.0,"turns":4.0},{"damage":0.0,"enemies":"Orb Walker","floor":49.0,"turns":1.0},{"damage":11.0,"enemies":"IC_BLOCK_ARCHETYPE","floor":50.0,"turns":4.0},{"damage":0.0,"enemies":"downfall:CharBossMerchant","floor":52.0,"turns":3.0},{"damage":77,"enemies":"downfall:NeowBoss","floor":55,"turns":13},{"damage":0,"enemies":"downfall:NeowBossFinal","floor":56,"turns":5}],"seed_played":"1609074255090300545","potions_obtained":[{"floor":3.0,"key":"SneckoOil"},{"floor":10.0,"key":"ColorlessPotion"},{"floor":11.0,"key":"Weak Potion"},{"floor":29.0,"key":"Dexterity Potion"}],"is_trial":true,"path_per_floor":["R","M","M","?","$","E","T","R","R","M","E","?","R","?","M","B",null,"R","M","?","$","?","E","T","?","R","$","R","E","R","E","M","B",null,"R","M","$","$","?","?","T","?","?","?","?","$","R","T","M","B",null,"E","$","R","B","B",null],"character_chosen":"SLIMEBOUND","items_purchased":["Shovel","Juzu Bracelet","Slimebound:LevelUp","Slimebound:MassFeed","Slimebound:SlimeTap","Mango","Bag of Preparation","bronze:DonusWashers","bronze:DecasWashers","Strawberry","Slimebound:SlimeTap","Slimebound:AggressiveSlimeRelic"],"campfire_rested":0,"item_purchase_floors":[5,21,27,27,27,37,38,46,46,46,46,53],"current_hp_per_floor":[65,65,65,65,59,51,51,51,51,59,46,46,46,46,51,49,80,80,80,65,71,59,55,55,62,72,79,79,59,59,68,60,61,119,119,119,133,133,97,109,109,109,109,109,109,116,116,128,137,136,167,170,170,170,101,107],"gold":438,"neow_bonus":"","is_daily":false,"chose_seed":false,"campfire_upgraded":5,"win_rate":0.0,"timestamp":1614394583,"path_taken":["R","M","M","?","$","E","T","R","R","?","E","?","R","?","M","BOSS","R","M","?","$","?","E","T","?","R","?","R","E","R","E","M","BOSS","R","M","$","$","?","?","T","?","?","?","?","$","R","?","M","BOSS","E","$","R","BOSS","BOSS"],"items_purchased_type":["Relic","Relic","Card","Card","Card","Relic","Relic","Relic","Relic","Relic","Card","Relic"],"build_version":"2020-12-22","purchased_purges":2,"victory":true,"max_hp_per_floor":[65,65,65,65,65,65,65,65,65,71,74,74,74,74,77,80,80,80,80,85,85,85,88,88,91,101,104,104,107,107,110,116,119,119,119,119,133,133,133,145,145,145,145,145,145,152,152,164,167,167,167,170,170,170,170,170],"card_choices":[{"not_picked":["Slimebound:BestDefense","Slimebound:Gluttony"],"picked":"Slimebound:Schlurp","floor":2.0},{"not_picked":["Slimebound:DivideAndConquer","Slimebound:SlimeBrawl"],"picked":"Slimebound:SplitBruiser","floor":3.0},{"not_picked":["Slimebound:ViciousTackle","Slimebound:SplitLeeching"],"picked":"Slimebound:SlimeTap","floor":5.0},{"not_picked":["Slimebound:GoopTackle","Slimebound:SplitSpecialist"],"picked":"Slimebound:MassFeed","floor":6.0},{"not_picked":["Slimebound:SplitBruiser","Slimebound:ItLooksTasty","Slimebound:SlimeSpikes"],"picked":"SKIP","floor":10.0},{"not_picked":["Slimebound:SamplingLick","Slimebound:DivideAndConquer"],"picked":"Slimebound:SplitMire","floor":11.0},{"not_picked":["Slimebound:FinishingTackle","Slimebound:SamplingLick","Slimebound:PressTheAttack"],"picked":"SKIP","floor":15.0},{"not_picked":["Slimebound:FinishingTackle","Slimebound:SamplingLick"],"picked":"Slimebound:PressTheAttack","floor":15.0},{"not_picked":["Slimebound:CheckThePlaybook","Slimebound:FirmFortitude"],"picked":"Slimebound:MassRepurpose","floor":16.0},{"not_picked":["Slimebound:HauntingLick","Slimebound:RollThrough+1","Slimebound:FormOfPuddle"],"picked":"SKIP","floor":19.0},{"not_picked":["Slimebound:SplitLeeching","Slimebound:LeechingTouch","Slimebound:ForwardTackle"],"picked":"SKIP","floor":21.0},{"not_picked":["Slimebound:SplitMire","Slimebound:Prepare"],"picked":"Slimebound:Repurpose","floor":23.0},{"not_picked":["Slimebound:LeadByExample+1","Slimebound:Equalize"],"picked":"Slimebound:MegaLick+1","floor":25.0},{"not_picked":["Slimebound:HauntingLick+1","Slimebound:LeechEnergy"],"picked":"Slimebound:SlimeBarrage","floor":27.0},{"not_picked":["Slimebound:HauntingLick","Slimebound:PrepareCrush","Slimebound:Schlurp"],"picked":"SKIP","floor":29.0},{"not_picked":["Slimebound:HauntingLick","Slimebound:HungryTackle+1","Slimebound:GoopSpray"],"picked":"SKIP","floor":31.0},{"not_picked":["Slimebound:Dissolve","Slimebound:HungryTackle"],"picked":"Slimebound:SplitAcid+1","floor":32.0},{"not_picked":["Slimebound:SlimeTap","Slimebound:SlimeBarrage+1"],"picked":"Slimebound:LeadByExample+1","floor":36.0},{"not_picked":["Slimebound:ForwardTackle+1","Slimebound:ItLooksTasty+1","Slimebound:LivingWall+1"],"picked":"SKIP","floor":49.0},{"not_picked":["Slimebound:HungryTackle+1","Slimebound:LeechEnergy+1","Slimebound:TagTeam"],"picked":"SKIP","floor":52.0}],"player_experience":1481373,"relics_obtained":[{"floor":6.0,"key":"bronze:BronzeIdol"},{"floor":7.0,"key":"Vajra"},{"floor":9.0,"key":"Boot"},{"floor":11.0,"key":"StrikeDummy"},{"floor":13.0,"key":"Darkstone Periapt"},{"floor":18.0,"key":"Guardian:PocketSentry"},{"floor":23.0,"key":"InkBottle"},{"floor":25.0,"key":"Old Coin"},{"floor":25.0,"key":"Slimebound:MaxSlimesRelic"},{"floor":29.0,"key":"Turnip"},{"floor":31.0,"key":"Peace Pipe"},{"floor":39.0,"key":"Torii"},{"floor":41.0,"key":"Oddly Smooth Stone"},{"floor":47.0,"key":"Blood Vial"},{"floor":48.0,"key":"Mercury Hourglass"},{"floor":52.0,"key":"Incense Burner"},{"floor":54.0,"key":"White Beast Statue"}],"event_choices":[{"damage_healed":0.0,"max_hp_gain":0.0,"max_hp_loss":0.0,"gold_gain":0.0,"event_name":"Mysterious Sphere","player_choice":"Fight","floor":39.0,"gold_loss":0.0,"damage_taken":0.0},{"cards_removed":["Normality"],"damage_healed":0.0,"max_hp_gain":0.0,"max_hp_loss":0.0,"gold_gain":0.0,"event_name":"Bonfire Elementals","player_choice":"Offered Curse","floor":42.0,"gold_loss":0.0,"damage_taken":0.0,"relics_obtained":["Spirit Poop"]},{"cards_removed":["Slimebound:LeadByExample"],"damage_healed":0.0,"max_hp_gain":0.0,"max_hp_loss":0.0,"gold_gain":0.0,"event_name":"Falling","player_choice":"Removed Power","floor":44.0,"gold_loss":0.0,"damage_taken":0.0}],"is_beta":false,"boss_relics":[{"not_picked":["Tiny House","Slimebound:AbsorbEndCombatUpgraded"],"picked":"sneckomod:SneckoTalon"},{"not_picked":["bronze:MakeshiftBattery","Cursed Key"],"picked":"SlaversCollar"}],"items_purged_floors":[5,46],"is_endless":false,"potions_floor_spawned":[3,10,11,23,29,32,36,49],"ascension_level":1}}