{"host":"cizwai1hr4r8wn74","time":1614411391,"event":{"mods":["Act Like it!","Arknights","BaseMod","Friendly Minions","Kiyohime£®«Âºß£©","Koishi","LagranYue(¿≠∏Ò¿ °§‘¬)","Lobotomy","LobotomyExtend","Marisa£®ÏF”Í°°ƒß¿Ì…≥£©","Minty Spire (QoL Compilation)","Replay The Spire","StSLib","SuperFastMode","TestMod","The Servant 0.9.4","Youmu£®ªÍ∆«—˝√Œ£©","Yuri Mod","°æπ¶ƒ‹Mod°øªÏ„Á÷Æª∑–ﬁ∏¥≤π∂°"],"gold_per_floor":[119,181,197,210,109,109,135,135,135,167,185,201,217,227,227,326,326,326,326,30,40,40,40,52,52,52],"floor_reached":25,"language":"ZHS","playtime":1027,"items_purged":["ats:Strike V","ats:Strike G"],"score":213,"play_id":"750ec332-79bf-4d10-ba1c-21fc98f88e84","local_time":"20210227153631","is_ascension_mode":false,"campfire_choices":[{"data":"ats:Hammer On","floor":6,"key":"SMITH"},{"floor":8,"key":"REST"},{"floor":15,"key":"REST"},{"floor":23,"key":"REST"}],"circlet_count":0,"master_deck":["ats:Strike C","ats:Strike S","ats:Armor Crushing Shot","ats:Defend","ats:Defend","ats:Defend","ats:Defend","SpiderBud","ats:Cat Scratch","ats:Poison Spread","ats:Hammer On+1","ats:Burning Ground","ats:Explosion Area Strengthen","ats:Flexible Camouflage","ats:Sashimi Platter+1","ats:Automatic Cover","ats:Revitalization","ats:Nebulous Foxfire","BigBadWolf","ats:Calcification+1","Delirium","ats:Ignite","OSAHOGD"],"relics":["ats:Sanity","testmod-TestBox","LagranYue:RandomDrawCardRelic","CogitoBucket","LetterFromLob","PreservedInsect","ats:Originium","Bottled Lightning","Strawberry","Replay:Wax Seal","Sozu","Moonlight_r","Ring of Searing","Ring of Peace","ats:Cure"],"acts_visited":["Exordium","TheCity"],"potions_floor_usage":[10,16,16,16],"damage_taken":[{"damage":2,"enemies":"2 Louse","floor":1,"turns":4},{"damage":1,"enemies":"Small Slimes","floor":3,"turns":3},{"damage":0,"enemies":"Cultist","floor":4,"turns":3},{"damage":12,"enemies":"Replay:BlueRogue","floor":7,"turns":4},{"damage":14,"enemies":"Gremlin Nob","floor":10,"turns":3},{"damage":19,"enemies":"Exordium Wildlife","floor":11,"turns":4},{"damage":14,"enemies":"Blue Slaver","floor":12,"turns":3},{"damage":13,"enemies":"Exordium Thugs","floor":13,"turns":3},{"damage":0,"enemies":"3 Louse","floor":14,"turns":1},{"damage":51,"enemies":"Hexaghost","floor":16,"turns":11},{"damage":26,"enemies":"Shell Parasite","floor":21,"turns":6},{"damage":0,"enemies":"3 Byrds","floor":24,"turns":4},{"damage":64,"enemies":"Gremlin Leader","floor":25,"turns":6}],"seed_played":"4959929613516772787","potions_obtained":[{"floor":2,"key":"Reflective Coating"},{"floor":3,"key":"Adrenaline Potion"},{"floor":7,"key":"LifebloodPotion"},{"floor":12,"key":"Explosive Potion"},{"floor":13,"key":"CultistPotion"},{"floor":16,"key":"FearPotion"}],"is_trial":false,"path_per_floor":["M","?","M","M","$","R","E","R","T","E","M","M","M","M","R","B",null,"M","?","$","M","$","R","M","E"],"character_chosen":"DOCTOR_CLASS","items_purchased":["ats:Explosion Area Strengthen","ats:Cure","ats:Ignite"],"campfire_rested":3,"item_purchase_floors":[5,20,20],"current_hp_per_floor":[70,52,51,51,51,51,39,60,67,53,39,30,22,22,45,32,79,34,34,34,20,20,43,47,0,0],"gold":52,"neow_bonus":"","is_daily":false,"chose_seed":false,"campfire_upgraded":1,"win_rate":0.0,"timestamp":1614411391,"path_taken":["M","?","M","M","$","R","E","R","T","E","M","M","M","?","R","BOSS","M","?","$","M","$","R","M","E"],"items_purchased_type":["Card","Relic","Card"],"build_version":"2020-12-22","purchased_purges":2,"victory":false,"max_hp_per_floor":[72,72,72,72,72,72,72,72,79,79,79,79,79,79,79,79,79,79,79,79,79,79,79,79,79,79],"card_choices":[{"not_picked":["CrumblingArmor","ShyLook"],"picked":"SpiderBud","floor":1},{"not_picked":["ats:Spore Proliferation","ats:Directed Diagnosis"],"picked":"ats:Cat Scratch","floor":1},{"not_picked":["ats:Sword Rain","ats:Leaping Hammer"],"picked":"ats:Poison Spread","floor":2},{"not_picked":["ats:Consecutive Shot Auto","ats:Magnetic Hammer"],"picked":"ats:Hammer On","floor":2},{"not_picked":["ats:LN2 Cannon","ats:Powerful Strike"],"picked":"ats:Burning Ground","floor":3},{"not_picked":["ats:Closed Bolt Burst Fire","ats:Beaten Up","ats:Hammer On"],"picked":"SKIP","floor":4},{"not_picked":["ats:Charging Defense","ats:Collapsing Strike"],"picked":"ats:Flexible Camouflage","floor":7},{"not_picked":["ats:Revitalization","ats:Explosion Area Strengthen"],"picked":"ats:Sashimi Platter","floor":10},{"not_picked":["ats:Demon Strength","ats:Flame Of Heaven"],"picked":"ats:Automatic Cover","floor":11},{"not_picked":["ats:Explosion Area Strengthen","ats:Hammer On","ats:Hook Shot"],"picked":"SKIP","floor":12},{"not_picked":["ats:Charging Defense","ats:Consecutive Shot Auto"],"picked":"ats:Revitalization","floor":13},{"not_picked":["ats:Spore Proliferation","ats:Ignite"],"picked":"ats:Nebulous Foxfire","floor":14},{"not_picked":["PunishingBird","LittlePrince"],"picked":"BigBadWolf","floor":16},{"not_picked":["ats:Durian","ats:Wolf Pack"],"picked":"ats:Calcification","floor":16},{"not_picked":["ats:Consecutive Shot Auto+1","ats:Curse Doll","ats:Support Order"],"picked":"SKIP","floor":21},{"not_picked":["Scorched","UniverseFragment"],"picked":"OSAHOGD","floor":24},{"not_picked":["ats:Very Hot Blade","ats:Shell Defense","ats:Overload"],"picked":"SKIP","floor":24}],"player_experience":81877,"relics_obtained":[{"floor":1,"key":"LetterFromLob"},{"floor":2,"key":"PreservedInsect"},{"floor":7,"key":"ats:Originium"},{"floor":7,"key":"Bottled Lightning"},{"floor":9,"key":"Strawberry"},{"floor":10,"key":"ats:Originium"},{"floor":10,"key":"Replay:Wax Seal"},{"floor":19,"key":"Ring of Searing"},{"floor":19,"key":"Ring of Peace"}],"event_choices":[],"is_beta":false,"boss_relics":[{"not_picked":["testmod-Fanaticism","Runic Pyramid"],"picked":"Sozu"}],"items_purged_floors":[5,20],"is_endless":false,"potions_floor_spawned":[3,7,12,13,16,24],"killed_by":"Gremlin Leader","ascension_level":0}}