{"host":"627up2rvtmm0cf0r","time":1614434044,"event":{"mods":["ATMod(阿瑾Mod)","Act Like it!","BaseMod","Better Vampires","Bossed Relics","CapriCore","Card Filter","Card Forge","Colored Powertips","DeckTracker","Dota2Spire","Downfall","Energized Spire","Friendly Minions","Highlight Path","Infinite Spire","Jedi Mod","Library of Ruina","Library of Ruina Extra","Minty Spire (QoL Compilation)","MostiFishMod","Permanent Neow","Practice Mode","Quick Restart","Relic Stats","Reliquary","Shop Mod","Spicy Shops","StSLib","SuperFastMode","TestMod","【遗物卡牌】REMEMod","篝火指南"],"gold_per_floor":[112,387,402,402,416,446,446,458,483,161,178,78,78,98,98,197,197,212,18,418,436,436,436,465,96,119,143,160,173,204,224,224,326,326,336,336,186,186,108,124,152,152,152,152,166,183,183,195,119,119],"floor_reached":51,"language":"ZHS","playtime":1600,"items_purged":["Pain","Regret","LightAttack","LightAttack","LightAttack"],"score":1119,"play_id":"9391750a-c5cd-467f-b63c-84a83f95fe7a","local_time":"20210227215404","is_ascension_mode":false,"campfire_choices":[{"data":"CrackOfDawn","floor":7,"key":"SMITH"},{"data":"testmod-DeathImprint","floor":15,"key":"SMITH"},{"data":"Commandeering","floor":23,"key":"SMITH"},{"data":"ChargeAndCover","floor":32,"key":"SMITH"},{"data":"testmod-PainDetonator","floor":42,"key":"SMITH"},{"floor":44,"key":"RECALL"}],"circlet_count":0,"master_deck":["Dodge","LightDefense","LightDefense","LightDefense","LightDefense","ChargeAndCover+1","FocusedStrikes","CrackOfDawn+1","testmod-DeathImprint+1","Commandeering+1","RulesOfTheBackstreets","BackAttack","CleanUp","testmod-PainDetonator+1","MostiFishMod:Neptune","MostiFishMod:TheEndOfMoonlight","MostiFishMod:SparklingWater","MostiFishMod:FantasySummer","MostiFishMod:NightSea","downfall:Bewildered","Writhe","Pain"],"relics":["Dota2Spire:MaskOfMadness","MoonlightInvasionPlan","hexamod:Sixitude","testmod-Laevatain","infinitespire:EmptyRelic","infinitespire:EmptyRelic","infinitespire:EmptyRelic","infinitespire:EmptyRelic","infinitespire:EmptyRelic","infinitespire:EmptyRelic","infinitespire:EmptyRelic","infinitespire:EmptyRelic","infinitespire:EmptyRelic","infinitespire:EmptyRelic","infinitespire:EmptyRelic","infinitespire:EmptyRelic","infinitespire:EmptyRelic","infinitespire:EmptyRelic","infinitespire:EmptyRelic","infinitespire:EmptyRelic","infinitespire:EmptyRelic","infinitespire:EmptyRelic","infinitespire:EmptyRelic","infinitespire:Chaos"],"acts_visited":["Exordium","TheCity","TheBeyond"],"potions_floor_usage":[1],"damage_taken":[{"damage":0,"enemies":"2 Louse","floor":1,"turns":2},{"damage":0,"enemies":"Cultist","floor":3,"turns":2},{"damage":3,"enemies":"Small Slimes","floor":5,"turns":2},{"damage":2,"enemies":"Lagavulin","floor":6,"turns":3},{"damage":6,"enemies":"3 Louse","floor":8,"turns":2},{"damage":22,"enemies":"Red Slaver","floor":11,"turns":2},{"damage":6,"enemies":"Blue Slaver","floor":14,"turns":2},{"damage":0,"enemies":"Hexaghost","floor":16,"turns":4},{"damage":5,"enemies":"3 Byrds","floor":18,"turns":3},{"damage":0,"enemies":"Spheric Guardian","floor":21,"turns":2},{"damage":0,"enemies":"Gremlin Leader","floor":24,"turns":3},{"damage":0,"enemies":"Chosen and Byrds","floor":28,"turns":2},{"damage":0,"enemies":"3 Cultists","floor":29,"turns":3},{"damage":0,"enemies":"Book of Stabbing","floor":30,"turns":2},{"damage":0,"enemies":"Snake Plant","floor":31,"turns":2},{"damage":0,"enemies":"Champ","floor":33,"turns":4},{"damage":0,"enemies":"3 Shapes","floor":35,"turns":3},{"damage":0,"enemies":"3 Darklings","floor":36,"turns":3},{"damage":0,"enemies":"Jaw Worm Horde","floor":40,"turns":2},{"damage":0,"enemies":"Reptomancer","floor":41,"turns":3},{"damage":0,"enemies":"Spire Growth","floor":45,"turns":2},{"damage":0,"enemies":"Sphere and 2 Shapes","floor":46,"turns":3},{"damage":0,"enemies":"4 Shapes","floor":48,"turns":3},{"damage":99,"enemies":"infinitespire:MassOfShapes","floor":50,"turns":8}],"seed_played":"5367310910428098741","potions_obtained":[{"floor":1,"key":"testmod-SpacePotion"},{"floor":6,"key":"BlessingOfTheForge"},{"floor":11,"key":"GamblersBrew"},{"floor":13,"key":"Energy Potion"},{"floor":13,"key":"Guardian:BlockOnCardUsePotion"},{"floor":13,"key":"SteroidPotion"}],"is_trial":false,"path_per_floor":["M","?","M","?","M","E","R","M","T","R","M","$","?","M","R","B",null,"M","$","?","M","AVR","R","E","R","T","T","M","M","E","M","R","B",null,"M","M","R","?","$","M","E","R","T","R","M","M","?","M","R","B",null],"character_chosen":"Librarian","items_purchased":["PageOfQueenBee","Dota2Spire:Mjollnir","Ornamental Fan","ImprovedEquipment","Civilization","infinitespire:Chaos"],"campfire_rested":0,"item_purchase_floors":[10,19,25,25,39,49],"current_hp_per_floor":[60,60,60,60,58,56,56,51,51,51,34,34,34,32,32,32,85,83,83,83,83,83,83,83,83,83,83,83,83,83,83,83,83,89,90,91,91,91,91,95,100,100,100,100,106,112,112,118,118,19],"gold":119,"neow_bonus":"RANDOM_COLORLESS","is_daily":false,"chose_seed":false,"campfire_upgraded":5,"win_rate":0.0,"timestamp":1614434044,"path_taken":["M","?","?","?","M","E","R","M","T","R","?","$","?","M","R","BOSS","M","?","?","M","AVR","R","E","R","T","?","M","?","E","?","R","BOSS","M","M","?","?","$","M","E","R","T","R","?","M","?","M","R","BOSS"],"items_purchased_type":["Relic","Relic","Relic","Relic","Relic","Relic"],"build_version":"2020-12-22","purchased_purges":5,"victory":true,"max_hp_per_floor":[78,78,78,78,85,85,85,85,85,85,85,85,85,85,85,85,85,85,85,85,85,85,85,85,85,85,85,85,85,85,89,89,89,89,90,91,91,91,91,95,100,100,100,100,106,112,112,118,118,118],"relic_stats":{"counters":[25,69],"obtain_stats":[{"Dota2Spire:MaskOfMadness":49,"AT_ATBox":0,"DaveBox":0,"DianPoetry":0,"SynthV":22,"testmod-NegativeEmotionEnhancer":34,"reliquary:ThirdArm":17,"PageOfSpiderBud":26,"testmod-Fanaticism":0,"Civilization":39,"Lizard Tail":24,"PageOfQueenBee":10,"testmod-Laevatain":49,"Dota2Spire:Mjollnir":19,"infinitespire:Chaos":49,"Potion Belt":6,"testmod-TestBox":0,"ImprovedEquipment":25,"infinitespire:EmptyRelic":49,"MoonlightInvasionPlan":49,"hexamod:Sixitude":49,"Pen Nib":9,"White Beast Statue":43,"WarpedTongs":4,"PageOfLibrarian":0,"Anchor":30,"SynthV:TestCard":1,"Ornamental Fan":25,"reliquary:Knoch":41,"REME_ComplimentaryCards":0},{"Dota2Spire:MaskOfMadness":23,"AT_ATBox":0,"DaveBox":0,"DianPoetry":0,"SynthV":10,"testmod-NegativeEmotionEnhancer":16,"reliquary:ThirdArm":8,"PageOfSpiderBud":11,"testmod-Fanaticism":0,"Civilization":18,"Lizard Tail":11,"PageOfQueenBee":5,"testmod-Laevatain":23,"Dota2Spire:Mjollnir":9,"infinitespire:Chaos":23,"Potion Belt":4,"testmod-TestBox":0,"ImprovedEquipment":11,"infinitespire:EmptyRelic":23,"MoonlightInvasionPlan":23,"hexamod:Sixitude":23,"Pen Nib":5,"White Beast Statue":20,"WarpedTongs":2,"PageOfLibrarian":0,"Anchor":14,"SynthV:TestCard":1,"Ornamental Fan":11,"reliquary:Knoch":20,"REME_ComplimentaryCards":0},{"Dota2Spire:MaskOfMadness":59,"AT_ATBox":0,"DaveBox":0,"DianPoetry":0,"SynthV":24,"testmod-NegativeEmotionEnhancer":40,"reliquary:ThirdArm":19,"PageOfSpiderBud":27,"testmod-Fanaticism":0,"Civilization":46,"Lizard Tail":27,"PageOfQueenBee":11,"testmod-Laevatain":59,"Dota2Spire:Mjollnir":22,"infinitespire:Chaos":59,"Potion Belt":9,"testmod-TestBox":0,"ImprovedEquipment":27,"infinitespire:EmptyRelic":59,"MoonlightInvasionPlan":59,"hexamod:Sixitude":59,"Pen Nib":11,"White Beast Statue":51,"WarpedTongs":4,"PageOfLibrarian":0,"Anchor":34,"SynthV:TestCard":2,"Ornamental Fan":27,"reliquary:Knoch":51,"REME_ComplimentaryCards":0}]},"card_choices":[{"not_picked":["testmod-Mystery","REME_FirmDetermination"],"picked":"testmod-DeathImprint","floor":0},{"not_picked":["SmokingPipe","TendonChords","DriedUp","HandleRequest","WillOfThePrescript","LoosenUp","IllEndYou","ClassAndRespect","DefenseOrder"],"picked":"SKIP","floor":1},{"not_picked":["GuardingStance","SearingSword","FierceCharge","EnergyStrike","StructuralAnalysis","ChargeUp","Wallop_lor","AsThePrescriptOrders","WrathOfTorment","EnergyCycle","ClassAndRespect"],"picked":"SKIP","floor":3},{"not_picked":["Reload","UnavoidableGaze","SerpentineBarrier","PuppetBlockade","ButterflySlash","SnakeSlit","CoordinatedAssault","SerpentSwordTechnique","DesperateStruggle","MultiBlock"],"picked":"Commandeering","floor":5},{"not_picked":["SerpentSwordTechnique","GroundSmash","UnavoidableGaze","SpearedSweep","Marionette","AbsorbImpact","AsThePrescriptOrders","GoinFirst","Thrust","EnergyStrike","ShrineToMusic"],"picked":"SKIP","floor":6},{"not_picked":["Wallop_lor","FeelinGood","StrikeDown","FrontalAssault","CumulusWall","GuidanceOfTheGears","FierceCharge","Leap_lor","WillOfThePrescript","BiteOff","Rewind"],"picked":"SKIP","floor":8},{"not_picked":["ClassAndRespect","StrikeDown","Crush","Pound","EnergyStrike","RatsGuideToSurvival","RapidGashes","HighKick","EnergyConversion","BackAttack","Collision"],"picked":"SKIP","floor":11},{"not_picked":["UnavoidableGaze","MultiHit","Ripple","EndlessBattle","Mutilate","Quickness","FocusFire","Outburst","OminousPower","HighKick","SpearedSweep"],"picked":"SKIP","floor":14},{"not_picked":["SilentNight","FieryWaltz","GatherIntel+1","FocusFire+1","CoordinatedAssault","GuidanceOfTheGears","EndlessBattle","CutIn","SharpSwipe+1","OpportunitySpotted","GrazeTheGrass"],"picked":"SKIP","floor":18},{"not_picked":["QuickSuppression","Deflect_lor","BackAttack","PreemptiveStrike","JiaoTu","Diversion+1","Outburst","RulesOfTheBackstreets","BayonetCombat+1"],"picked":"SKIP","floor":21},{"not_picked":["QuickSuppression","Deflect_lor","BackAttack","PreemptiveStrike","JiaoTu","Diversion+1","Outburst","BayonetCombat+1"],"picked":"RulesOfTheBackstreets","floor":21},{"not_picked":["Deflect_lor","StartinOutLightly+1","TheWillOfTheCity","JiaoTu+1","GuidanceOfTheGears","IngredientHunt","BindingChains","Tailoring","StructuralAnalysis"],"picked":"SKIP","floor":24},{"not_picked":["ChopItOff+1","VenomousFangs","SharpSwipe+1","Multislash","BlindFaith","Unlock1","Observe","Overpower","FierceOnslaught"],"picked":"SKIP","floor":28},{"not_picked":["CircusKnives+1","Rewind","StrongStrike","MultiHit+1","CookingPrep","HiddenBlade","FrontalAssault","Leap_lor","Wallop_lor"],"picked":"SKIP","floor":29},{"not_picked":["BackAttack","Cruelty","DesperateStruggle+1","Bvapour","SparkingSpear+1","PuppetBlockade","QuickSuppression","Parry2","GrazeTheGrass"],"picked":"SKIP","floor":30},{"not_picked":["NightInTheBackstreets","GreatSerpentsImpact","FierceCharge","StrikeDown+1","ToWhereThePrescriptPoints","ElectricShock","SmokingPipe","CoordinatedAssault+1","ScatteringSlash"],"picked":"SKIP","floor":31},{"not_picked":["GaleKick+1","GrazeTheGrass+1","ClassAndRespect+1","FleetEdge+1","Parry","InnerArdor+1","Thrust","MindCrush","UnavoidableGaze"],"picked":"SKIP","floor":35},{"not_picked":["MultiHit+1","BindingChains","DefenseOrder","FierceOnslaught+1","EnergyBeam","EnergyConversion","FleetEdge+1","DesperateStruggle+1","GrazeTheGrass"],"picked":"SKIP","floor":40},{"not_picked":["Tttonst","Unlock1+1","TendonChords","Commandeering","KeepItFresh","AssaultOrder+1","Struggle+1","SnakesPrey","MultiBlock"],"picked":"SKIP","floor":41},{"not_picked":["Cruelty","Mutilate+1","Unlock1","BackAttack+1","CircusKnives","RapidGashes","SwordOfVolition+1","MindPrepared","FierceCharge"],"picked":"SKIP","floor":45},{"not_picked":["HighKick+1","ScratchThat","EnergyCycle+1","GuidanceOfTheGears+1","StartinOutLightly+1","YoureAHindrance","IronWall","WrathOfTorment+1","QuickSuppression+1"],"picked":"SKIP","floor":46},{"not_picked":["CoordinatedAssault+1","EnergyShield+1","FieryWaltz+1","NonstopAssault+1","FlashOfSunup","SpearedSweep","Multislash","Diversion+1","StayCalm+1"],"picked":"SKIP","floor":48}],"player_experience":181809,"relics_obtained":[{"floor":1,"key":"SynthV:TestCard"},{"floor":6,"key":"Potion Belt"},{"floor":9,"key":"Pen Nib"},{"floor":24,"key":"Lizard Tail"},{"floor":26,"key":"PageOfSpiderBud"},{"floor":30,"key":"Anchor"},{"floor":41,"key":"reliquary:Knoch"},{"floor":43,"key":"White Beast Statue"}],"event_choices":[{"damage_healed":0,"gold_gain":275,"player_choice":"Desecrate","damage_taken":0,"max_hp_gain":0,"max_hp_loss":0,"event_name":"Golden Shrine","floor":2,"gold_loss":0,"cards_obtained":["Regret"]},{"damage_healed":0,"gold_gain":0,"player_choice":"Rummage","damage_taken":0,"relics_obtained":["WarpedTongs"],"max_hp_gain":0,"max_hp_loss":0,"event_name":"Accursed Blacksmith","floor":4,"gold_loss":0,"cards_obtained":["Pain"]},{"damage_healed":0,"gold_gain":0,"player_choice":"Got Potions","damage_taken":0,"max_hp_gain":0,"max_hp_loss":0,"event_name":"Lab","floor":13,"gold_loss":0},{"damage_healed":0,"gold_gain":400,"player_choice":"Sell","damage_taken":0,"max_hp_gain":0,"max_hp_loss":0,"event_name":"恩洛斯的盘子","floor":20,"relics_lost":["SynthV:TestCard"],"gold_loss":0},{"damage_healed":0,"gold_gain":0,"player_choice":"3 cards matched","damage_taken":0,"max_hp_gain":0,"max_hp_loss":0,"event_name":"Match and Keep!","floor":38,"gold_loss":0,"cards_obtained":["BackAttack","CleanUp","testmod-PainDetonator"]},{"damage_healed":0,"gold_gain":0,"player_choice":"3 cards matched","damage_taken":0,"max_hp_gain":0,"max_hp_loss":0,"event_name":"Match and Keep!","floor":38,"gold_loss":0,"cards_obtained":["BackAttack","CleanUp","testmod-PainDetonator"]},{"damage_healed":0,"gold_gain":0,"player_choice":"Ignored","damage_taken":0,"max_hp_gain":0,"max_hp_loss":0,"event_name":"给自己的盒子","floor":47,"gold_loss":0}],"is_beta":false,"boss_relics":[{"not_picked":["Sozu","testmod-TimeTraveler"],"picked":"reliquary:ThirdArm"},{"not_picked":["REME_DuelDisc","reliquary:RedPaperclip"],"picked":"testmod-NegativeEmotionEnhancer"}],"items_purged_floors":[10,12,19,22,37],"is_endless":false,"potions_floor_spawned":[1,6,11,24,28,30,36,40,45,46,48],"ascension_level":0}}