{"host":"7vsti54a9aip3o1e","time":1614448651,"event":{"mods":["AchievementEnabler","BaseMod","Colored Map","Colored Powertips","Highlight Path","Minty Spire (QoL Compilation)","Quick Restart","Rare Cards Sparkle","SuperFastMode"],"gold_per_floor":[116,116,116,135,135,179,179,217,217,217,2,2,2,40,40,130,193,214,239,239],"floor_reached":19,"language":"ENG","playtime":351,"items_purged":[],"score":366,"play_id":"e1b81395-774b-4ccc-8ac7-1c5b96cb516c","local_time":"20210227125731","is_ascension_mode":true,"campfire_choices":[{"data":"Dualcast","floor":7,"key":"SMITH"},{"data":"HandOfGreed","floor":15,"key":"SMITH"}],"circlet_count":0,"master_deck":["AscendersBane","Strike_B","Strike_B","Strike_B","Defend_B","Defend_B","Defend_B","Defend_B","Zap","Dualcast+1","Gash","Go for the Eyes","Steam","Conserve Battery","HandOfGreed+1","Hologram+1","Conserve Battery","Coolheaded"],"relics":["Cracked Core","NeowsBlessing","Golden Idol","Meat on the Bone","Unceasing Top","Shuriken","Tiny House"],"acts_visited":["Exordium","TheCity"],"potions_floor_usage":[18,19],"damage_taken":[{"damage":0,"enemies":"Small Slimes","floor":1,"turns":1},{"damage":0,"enemies":"2 Louse","floor":4,"turns":1},{"damage":0,"enemies":"Lagavulin","floor":6,"turns":1},{"damage":39,"enemies":"3 Sentries","floor":8,"turns":9},{"damage":0,"enemies":"Cultist","floor":14,"turns":3},{"damage":15,"enemies":"The Guardian","floor":16,"turns":13},{"damage":52,"enemies":"Chosen","floor":18,"turns":6},{"damage":37,"enemies":"Masked Bandits","floor":19,"turns":3}],"seed_played":"7564182592493909120","potions_obtained":[{"floor":8,"key":"EssenceOfSteel"},{"floor":16,"key":"Fire Potion"}],"is_trial":false,"path_per_floor":["M","?","?","M","?","E","R","E","T","?","$","?","$","M","R","B",null,"M","?"],"character_chosen":"DEFECT","items_purchased":["HandOfGreed"],"campfire_rested":0,"item_purchase_floors":[11],"current_hp_per_floor":[64,40,40,40,40,40,40,13,13,36,36,36,36,36,36,33,67,27,0,0],"gold":239,"neow_bonus":"THREE_ENEMY_KILL","is_daily":false,"chose_seed":false,"campfire_upgraded":2,"win_rate":0.0,"timestamp":1614448651,"path_taken":["M","?","?","?","?","E","R","E","T","?","?","?","$","M","R","BOSS","M","?"],"items_purchased_type":["Card"],"build_version":"2020-12-22","purchased_purges":0,"victory":false,"max_hp_per_floor":[71,71,71,71,71,71,71,71,71,71,71,71,71,71,71,71,76,76,76,76],"card_choices":[{"not_picked":["Beam Cell","Redo"],"picked":"Gash","floor":1},{"not_picked":["Turbo","Ball Lightning"],"picked":"Go for the Eyes","floor":4},{"not_picked":["Ball Lightning","Fusion"],"picked":"Steam","floor":6},{"not_picked":["Go for the Eyes","Force Field"],"picked":"Conserve Battery","floor":8},{"not_picked":["Rebound","Go for the Eyes"],"picked":"Hologram","floor":14},{"not_picked":["Leap","Tempest"],"picked":"Conserve Battery","floor":17},{"not_picked":["Melter","Ball Lightning"],"picked":"Coolheaded","floor":18}],"player_experience":580007,"relics_obtained":[{"floor":6,"key":"Meat on the Bone"},{"floor":8,"key":"Unceasing Top"},{"floor":9,"key":"Shuriken"}],"event_choices":[{"damage_healed":0,"gold_gain":0,"player_choice":"Take Damage","damage_taken":24,"relics_obtained":["Golden Idol"],"max_hp_gain":0,"max_hp_loss":0,"event_name":"Golden Idol","floor":2,"gold_loss":0},{"cards_removed":["Strike_B"],"damage_healed":0,"gold_gain":0,"player_choice":"Purged","damage_taken":0,"max_hp_gain":0,"max_hp_loss":0,"event_name":"Purifier","floor":3,"gold_loss":0},{"damage_healed":0,"gold_gain":0,"player_choice":"Ignored","damage_taken":0,"max_hp_gain":0,"max_hp_loss":0,"event_name":"Liars Game","floor":5,"gold_loss":0},{"damage_healed":23,"gold_gain":0,"player_choice":"Banana","damage_taken":0,"max_hp_gain":0,"max_hp_loss":0,"event_name":"Big Fish","floor":10,"gold_loss":0},{"damage_healed":0,"gold_gain":0,"player_choice":"Searched \u00270\u0027 times","damage_taken":0,"max_hp_gain":0,"max_hp_loss":0,"event_name":"Dead Adventurer","floor":12,"gold_loss":0},{"damage_healed":0,"gold_gain":0,"player_choice":"Fought Bandits","damage_taken":0,"max_hp_gain":0,"max_hp_loss":0,"event_name":"Masked Bandits","floor":19,"gold_loss":0}],"is_beta":false,"boss_relics":[{"not_picked":["Runic Dome","Astrolabe"],"picked":"Tiny House"}],"items_purged_floors":[],"is_endless":false,"potions_floor_spawned":[8,16],"killed_by":"Masked Bandits","ascension_level":17}}