{"host":"fbdlh90rovbiajun","time":1614409021,"event":{"mods":["AchievementEnabler","BaseMod","Colored Map","Keyboard Shortcuts","Minty Spire (QoL Compilation)","SuperFastMode"],"gold_per_floor":[116,127,180,26,26,59,59,86,132,132,151,151,161,161,161,262,262,282,282,282,160,189,206,106,106,153,153,179,191,191,214,214,311,338,356,356,374,374,389,389,424,424,424,462,69,69,69,69,69,69],"floor_reached":51,"language":"KOR","playtime":1357,"items_purged":["Strike_R+1","Strike_R+1"],"score":875,"play_id":"6ec2499b-fff0-4700-bd31-73e25410d402","local_time":"20210227155701","is_ascension_mode":true,"campfire_choices":[{"data":"Armaments","floor":7.0,"key":"SMITH"},{"data":"Hemokinesis","floor":10.0,"key":"SMITH"},{"data":"Inflame","floor":15.0,"key":"SMITH"},{"data":"Heavy Blade","floor":25.0,"key":"SMITH"},{"data":"Heavy Blade","floor":27.0,"key":"SMITH"},{"data":"Flex","floor":30,"key":"SMITH"},{"data":"Limit Break","floor":32,"key":"SMITH"},{"data":"Flex","floor":40,"key":"SMITH"},{"data":"Rage","floor":42,"key":"SMITH"},{"data":"Thunderclap","floor":46,"key":"SMITH"},{"floor":49,"key":"REST"}],"circlet_count":0,"master_deck":["Defend_R+1","Defend_R+1","Bash+1","Heavy Blade+1","Flex+1","Thunderclap+1","Heavy Blade+1","Hemokinesis+1","Reaper+1","Armaments+1","Rage+1","Clash+1","Inflame+1","Flex+1","Flex+1","Limit Break+1","Offering+1","Reckless Charge+1","Bloodletting+1","Shrug It Off+1"],"relics":["Black Blood","Blood Vial","Nunchaku","Orrery","War Paint","Gremlin Horn","Centennial Puzzle","Sundial","Red Mask","CeramicFish","Red Skull","Astrolabe","Akabeko","Mercury Hourglass","Pen Nib","Bottled Lightning","Lantern","Mark of the Bloom"],"acts_visited":["Exordium","TheCity","TheBeyond"],"potions_floor_usage":[33,33,41,50],"damage_taken":[{"damage":1.0,"enemies":"Cultist","floor":1.0,"turns":3.0},{"damage":14.0,"enemies":"Jaw Worm","floor":2.0,"turns":3.0},{"damage":29.0,"enemies":"Gremlin Nob","floor":6.0,"turns":4.0},{"damage":46.0,"enemies":"3 Sentries","floor":8.0,"turns":7.0},{"damage":2.0,"enemies":"2 Louse","floor":11.0,"turns":1.0},{"damage":8.0,"enemies":"Looter","floor":13.0,"turns":2.0},{"damage":59.0,"enemies":"Hexaghost","floor":16.0,"turns":9.0},{"damage":15.0,"enemies":"Shell Parasite","floor":18.0,"turns":4.0},{"damage":9.0,"enemies":"Masked Bandits","floor":22.0,"turns":3.0},{"damage":15.0,"enemies":"Spheric Guardian","floor":23.0,"turns":4.0},{"damage":3,"enemies":"Gremlin Leader","floor":28,"turns":3},{"damage":33,"enemies":"Shelled Parasite and Fungi","floor":29,"turns":6},{"damage":15,"enemies":"Sentry and Sphere","floor":31,"turns":4},{"damage":75,"enemies":"Collector","floor":33,"turns":9},{"damage":11,"enemies":"3 Darklings","floor":35,"turns":2},{"damage":5,"enemies":"Orb Walker","floor":37,"turns":2},{"damage":11,"enemies":"3 Darklings","floor":39,"turns":2},{"damage":9,"enemies":"Reptomancer","floor":41,"turns":2},{"damage":41,"enemies":"Nemesis","floor":44,"turns":3},{"damage":48,"enemies":"Awakened One","floor":50,"turns":5}],"seed_played":"6439814083390060039","potions_obtained":[{"floor":6.0,"key":"Fire Potion"},{"floor":8.0,"key":"Strength Potion"},{"floor":13.0,"key":"Swift Potion"},{"floor":18.0,"key":"Swift Potion"},{"floor":37,"key":"Dexterity Potion"},{"floor":38,"key":"Swift Potion"},{"floor":38,"key":"Explosive Potion"},{"floor":41,"key":"Block Potion"}],"is_trial":false,"path_per_floor":["M","M","T","$","?","E","R","E","T","R","M","?","M","?","R","B",null,"M","?","?","$","?","M","$","R","T","R","E","M","R","M","R","B",null,"M","?","M","?","M","R","E","R","T","E","$","R","?","?","R","B",null],"character_chosen":"IRONCLAD","items_purchased":["Orrery","Flex","Bottled Lightning","Lantern"],"campfire_rested":1,"item_purchase_floors":[4,21,45,45],"current_hp_per_floor":[80,72,72,72,65,50,50,24,24,24,30,30,30,56,56,15,80,77,77,77,77,80,77,77,77,77,77,80,59,59,64,64,27,80,80,80,80,80,80,80,80,80,80,51,51,51,51,51,51,3],"gold":69,"neow_bonus":"RANDOM_COMMON_RELIC","is_daily":false,"chose_seed":false,"campfire_upgraded":10,"win_rate":0.0,"timestamp":1614409021,"path_taken":["M","?","?","$","?","E","R","E","T","R","M","?","M","?","R","BOSS","M","?","?","$","?","?","?","R","T","R","E","M","R","M","R","BOSS","M","?","?","?","?","R","E","R","T","E","$","R","?","?","R","BOSS"],"items_purchased_type":["Relic","Card","Relic","Relic"],"build_version":"2020-12-22","purchased_purges":2,"victory":true,"max_hp_per_floor":[80,80,80,80,80,80,80,80,80,80,80,80,80,80,80,80,80,80,80,80,80,80,80,80,80,80,80,80,80,80,80,80,80,80,80,80,80,80,80,80,80,80,80,80,80,80,80,80,80,80],"card_choices":[{"not_picked":["True Grit","Havoc"],"picked":"Heavy Blade","floor":1.0},{"not_picked":["Power Through","Twin Strike","Body Slam"],"picked":"SKIP","floor":2.0},{"not_picked":["Brutality","Clothesline"],"picked":"Flex","floor":4.0},{"not_picked":["Heavy Blade","Bludgeon"],"picked":"Thunderclap","floor":4.0},{"not_picked":["Entrench","Havoc"],"picked":"Heavy Blade","floor":4.0},{"not_picked":["Flame Barrier","Juggernaut"],"picked":"Hemokinesis","floor":4.0},{"not_picked":["Perfected Strike","Entrench"],"picked":"Reaper","floor":4.0},{"not_picked":["Headbutt","Anger"],"picked":"Armaments","floor":6.0},{"not_picked":["Body Slam","Carnage"],"picked":"Rage","floor":8.0},{"not_picked":["Anger","Dark Embrace","Headbutt"],"picked":"SKIP","floor":11.0},{"not_picked":["Pummel","Metallicize"],"picked":"Inflame","floor":13.0},{"not_picked":["Twin Strike","Pommel Strike","Evolve"],"picked":"SKIP","floor":18.0},{"not_picked":["Warcry","Pommel Strike"],"picked":"Flex","floor":23.0},{"not_picked":["Clash","Hemokinesis","Blood for Blood"],"picked":"SKIP","floor":28},{"not_picked":["Evolve","Seeing Red","Dark Embrace"],"picked":"SKIP","floor":29},{"not_picked":["Thunderclap+1","Warcry"],"picked":"Limit Break","floor":31},{"not_picked":["Havoc","Body Slam","Sword Boomerang+1"],"picked":"SKIP","floor":35},{"not_picked":["True Grit","Blood for Blood+1","Infernal Blade+1"],"picked":"SKIP","floor":37},{"not_picked":["Wild Strike+1","Headbutt","Body Slam"],"picked":"SKIP","floor":39},{"not_picked":["Thunderclap","Exhume","Second Wind+1"],"picked":"SKIP","floor":41},{"not_picked":["True Grit","Carnage+1"],"picked":"Shrug It Off+1","floor":44}],"player_experience":142971,"relics_obtained":[{"floor":3.0,"key":"Nunchaku"},{"floor":6.0,"key":"War Paint"},{"floor":8.0,"key":"Gremlin Horn"},{"floor":9.0,"key":"Centennial Puzzle"},{"floor":22.0,"key":"Red Mask"},{"floor":26.0,"key":"CeramicFish"},{"floor":28,"key":"Red Skull"},{"floor":41,"key":"Akabeko"},{"floor":43,"key":"Mercury Hourglass"},{"floor":44,"key":"Pen Nib"}],"event_choices":[{"cards_removed":["Strike_R"],"damage_healed":0.0,"max_hp_gain":0.0,"max_hp_loss":0.0,"gold_gain":0.0,"event_name":"Golden Wing","player_choice":"Card Removal","floor":5.0,"gold_loss":0.0,"damage_taken":7.0},{"damage_healed":0.0,"max_hp_gain":0.0,"max_hp_loss":0.0,"gold_gain":0.0,"cards_transformed":["Strike_R"],"event_name":"Living Wall","player_choice":"Change","floor":12.0,"gold_loss":0.0,"damage_taken":0.0,"cards_obtained":["Clash"]},{"damage_healed":26.0,"max_hp_gain":0.0,"max_hp_loss":0.0,"gold_gain":0.0,"event_name":"Big Fish","player_choice":"Banana","floor":14.0,"gold_loss":0.0,"damage_taken":0.0},{"damage_healed":0.0,"max_hp_gain":0.0,"max_hp_loss":0.0,"gold_gain":0.0,"event_name":"Back to Basics","player_choice":"Simplicity","floor":19.0,"gold_loss":0.0,"damage_taken":0.0,"cards_upgraded":["Strike_R","Strike_R","Strike_R","Defend_R","Defend_R"]},{"damage_healed":0.0,"max_hp_gain":0.0,"max_hp_loss":0.0,"gold_gain":0.0,"event_name":"The Mausoleum","player_choice":"Opened","floor":20.0,"gold_loss":0.0,"damage_taken":0.0,"relics_obtained":["Sundial"]},{"damage_healed":0.0,"max_hp_gain":0.0,"max_hp_loss":0.0,"gold_gain":0.0,"event_name":"Masked Bandits","player_choice":"Fought Bandits","floor":22.0,"gold_loss":0.0,"damage_taken":0.0},{"damage_healed":0,"gold_gain":0,"player_choice":"Upgraded","damage_taken":0,"max_hp_gain":0,"max_hp_loss":0,"event_name":"Upgrade Shrine","floor":36,"gold_loss":0,"cards_upgraded":["Flex"]},{"damage_healed":0,"gold_gain":0,"player_choice":"Got Potions","damage_taken":0,"max_hp_gain":0,"max_hp_loss":0,"event_name":"Lab","floor":38,"gold_loss":0},{"damage_healed":0,"gold_gain":0,"player_choice":"Upgrade","damage_taken":0,"relics_obtained":["Mark of the Bloom"],"max_hp_gain":0,"max_hp_loss":0,"event_name":"MindBloom","floor":47,"gold_loss":0,"cards_upgraded":["Bash","Reaper","Clash"]},{"damage_healed":29,"gold_gain":0,"player_choice":"Full Heal","damage_taken":0,"max_hp_gain":0,"max_hp_loss":0,"event_name":"Wheel of Change","floor":48,"gold_loss":0}],"is_beta":false,"boss_relics":[{"not_picked":["SlaversCollar","Ectoplasm"],"picked":"Black Blood"},{"not_picked":["Runic Dome","Black Star"],"picked":"Astrolabe"}],"items_purged_floors":[21,24],"is_endless":false,"potions_floor_spawned":[6,8,13,18,22,37,41],"ascension_level":2}}