{"host":"jngeqill3bw7azzz","time":1614461789,"event":{"mods":["BaseMod","Highlight Path","Minty Spire (QoL Compilation)","Permanent Neow","Relic Stats"],"gold_per_floor":[114,389,399,415,433,433,433,433],"floor_reached":7,"language":"ENG","playtime":372,"items_purged":[],"score":86,"play_id":"754709ea-9889-4214-8f0b-c55b9c9863f0","local_time":"20210227163629","is_ascension_mode":true,"campfire_choices":[{"data":"CrushJoints","floor":6,"key":"SMITH"}],"circlet_count":0,"master_deck":["AscendersBane","Strike_P","Strike_P","Strike_P","Strike_P","Defend_P","Defend_P","Defend_P","Defend_P","Eruption","Vigilance","FearNoEvil","Regret","CrushJoints+1","Weave"],"relics":["Cursed Key"],"acts_visited":["Exordium"],"potions_floor_usage":[],"damage_taken":[{"damage":7,"enemies":"Jaw Worm","floor":1,"turns":5},{"damage":0,"enemies":"Cultist","floor":3,"turns":3},{"damage":2,"enemies":"2 Louse","floor":4,"turns":3},{"damage":4,"enemies":"Blue Slaver","floor":5,"turns":4},{"damage":32,"enemies":"3 Sentries","floor":7,"turns":6}],"seed_played":"-2460851463136922230","potions_obtained":[{"floor":5,"key":"BlessingOfTheForge"}],"is_trial":false,"path_per_floor":["M","?","M","M","M","R","E"],"character_chosen":"WATCHER","items_purchased":[],"campfire_rested":0,"item_purchase_floors":[],"current_hp_per_floor":[54,54,54,52,48,48,16,16],"gold":433,"neow_bonus":"BOSS_RELIC","is_daily":false,"chose_seed":false,"campfire_upgraded":1,"win_rate":0.0,"timestamp":1614461789,"path_taken":["M","?","?","M","M","R","E"],"items_purchased_type":[],"build_version":"2020-12-22","purchased_purges":0,"victory":false,"max_hp_per_floor":[68,68,68,68,68,68,68,68],"relic_stats":{"counters":[5,21],"Cursed Key":0,"obtain_stats":[{"PureWater":0,"Cursed Key":0},{"PureWater":0,"Cursed Key":0},{"PureWater":0,"Cursed Key":0}]},"card_choices":[{"not_picked":["PathToVictory","FlyingSleeves"],"picked":"FearNoEvil","floor":1},{"not_picked":["Protect","Wireheading"],"picked":"CrushJoints","floor":3},{"not_picked":["Prostrate","Perseverance","FearNoEvil"],"picked":"SKIP","floor":4},{"not_picked":["Protect","EmptyBody"],"picked":"Weave","floor":5}],"player_experience":2715140,"relics_obtained":[],"event_choices":[{"damage_healed":0,"gold_gain":275,"player_choice":"Desecrate","damage_taken":0,"max_hp_gain":0,"max_hp_loss":0,"event_name":"Golden Shrine","floor":2,"gold_loss":0,"cards_obtained":["Regret"]}],"is_beta":false,"boss_relics":[],"items_purged_floors":[],"is_endless":false,"potions_floor_spawned":[5],"killed_by":"3 Sentries","ascension_level":20}}