{"host":"9oysz4knkucnjyyz","time":1614417136,"event":{"mods":["100% Spire Juice","2.2 Compatiblity","A Penny For Your Troubles","Act Like it!","BaseMod","Better Altar","Better Match","Better Note","Better Sensory Stone","Better Skull","Better Third Choice","BetterRewards","Displayed Cursed Tome","Downfall","Friendly Minions","Googly Eyes","GungeonMod","Hallownest","Hermit","Library of Ruina","Library of Ruina Extra","Lobotomy","LobotomyExtend","Minty Spire (QoL Compilation)","Reliquary","Spicy Shops","Spire Arcade","Spire Birthday Party","StSLib","The Bug Knight","Wide Potions","everything is the same but u backflip on backflip","slay the spire mod where everything is the same but ironclad has a cowboy hat"],"gold_per_floor":[119,133,149,114,133,133,145,145,145,145,164,179,179,208,208,304,304,324,335,353,367,367,367],"floor_reached":22,"language":"ENG","playtime":1041,"items_purged":[],"score":275,"play_id":"131d261b-cadf-4060-82bd-59d001893a90","local_time":"20210227041216","is_ascension_mode":true,"campfire_choices":[{"data":"FlamingDragonFist","floor":6,"key":"SMITH"},{"data":"YoureTooSlow","floor":8,"key":"SMITH"},{"floor":10,"key":"DIG"},{"floor":15,"key":"REST"}],"circlet_count":0,"master_deck":["Dodge","LightDefense","LightAttack","LightAttack","LightAttack","LightDefense","LightDefense","LightDefense","ChargeAndCover","FocusedStrikes","RedShoes","YoureTooSlow+1","EnergyCycle","Scorched","FlamingDragonFist+1","OSAHOGD","YoureAHindrance","PreemptiveStrike","GreedKing","FrontalAssault","Bloodbath","CumulusWall","MHz","WallGazer","MirageStorm","WillBeTasty","Parry2","BindingChains+1"],"relics":["PageOfLibrarian","CogitoBucket","RabbitCall","LetterFromLob","Shovel","reliquary:Vitrine","BackwardClock","reliquary:FerryPass","bronze:MakeshiftBattery","LuminousBracelet","DemoMod:GlassGuonStoneRelic"],"acts_visited":["Exordium","TheCity"],"potions_floor_usage":[7,11,14,16,19,19,22],"damage_taken":[{"damage":6,"enemies":"2 Louse","floor":1,"turns":3},{"damage":1,"enemies":"Small Slimes","floor":2,"turns":4},{"damage":2,"enemies":"Cultist","floor":3,"turns":3},{"damage":8,"enemies":"Exordium Thugs","floor":5,"turns":3},{"damage":2,"enemies":"Looter","floor":7,"turns":2},{"damage":36,"enemies":"Large Slime","floor":11,"turns":4},{"damage":0,"enemies":"Exordium Thugs","floor":12,"turns":1},{"damage":7,"enemies":"3 Sentries","floor":14,"turns":4},{"damage":36,"enemies":"The Guardian","floor":16,"turns":14},{"damage":4,"enemies":"Chosen","floor":18,"turns":4},{"damage":68,"enemies":"2 Thieves","floor":19,"turns":8},{"damage":16,"enemies":"Snake Plant","floor":20,"turns":2},{"damage":2,"enemies":"Shelled Parasite and Fungi","floor":21,"turns":3},{"damage":8,"enemies":"Centurion and Healer","floor":22,"turns":1}],"seed_played":"339555007832267311","potions_obtained":[{"floor":1,"key":"Block Potion"},{"floor":3,"key":"SkillPotion"},{"floor":12,"key":"Block Potion"},{"floor":13,"key":"Fire Potion"},{"floor":13,"key":"Dexterity Potion"},{"floor":16,"key":"hexamod:SoulburnPotion"},{"floor":18,"key":"Swift Potion"},{"floor":20,"key":"bronze:BurnAndBuffPotion"}],"is_trial":false,"path_per_floor":["M","M","M","?","M","R","M","R","T","R","M","M","?","E","R","B",null,"M","M","M","M","M"],"character_chosen":"Librarian","items_purchased":[],"campfire_rested":1,"item_purchase_floors":[],"current_hp_per_floor":[54,53,51,69,61,61,59,59,59,59,23,23,23,17,39,7,74,71,21,6,5,0,0],"gold":367,"neow_bonus":"","is_daily":false,"chose_seed":false,"campfire_upgraded":2,"win_rate":0.0,"timestamp":1614417136,"path_taken":["M","M","M","?","M","R","M","R","T","R","M","M","?","E","R","BOSS","M","M","M","M","M"],"items_purchased_type":[],"build_version":"2020-12-22","purchased_purges":0,"victory":false,"max_hp_per_floor":[68,74,74,74,61,74,74,74,74,74,74,74,74,74,74,74,74,74,89,89,89,89,89],"card_choices":[{"not_picked":["Woodsman","Yin"],"picked":"RedShoes","floor":1},{"not_picked":["ProselytesBlade","SnakesPrey","Parry2","Thrust","QuickSuppression","UpbeatPerformance","DimensionalRift","SturdyDefense"],"picked":"YoureTooSlow","floor":1},{"not_picked":["UniverseFragment","FairyFestival","Scarecrow"],"picked":"Singing Bowl","floor":2},{"not_picked":["BigBadWolf","Wellcheers"],"picked":"WallGazer","floor":2},{"not_picked":["Reload","FleetFootsteps","Quickness","PuppetBlockade","Parry","DefenseOrder","BayonetCombat","SunsetBlade"],"picked":"EnergyCycle","floor":2},{"not_picked":["SingingMachine","Rudolta"],"picked":"Scorched","floor":3},{"not_picked":["MindWhip","BlowItUp","WillOfThePrescript","BindingChains","TendonChords","Leap_lor","SinglePointStab","BackstreetsDash"],"picked":"FlamingDragonFist","floor":3},{"not_picked":["PunishingBird","Bloodbath"],"picked":"OSAHOGD","floor":5},{"not_picked":["ClassAndRespect","IllEndYou","BindingChains","Unlock1","BlowItUp","Diversion","SnakesPrey","BizarreAttack"],"picked":"YoureAHindrance","floor":5},{"not_picked":["SnowQueen","Murderer","ShyLook"],"picked":"Singing Bowl","floor":7},{"not_picked":["ExtractFuel","SunsetBlade","BattleCommand","Leap_lor","Standoff","FierceCharge","FleshFillet","SmokingPipe"],"picked":"PreemptiveStrike","floor":7},{"not_picked":["LittleHelper","CherryBlossoms"],"picked":"GreedKing","floor":11},{"not_picked":["MultiHit","EndlessBattle","WrathOfTorment","Standoff","FlyingSword","DarkCloud","PinpointShot","Juggling"],"picked":"FrontalAssault","floor":11},{"not_picked":["Variant","CrumblingArmor","BigBadWolf"],"picked":"Singing Bowl","floor":12},{"not_picked":["CrumblingArmor","WallGazer"],"picked":"Bloodbath","floor":12},{"not_picked":["FieryWaltz","ViolentFlame","SunsetBlade","SparkingSpear","UnavoidableGaze","GreatSerpentsImpact","SmokingPipe","Suppress"],"picked":"CumulusWall","floor":12},{"not_picked":["GalaxyChild","PunishingBird"],"picked":"MHz","floor":14},{"not_picked":["SavageMode","DarkCloud","HandleRequest","KeepItFresh","ScatteringSlash","GuidanceOfTheGears","ConcentratedFire","NightInTheBackstreets","FierceCharge"],"picked":"SKIP","floor":14},{"not_picked":["UniverseFragment","WallGazer","MeatLantern"],"picked":"Singing Bowl","floor":16},{"not_picked":["SpiderBud","LittleHelper"],"picked":"WallGazer","floor":16},{"not_picked":["BoundaryOfDeath","EmotionalTurbulence"],"picked":"MirageStorm","floor":16},{"not_picked":["UniverseFragment","MeatLantern","CrumblingArmor"],"picked":"Singing Bowl","floor":18},{"not_picked":["Creak+1","DriedUp+1","BackAttack","Brawl","Crush","SharpSwipe","Faith","SteelKnuckles"],"picked":"WillBeTasty","floor":18},{"not_picked":["NakedNest","CherryBlossoms","SpiderBud"],"picked":"Singing Bowl","floor":19},{"not_picked":["DefenseOrder+1","GuidanceOfTheGears","Standoff","HeavyPeaks+1","GrazeTheGrass","QuickAttack","Endure","Leap_lor","UpbeatPerformance+1"],"picked":"SKIP","floor":19},{"not_picked":["FairyFestival","SpiderBud","Murderer"],"picked":"Singing Bowl","floor":20},{"not_picked":["PunishingBird","Variant"],"picked":"Mercenary","floor":20},{"not_picked":["RepressedFlesh","ProselytesBlade","FierceCharge","FendThisOffIfYouCan+1","Marionette","GuidanceOfTheGears","DesperateStruggle","SmokingPipe"],"picked":"Parry2","floor":20},{"not_picked":["QueenOfHatred","PunishingBird","Rudolta"],"picked":"Singing Bowl","floor":21},{"not_picked":["ForTheFamily","QuickSuppression+1","LossOfSenses","StrikeDown","Standoff","DaringDecision","SkyClearingCut","SerpentSwordTechnique"],"picked":"BindingChains+1","floor":21}],"player_experience":404720,"relics_obtained":[{"floor":1,"key":"LetterFromLob"},{"floor":9,"key":"Shovel"},{"floor":10,"key":"reliquary:Vitrine"},{"floor":14,"key":"reliquary:FerryPass"}],"event_choices":[{"damage_healed":18,"gold_gain":0,"player_choice":"Healed","damage_taken":0,"max_hp_gain":0,"max_hp_loss":0,"event_name":"The Cleric","floor":4,"gold_loss":35},{"damage_healed":0,"gold_gain":0,"player_choice":"Got Potions","damage_taken":0,"max_hp_gain":0,"max_hp_loss":0,"event_name":"Lab","floor":13,"gold_loss":0}],"is_beta":false,"boss_relics":[{"not_picked":["Calling Bell","Empty Cage"],"picked":"bronze:MakeshiftBattery"}],"items_purged_floors":[],"is_endless":false,"potions_floor_spawned":[1,3,12,16,18,20],"killed_by":"Centurion and Healer","ascension_level":3}}