{"host":"eulinuz724l58ltv","time":1614461097,"event":{"mods":["BaseMod","Colored Map","Colored Powertips","Highlight Path","Minty Spire (QoL Compilation)"],"gold_per_floor":[120,142,217,226,254,254,273,12,12,51,69,69,97,97,97,97,97],"floor_reached":16,"language":"ENG","playtime":2061,"items_purged":[],"score":115,"play_id":"1d7400ea-a6b4-4cad-a311-ac6041b0e74e","local_time":"20210227222457","is_ascension_mode":true,"campfire_choices":[{"data":"Flame Barrier","floor":6.0,"key":"SMITH"},{"floor":12.0,"key":"REST"},{"data":"Armaments","floor":15,"key":"SMITH"}],"circlet_count":0,"master_deck":["Strike_R","Strike_R","Strike_R","Strike_R","Strike_R","Defend_R","Defend_R","Defend_R","Defend_R","Bash","Flame Barrier+1","Armaments+1","Regret","Heavy Blade","Iron Wave","Wild Strike","Purity","Pommel Strike","Pummel"],"relics":["Burning Blood","CeramicFish","Darkstone Periapt","Eternal Feather","Art of War","Paper Frog"],"acts_visited":["Exordium"],"potions_floor_usage":[],"damage_taken":[{"damage":9.0,"enemies":"2 Louse","floor":1.0,"turns":4.0},{"damage":0.0,"enemies":"Jaw Worm","floor":2.0,"turns":5.0},{"damage":17.0,"enemies":"Small Slimes","floor":5.0,"turns":3.0},{"damage":3.0,"enemies":"Exordium Thugs","floor":7.0,"turns":5.0},{"damage":58.0,"enemies":"Lagavulin","floor":10.0,"turns":9.0},{"damage":4.0,"enemies":"2 Fungi Beasts","floor":13.0,"turns":3.0},{"damage":63,"enemies":"The Guardian","floor":16,"turns":9}],"seed_played":"-3545404434090801276","potions_obtained":[{"floor":2.0,"key":"FearPotion"},{"floor":5.0,"key":"Ancient Potion"}],"is_trial":false,"path_per_floor":["M","M","?","?","M","R","M","$","T","E","?","R","M","?","R","B"],"character_chosen":"IRONCLAD","items_purchased":["Eternal Feather"],"campfire_rested":1,"item_purchase_floors":[8],"current_hp_per_floor":[77,80,69,75,64,64,67,67,67,15,15,49,51,51,60,0,0],"gold":97,"neow_bonus":"RANDOM_COMMON_RELIC","is_daily":false,"chose_seed":false,"campfire_upgraded":2,"win_rate":0.0,"timestamp":1614461097,"path_taken":["M","M","?","?","M","R","M","$","T","E","?","R","?","?","R","BOSS"],"items_purchased_type":["Relic"],"build_version":"2020-12-22","purchased_purges":0,"victory":false,"max_hp_per_floor":[80,80,80,86,86,86,86,86,86,86,86,86,86,86,86,86,86],"card_choices":[{"not_picked":["True Grit","Fire Breathing"],"picked":"Flame Barrier","floor":1.0},{"not_picked":["Burning Pact","Fire Breathing"],"picked":"Armaments","floor":2.0},{"not_picked":["Clash","Dropkick"],"picked":"Heavy Blade","floor":5.0},{"not_picked":["Dark Embrace","Clothesline"],"picked":"Iron Wave","floor":7.0},{"not_picked":["Clash","Sword Boomerang"],"picked":"Wild Strike","floor":10.0},{"not_picked":["Inflame","Twin Strike"],"picked":"Pummel","floor":13.0}],"player_experience":898622,"relics_obtained":[{"floor":9.0,"key":"Art of War"},{"floor":10.0,"key":"Paper Frog"}],"event_choices":[{"damage_healed":0.0,"max_hp_gain":0.0,"max_hp_loss":0.0,"gold_gain":75.0,"event_name":"World of Goop","player_choice":"Gather Gold","floor":3.0,"gold_loss":0.0,"damage_taken":11.0},{"damage_healed":0.0,"max_hp_gain":0.0,"max_hp_loss":0.0,"gold_gain":0.0,"event_name":"Big Fish","player_choice":"Box","floor":4.0,"gold_loss":0.0,"damage_taken":0.0,"relics_obtained":["Darkstone Periapt"],"cards_obtained":["Regret"]},{"damage_healed":0.0,"max_hp_gain":0.0,"max_hp_loss":0.0,"gold_gain":0.0,"event_name":"Match and Keep!","player_choice":"2 cards matched","floor":11.0,"gold_loss":0.0,"damage_taken":0.0,"cards_obtained":["Purity","Pommel Strike"]},{"damage_healed":0.0,"max_hp_gain":0.0,"max_hp_loss":0.0,"gold_gain":0.0,"event_name":"The Woman in Blue","player_choice":"Bought 0 Potions","floor":14.0,"gold_loss":0.0,"damage_taken":0.0}],"is_beta":false,"boss_relics":[],"items_purged_floors":[],"is_endless":false,"potions_floor_spawned":[2,5],"killed_by":"The Guardian","ascension_level":3}}