{"host":"vyrim7c8c6ucsmzk","time":1614384917,"event":{"mods":["BaseMod","Colored Map","Downfall","Minty Spire (QoL Compilation)","StSLib"],"gold_per_floor":[99,113,133,583,598,615,685,685,155,155,178,178,278,310,324,324,324,324],"floor_reached":16,"language":"ENG","playtime":1713,"items_purged":["downfall:Icky"],"score":105,"play_id":"38d2569d-72e3-4654-8b00-6b71203498cf","local_time":"20210226191517","is_ascension_mode":true,"campfire_choices":[{"data":"bronze:Overheat","floor":1.0,"key":"SMITH"},{"floor":8.0,"key":"RECALL"},{"data":"bronze:FineTuning","floor":12,"key":"SMITH"}],"circlet_count":0,"master_deck":["bronze:Strike","bronze:Strike","bronze:Defend","bronze:Defend","bronze:Defend","bronze:Defend","bronze:Replicate","bronze:Goto","bronze:Overheat+1","bronze:Shell","downfall:Icky","downfall:Icky","bronze:Iterate","bronze:FineTuning+1","bronze:ChosenStrike","bronze:Fortify","bronze:Backtrace","bronze:AlphaBuild","bronze:Safeguard","bronze:FollowUp"],"relics":["bronze:BronzeCore","The Courier","HandDrill","Ice Cream","Odd Mushroom","Toy Ornithopter"],"acts_visited":["Exordium"],"potions_floor_usage":[14,14,14,15],"damage_taken":[{"damage":0.0,"enemies":"Small Slimes","floor":2.0,"turns":3.0},{"damage":4.0,"enemies":"2 Louse","floor":3.0,"turns":3.0},{"damage":5.0,"enemies":"Jaw Worm","floor":5.0,"turns":5.0},{"damage":3.0,"enemies":"3 Louse","floor":6.0,"turns":4.0},{"damage":0.0,"enemies":"downfall:FleeingMerchant","floor":9.0,"turns":4.0},{"damage":15,"enemies":"The Mushroom Lair","floor":11,"turns":4},{"damage":31,"enemies":"Lagavulin","floor":14,"turns":6},{"damage":0,"enemies":"Red Slaver","floor":15,"turns":1},{"damage":20,"enemies":"DF_ARCHETYPE_STREAMLINE","floor":16,"turns":3}],"seed_played":"-4028921072438809268","potions_obtained":[{"floor":2.0,"key":"sneckomod:MuddlingPotion"},{"floor":5.0,"key":"Block Potion"},{"floor":11,"key":"EntropicBrew"},{"floor":15,"key":"SmokeBomb"}],"is_trial":false,"path_per_floor":["R","M","M","?","M","M","T","R","$","?","?","R","?","E","M","B"],"character_chosen":"THE_AUTOMATON","items_purchased":["bronze:Fortify","bronze:Backtrace","HandDrill","Ice Cream"],"campfire_rested":0,"item_purchase_floors":[9,9,9,9],"current_hp_per_floor":[70,70,66,66,61,58,58,58,58,58,43,43,43,12,17,0,0,0],"gold":324,"neow_bonus":"TRANSFORM_CARD","is_daily":false,"chose_seed":false,"campfire_upgraded":2,"win_rate":0.0,"timestamp":1614384917,"path_taken":["R","M","M","?","M","M","T","R","$","?","?","R","?","E","M","BOSS"],"items_purchased_type":["Card","Card","Relic","Relic"],"build_version":"2020-12-22","purchased_purges":1,"victory":false,"max_hp_per_floor":[70,70,70,70,70,70,70,70,70,70,70,70,70,70,70,70,70,70],"card_choices":[{"not_picked":["bronze:Optimize","bronze:DelayedSlice","bronze:Overheat"],"picked":"SKIP","floor":2.0},{"not_picked":["bronze:BugBarrage","bronze:BitShift"],"picked":"bronze:Shell","floor":3.0},{"not_picked":["bronze:FineTuning","bronze:ChildClass"],"picked":"bronze:Iterate","floor":5.0},{"not_picked":["bronze:Refactor","bronze:DarkDash"],"picked":"bronze:FineTuning","floor":6.0},{"not_picked":["bronze:WhirlingStrike","bronze:Turbo"],"picked":"bronze:ChosenStrike","floor":9},{"not_picked":["bronze:DarkDash","bronze:WhirlingStrike"],"picked":"bronze:Safeguard","floor":11},{"not_picked":["bronze:BugBarrage","bronze:ForceShield","bronze:BuggyMess"],"picked":"SKIP","floor":14},{"not_picked":["bronze:ForceShield","bronze:Overload"],"picked":"bronze:FollowUp","floor":15}],"player_experience":1419757,"relics_obtained":[{"floor":7.0,"key":"The Courier"},{"floor":11,"key":"Odd Mushroom"},{"floor":14,"key":"Toy Ornithopter"}],"event_choices":[{"damage_healed":0,"gold_gain":0,"player_choice":"Fought Mushrooms","damage_taken":0,"max_hp_gain":0,"max_hp_loss":0,"event_name":"Mushrooms","floor":11,"gold_loss":0}],"is_beta":false,"boss_relics":[],"items_purged_floors":[9],"is_endless":false,"potions_floor_spawned":[2,5,11,15],"killed_by":"DF_ARCHETYPE_STREAMLINE","ascension_level":1}}