{"host":"5h6e4l6hpn0p5lap","time":1614396210,"event":{"mods":["AchievementEnabler","BaseMod","Better Altar","Better Match","Better Sensory Stone","Better Skull","Better Third Choice","Colored Map","Filter the Spire","Minty Spire (QoL Compilation)","StSLib"],"gold_per_floor":[19,34,34,34,48,48,48,48,122,122,53,80,90,105,105,200,200,214,214,129,139,139,139,155,155,155,31,45,45,63,63,63,63,63],"floor_reached":33,"language":"ENG","playtime":1017,"items_purged":["Strike_G"],"score":368,"play_id":"80ce1edf-3bf9-4ec6-a14a-396c796a292a","local_time":"20210226222330","is_ascension_mode":true,"campfire_choices":[{"data":"Dagger Spray","floor":6,"key":"SMITH"},{"data":"Dash","floor":8,"key":"SMITH"},{"floor":15,"key":"REST"},{"floor":23,"key":"REST"},{"data":"Phantasmal Killer","floor":25,"key":"SMITH"},{"floor":29,"key":"REST"},{"floor":32,"key":"REST"}],"circlet_count":0,"master_deck":["AscendersBane","Strike_G+1","Strike_G+1","Strike_G+1","Strike_G+1","Defend_G+1","Defend_G+1","Defend_G+1","Defend_G+1","Defend_G+1","Survivor","Neutralize","Backstab","Dash+1","Dagger Spray+1","Dramatic Entrance","Footwork","Acrobatics","Noxious Fumes","Poisoned Stab","Phantasmal Killer+1","Blur+1","Deadly Poison","Writhe","Bane","Deflect"],"relics":["Ring of the Snake","Calipers","Nunchaku","Blue Candle","Shovel","Calling Bell","Smiling Mask","HornCleat","Ginger","MealTicket","Vajra","Juzu Bracelet"],"acts_visited":["Exordium","TheCity"],"potions_floor_usage":[16,18,28,28],"damage_taken":[{"damage":3,"enemies":"Cultist","floor":1,"turns":5},{"damage":0,"enemies":"2 Louse","floor":2,"turns":3},{"damage":2,"enemies":"Jaw Worm","floor":5,"turns":4},{"damage":11,"enemies":"Gremlin Nob","floor":12,"turns":4},{"damage":0,"enemies":"3 Louse","floor":13,"turns":2},{"damage":0,"enemies":"Blue Slaver","floor":14,"turns":2},{"damage":8,"enemies":"The Guardian","floor":16,"turns":12},{"damage":13,"enemies":"Chosen","floor":18,"turns":6},{"damage":18,"enemies":"Shell Parasite","floor":21,"turns":8},{"damage":16,"enemies":"Snake Plant","floor":24,"turns":3},{"damage":24,"enemies":"Shelled Parasite and Fungi","floor":28,"turns":8},{"damage":27,"enemies":"Snecko","floor":30,"turns":5},{"damage":64,"enemies":"Automaton","floor":33,"turns":6}],"seed_played":"-3021974917953734871","potions_obtained":[{"floor":1,"key":"LiquidBronze"},{"floor":12,"key":"Weak Potion"},{"floor":14,"key":"Swift Potion"},{"floor":16,"key":"Energy Potion"},{"floor":24,"key":"Regen Potion"}],"is_trial":false,"path_per_floor":["M","M","$","$","M","R","?","R","T","?","$","E","M","M","R","B",null,"M","?","?","M","?","R","M","R","T","$","M","R","M","?","R","B"],"character_chosen":"THE_SILENT","items_purchased":["Footwork","Bane","Deflect"],"campfire_rested":4,"item_purchase_floors":[11,27,27],"current_hp_per_floor":[60,60,60,60,58,58,58,58,58,58,58,47,47,47,68,60,68,55,55,55,37,37,58,42,42,42,57,48,69,42,42,63,0,0],"gold":63,"neow_bonus":"ONE_RARE_RELIC","is_daily":false,"chose_seed":false,"campfire_upgraded":3,"win_rate":0.0,"timestamp":1614396210,"path_taken":["M","M","?","$","M","R","?","R","T","?","$","E","M","M","R","BOSS","M","?","?","M","?","R","M","R","T","$","M","R","M","?","R","BOSS"],"items_purchased_type":["Card","Card","Card"],"build_version":"2020-12-22","purchased_purges":1,"victory":false,"max_hp_per_floor":[70,70,70,70,70,70,70,70,70,70,70,70,70,70,70,70,70,70,70,70,70,70,70,70,70,70,70,70,70,70,70,70,70,70],"card_choices":[{"not_picked":["Masterful Stab","Cloak And Dagger"],"picked":"Backstab","floor":1},{"not_picked":["Backflip","Sucker Punch"],"picked":"Dash","floor":2},{"not_picked":["Predator","Bouncing Flask"],"picked":"Dagger Spray","floor":5},{"not_picked":["Panacea","Deep Breath"],"picked":"Dramatic Entrance","floor":10},{"not_picked":["Dodge and Roll","Finisher"],"picked":"Acrobatics","floor":12},{"not_picked":["Flying Knee","Infinite Blades"],"picked":"Noxious Fumes","floor":13},{"not_picked":["Dash","Underhanded Strike"],"picked":"Poisoned Stab","floor":14},{"not_picked":["Venomology","Night Terror"],"picked":"Phantasmal Killer","floor":16},{"not_picked":["Slice","Prepared"],"picked":"Blur+1","floor":18},{"not_picked":["Choke","Noxious Fumes+1"],"picked":"Deadly Poison","floor":21},{"not_picked":["Caltrops","Noxious Fumes","Expertise+1"],"picked":"SKIP","floor":24},{"not_picked":["Bouncing Flask","Cloak And Dagger","Underhanded Strike+1"],"picked":"SKIP","floor":28},{"not_picked":["Crippling Poison","Dagger Spray","Bouncing Flask"],"picked":"SKIP","floor":30}],"player_experience":1186141,"relics_obtained":[{"floor":9,"key":"Blue Candle"},{"floor":12,"key":"Shovel"},{"floor":17,"key":"Smiling Mask"},{"floor":17,"key":"HornCleat"},{"floor":17,"key":"Ginger"},{"floor":26,"key":"Juzu Bracelet"}],"event_choices":[{"damage_healed":0,"gold_gain":0,"player_choice":"Searched \u00272\u0027 times","damage_taken":0,"relics_obtained":["Nunchaku"],"max_hp_gain":0,"max_hp_loss":0,"event_name":"Dead Adventurer","floor":7,"gold_loss":0},{"damage_healed":0,"gold_gain":1,"player_choice":"1","damage_taken":0,"max_hp_gain":0,"max_hp_loss":0,"event_name":"betterStone:BetterStone","floor":10,"gold_loss":0},{"damage_healed":0,"gold_gain":0,"player_choice":"Ignored","damage_taken":0,"max_hp_gain":0,"max_hp_loss":0,"event_name":"Ghosts","floor":19,"gold_loss":0},{"damage_healed":0,"gold_gain":0,"player_choice":"Obtained Relic","damage_taken":0,"relics_obtained":["MealTicket"],"max_hp_gain":0,"max_hp_loss":0,"event_name":"Addict","floor":20,"gold_loss":85},{"damage_healed":0,"gold_gain":0,"player_choice":"Opened","damage_taken":0,"relics_obtained":["Vajra"],"max_hp_gain":0,"max_hp_loss":0,"event_name":"The Mausoleum","floor":22,"gold_loss":0,"cards_obtained":["Writhe"]},{"damage_healed":0,"gold_gain":0,"player_choice":"Simplicity","damage_taken":0,"max_hp_gain":0,"max_hp_loss":9,"event_name":"betterThird:BetterWriting","floor":31,"gold_loss":0}],"is_beta":false,"boss_relics":[{"not_picked":["Philosopher\u0027s Stone","HoveringKite"],"picked":"Calling Bell"}],"items_purged_floors":[27],"is_endless":false,"potions_floor_spawned":[1,12,14,16,24],"killed_by":"Automaton","ascension_level":10}}