{"host":"m1loc25s2tepoquo","time":1614407197,"event":{"mods":["BaseMod","Minty Spire (QoL Compilation)","SuperFastMode"],"gold_per_floor":[113,113,113,133,133,133,133,148,148,167,167,184,203,214,214,313,313,326,326,343,343,100,100,126,126,174,174,67,77,87,106,106,201,201,218,238,238,93,53,63,63,0,0,0,0,0,17,17,17,17,17],"floor_reached":50,"language":"ENG","playtime":2510,"items_purged":["Strike_G"],"score":534,"play_id":"307f2a59-3071-4b0f-8b02-c72bfe69de50","local_time":"20210227002637","is_ascension_mode":false,"campfire_choices":[{"data":"Catalyst","floor":6,"key":"SMITH"},{"data":"Dark Shackles","floor":11,"key":"SMITH"},{"floor":15,"key":"REST"},{"data":"Envenom","floor":23,"key":"SMITH"},{"data":"Survivor","floor":25,"key":"SMITH"},{"data":"All Out Attack","floor":27,"key":"SMITH"},{"floor":32,"key":"REST"},{"floor":41,"key":"REST"},{"floor":49,"key":"REST"}],"circlet_count":0,"master_deck":["Strike_G","Strike_G","Strike_G","Defend_G","Defend_G","Defend_G","Defend_G","Defend_G","Survivor+1","Neutralize","Dark Shackles+1","Deadly Poison+1","Catalyst+1","Footwork","Poisoned Stab","Deadly Poison","Envenom+1","All Out Attack+1","Flying Knee","Storm of Steel","Poisoned Stab","Calculated Gamble+1"],"relics":["Ring of the Snake","Nunchaku","Pantograph","Busted Crown","Happy Flower","Orichalcum","Ninja Scroll","Fusion Hammer","Sling","Red Mask","Darkstone Periapt"],"acts_visited":["Exordium","TheCity","TheBeyond"],"potions_floor_usage":[16,16,20,21,24,30,31,33,44,47,50],"damage_taken":[{"damage":2,"enemies":"Small Slimes","floor":1,"turns":4},{"damage":1,"enemies":"Jaw Worm","floor":4,"turns":4},{"damage":0,"enemies":"Cultist","floor":8,"turns":2},{"damage":0,"enemies":"Blue Slaver","floor":10,"turns":4},{"damage":12,"enemies":"Lots of Slimes","floor":12,"turns":6},{"damage":13,"enemies":"Gremlin Gang","floor":13,"turns":5},{"damage":1,"enemies":"Exordium Wildlife","floor":14,"turns":4},{"damage":44,"enemies":"Slime Boss","floor":16,"turns":12},{"damage":0,"enemies":"Shell Parasite","floor":18,"turns":5},{"damage":0,"enemies":"Spheric Guardian","floor":20,"turns":3},{"damage":0,"enemies":"Centurion and Healer","floor":21,"turns":1},{"damage":18,"enemies":"Book of Stabbing","floor":24,"turns":5},{"damage":0,"enemies":"Chosen and Byrds","floor":29,"turns":4},{"damage":20,"enemies":"Snake Plant","floor":30,"turns":5},{"damage":13,"enemies":"Shelled Parasite and Fungi","floor":31,"turns":3},{"damage":8,"enemies":"Automaton","floor":33,"turns":3},{"damage":16,"enemies":"3 Darklings","floor":35,"turns":6},{"damage":12,"enemies":"3 Shapes","floor":36,"turns":6},{"damage":0,"enemies":"Transient","floor":40,"turns":5},{"damage":0,"enemies":"Nemesis","floor":44,"turns":2},{"damage":23,"enemies":"Spire Growth","floor":47,"turns":3},{"damage":71,"enemies":"Time Eater","floor":50,"turns":7}],"seed_played":"2676356180045964717","potions_obtained":[{"floor":12,"key":"BlessingOfTheForge"},{"floor":13,"key":"BlessingOfTheForge"},{"floor":16,"key":"Fire Potion"},{"floor":19,"key":"Poison Potion"},{"floor":19,"key":"SmokeBomb"},{"floor":29,"key":"Dexterity Potion"},{"floor":30,"key":"FearPotion"},{"floor":31,"key":"DuplicationPotion"},{"floor":39,"key":"FearPotion"},{"floor":39,"key":"SmokeBomb"},{"floor":39,"key":"LiquidBronze"},{"floor":40,"key":"Weak Potion"}],"is_trial":false,"path_per_floor":["M","?","?","M","?","R","?","M","T","M","R","M","M","M","R","B",null,"M","?","M","M","$","R","E","R","T","R","?","M","M","M","R","B",null,"M","M","?","$","?","M","R","?","T","E","$","?","M","$","R","B"],"character_chosen":"THE_SILENT","items_purchased":["Happy Flower","Flying Knee","Sling"],"campfire_rested":4,"item_purchase_floors":[22,22,38],"current_hp_per_floor":[68,61,61,60,57,57,57,57,57,57,57,45,32,31,52,26,70,70,70,70,70,70,70,52,52,52,52,52,52,32,19,40,57,70,54,42,42,42,42,42,63,63,63,63,63,63,40,40,61,0,0],"gold":17,"neow_bonus":"RANDOM_COLORLESS","is_daily":false,"chose_seed":false,"campfire_upgraded":5,"win_rate":0.0,"timestamp":1614407197,"path_taken":["M","?","?","M","?","R","?","M","T","M","R","M","?","M","R","BOSS","M","?","?","?","$","R","E","R","T","R","?","?","M","M","R","BOSS","M","M","?","$","?","?","R","?","T","E","$","?","M","?","R","BOSS"],"items_purchased_type":["Relic","Card","Relic"],"build_version":"2020-12-22","purchased_purges":1,"victory":false,"max_hp_per_floor":[70,70,70,70,70,70,70,70,70,70,70,70,70,70,70,70,70,70,70,70,70,70,70,70,70,70,70,70,70,70,70,70,70,70,70,70,70,70,70,70,70,70,70,70,70,70,70,70,70,70,70],"card_choices":[{"not_picked":["Panacea","Forethought"],"picked":"Dark Shackles","floor":0},{"not_picked":["Acrobatics","Underhanded Strike"],"picked":"Deadly Poison","floor":1},{"not_picked":["Backflip","Cloak And Dagger"],"picked":"Catalyst","floor":4},{"not_picked":["Dagger Throw","Acrobatics"],"picked":"Footwork","floor":8},{"not_picked":["Blade Dance","Dagger Throw"],"picked":"Poisoned Stab","floor":10},{"not_picked":["Choke","A Thousand Cuts","Outmaneuver"],"picked":"SKIP","floor":12},{"not_picked":["Slice","Eviscerate"],"picked":"Deadly Poison","floor":13},{"not_picked":["Distraction","Unload"],"picked":"Flying Knee","floor":14},{"not_picked":["Tools of the Trade","A Thousand Cuts"],"picked":"Envenom","floor":16},{"not_picked":[],"picked":"All Out Attack","floor":18},{"not_picked":["Accuracy"],"picked":"SKIP","floor":20},{"not_picked":["Prepared+1"],"picked":"SKIP","floor":24},{"not_picked":["Cloak And Dagger"],"picked":"SKIP","floor":29},{"not_picked":["Riddle With Holes"],"picked":"SKIP","floor":30},{"not_picked":["Dash"],"picked":"SKIP","floor":31},{"not_picked":[],"picked":"Storm of Steel","floor":33},{"not_picked":[],"picked":"Poisoned Stab","floor":35},{"not_picked":["Prepared"],"picked":"SKIP","floor":36},{"not_picked":["Dodge and Roll"],"picked":"SKIP","floor":40},{"not_picked":[],"picked":"Calculated Gamble+1","floor":47}],"player_experience":131999,"relics_obtained":[{"floor":9,"key":"Pantograph"},{"floor":24,"key":"Orichalcum"},{"floor":43,"key":"Darkstone Periapt"}],"event_choices":[{"cards_removed":["Strike_G"],"damage_healed":0,"gold_gain":0,"player_choice":"Card Removal","damage_taken":7,"max_hp_gain":0,"max_hp_loss":0,"event_name":"Golden Wing","floor":2,"gold_loss":0},{"damage_healed":0,"gold_gain":0,"player_choice":"Ignored","damage_taken":0,"max_hp_gain":0,"max_hp_loss":0,"event_name":"Liars Game","floor":3,"gold_loss":0},{"damage_healed":0,"gold_gain":0,"player_choice":"Success","damage_taken":3,"relics_obtained":["Nunchaku"],"max_hp_gain":0,"max_hp_loss":0,"event_name":"Scrap Ooze","floor":5,"gold_loss":0},{"damage_healed":0,"gold_gain":0,"player_choice":"Upgraded","damage_taken":0,"max_hp_gain":0,"max_hp_loss":0,"event_name":"Upgrade Shrine","floor":7,"gold_loss":0,"cards_upgraded":["Deadly Poison"]},{"damage_healed":0,"gold_gain":0,"player_choice":"Got Potions","damage_taken":0,"max_hp_gain":0,"max_hp_loss":0,"event_name":"Lab","floor":19,"gold_loss":0},{"damage_healed":0,"gold_gain":0,"player_choice":"Paid Gold","damage_taken":0,"relics_obtained":["Ninja Scroll"],"max_hp_gain":0,"max_hp_loss":0,"event_name":"WeMeetAgain","floor":28,"gold_loss":107},{"cards_removed":["Flying Knee"],"damage_healed":0,"gold_gain":0,"player_choice":"Removed Attack","damage_taken":0,"max_hp_gain":0,"max_hp_loss":0,"event_name":"Falling","floor":37,"gold_loss":0},{"damage_healed":0,"gold_gain":0,"player_choice":"Bought 3 Potions","damage_taken":0,"max_hp_gain":0,"max_hp_loss":0,"event_name":"The Woman in Blue","floor":39,"gold_loss":0},{"damage_healed":0,"gold_gain":0,"player_choice":"Paid","damage_taken":0,"relics_obtained":["Red Mask"],"max_hp_gain":0,"max_hp_loss":0,"event_name":"Tomb of Lord Red Mask","floor":42,"gold_loss":63},{"damage_healed":0,"gold_gain":0,"player_choice":"Memory 1","damage_taken":0,"max_hp_gain":0,"max_hp_loss":0,"event_name":"SensoryStone","floor":46,"gold_loss":0}],"is_beta":false,"boss_relics":[{"not_picked":["Ring of the Serpent","SacredBark"],"picked":"Busted Crown"},{"not_picked":["HoveringKite","Runic Pyramid"],"picked":"Fusion Hammer"}],"items_purged_floors":[22],"is_endless":false,"potions_floor_spawned":[12,13,16,29,30,31,40,44],"killed_by":"Time Eater","ascension_level":0}}