{"host":"h3awr6eovmieyhyn","time":1614397287,"event":{"mods":["Act Like it!","Aspiration","BaseMod","BetterRewards","Downfall","Gensokyo","Hubris","Infinite Spire","Lobotomy","LobotomyExtend","Marisa????????","Minty Spire (QoL Compilation)","Reliquary","Replay The Spire","Robot Space Explorer","Shade Mod","StSLib","Td1madao Mod","The Bug Knight","The Cursed","The Disciple","The Hierophant","The Jungle","The Marked","The Necromancer","The Servant 0.9.4","[IsaacMod]????"],"gold_per_floor":[116,116,129,142,157,157,157,157,157,157,157,157,157,157],"floor_reached":13,"language":"ENG","playtime":575,"items_purged":[],"score":73,"play_id":"95753409-af46-4e53-91fb-a2f06ad92f7e","local_time":"20210227034127","daily_mods":["Heirloom","Flight","downfall:Jewelcrafting","DeadlyEvents"],"is_ascension_mode":false,"campfire_choices":[{"data":"Shade:PoundOfFlesh","floor":10,"key":"SMITH"}],"circlet_count":0,"master_deck":[],"relics":["Shade:YorickSkull","Guardian:PickAxe","HushsDoor","SteamSale","Calipers","LetterFromLob","Replay:Bottled Snecko","ShedSkin_r","Gaze_r","LaetitiaHeart"],"acts_visited":["Exordium"],"potions_floor_usage":[],"damage_taken":[{"damage":0,"enemies":"Small Slimes","floor":1,"turns":2},{"damage":0,"enemies":"infinitespire:Voidling","floor":3,"turns":3},{"damage":1,"enemies":"2 Louse","floor":4,"turns":2},{"damage":10,"enemies":"Looter","floor":5,"turns":3},{"damage":20,"enemies":"Large Slime","floor":11,"turns":4},{"damage":0,"enemies":"Replay:BlueRogue","floor":13,"turns":2}],"seed_played":"3454302431903467629","potions_obtained":[{"floor":1,"key":"SteroidPotion"},{"floor":4,"key":"Strength Potion"}],"is_trial":true,"path_per_floor":["M","?","M","M","M","R","R","R","T","R","M","?","E"],"character_chosen":"SHADE","items_purchased":[],"campfire_rested":0,"item_purchase_floors":[],"current_hp_per_floor":[65,65,65,64,54,54,54,54,54,54,43,65,65,65],"gold":157,"neow_bonus":"","is_daily":false,"chose_seed":false,"campfire_upgraded":1,"win_rate":0.0,"timestamp":1614397287,"path_taken":["M","?","M","M","?","R","R","R","T","R","M","?","E"],"items_purchased_type":[],"build_version":"2020-12-22","purchased_purges":0,"victory":false,"max_hp_per_floor":[65,65,65,65,65,65,65,65,65,65,65,65,65,65],"card_choices":[{"not_picked":["Shade:FuneraryJewels","Shade:CoffinDance"],"picked":"Shade:Bonestorm","floor":1},{"not_picked":["Shade:PotionOfRestlessness","Shade:FuneraryJewels"],"picked":"Shade:CoffinDance","floor":3},{"not_picked":["Shade:ExtraLimbs","Shade:ClawBack"],"picked":"Shade:PoundOfFlesh","floor":4},{"not_picked":["Shade:CoffinDance","Shade:ExtraLimbs"],"picked":"Shade:Premonition","floor":5}],"player_experience":169886,"relics_obtained":[{"floor":1,"key":"LetterFromLob"},{"floor":9,"key":"Replay:Bottled Snecko"}],"event_choices":[{"damage_healed":0,"gold_gain":0,"player_choice":"Ignored","damage_taken":0,"max_hp_gain":0,"max_hp_loss":0,"event_name":"Golden Wing","floor":2,"gold_loss":0}],"is_beta":false,"boss_relics":[],"items_purged_floors":[],"is_endless":false,"potions_floor_spawned":[1,4],"killed_by":"Replay:BlueRogue","ascension_level":0}}