{"host":"nsc6ozq3atyrdr3m","time":1614459196,"event":{"mods":["BaseMod","Colored Map","Minty Spire (QoL Compilation)"],"gold_per_floor":[212,212,227,244,263,263,123,123,123,162,190,202,202],"floor_reached":12,"language":"FRA","playtime":231,"items_purged":[],"score":116,"play_id":"435a59d4-23c5-48fb-a49e-5256a83cf5cd","local_time":"20210227215316","is_ascension_mode":true,"campfire_choices":[{"data":"Sunder","floor":6,"key":"SMITH"},{"data":"Electrodynamics","floor":8,"key":"SMITH"}],"circlet_count":0,"master_deck":["Strike_B","Strike_B","Strike_B","Strike_B","Defend_B","Defend_B","Defend_B","Defend_B","Zap","Dualcast","Ball Lightning","Sunder+1","Ball Lightning","Heatsinks","Electrodynamics+1","Storm","Steam"],"relics":["Cracked Core","MawBank","Gremlin Horn"],"acts_visited":["Exordium"],"potions_floor_usage":[],"damage_taken":[{"damage":0,"enemies":"2 Louse","floor":1,"turns":3},{"damage":10,"enemies":"Small Slimes","floor":3,"turns":3},{"damage":2,"enemies":"Jaw Worm","floor":4,"turns":3},{"damage":0,"enemies":"Gremlin Gang","floor":5,"turns":3},{"damage":20,"enemies":"3 Sentries","floor":10,"turns":3},{"damage":1,"enemies":"2 Fungi Beasts","floor":11,"turns":2},{"damage":36,"enemies":"Lagavulin","floor":12,"turns":5}],"seed_played":"7331331432459553491","potions_obtained":[{"floor":3,"key":"PotionOfCapacity"},{"floor":4,"key":"FearPotion"},{"floor":10,"key":"Ancient Potion"}],"is_trial":false,"path_per_floor":["M","$","M","M","M","R","$","R","T","E","M","E"],"character_chosen":"DEFECT","items_purchased":["Electrodynamics"],"campfire_rested":0,"item_purchase_floors":[7],"current_hp_per_floor":[68,68,58,56,56,56,56,56,56,36,35,0,0],"gold":202,"neow_bonus":"HUNDRED_GOLD","is_daily":false,"chose_seed":false,"campfire_upgraded":2,"win_rate":0.0,"timestamp":1614459196,"path_taken":["M","$","M","M","M","R","$","R","T","E","M","E"],"items_purchased_type":["Card"],"build_version":"2020-12-22","purchased_purges":0,"victory":false,"max_hp_per_floor":[75,75,75,75,75,75,75,75,75,75,75,75,75],"card_choices":[{"not_picked":["Rebound","Steam Power"],"picked":"Ball Lightning","floor":1},{"not_picked":["BootSequence","Barrage"],"picked":"Sunder","floor":3},{"not_picked":["Coolheaded","Stack"],"picked":"Ball Lightning","floor":4},{"not_picked":["Ball Lightning","Sweeping Beam"],"picked":"Heatsinks","floor":5},{"not_picked":["Amplify","Thunder Strike"],"picked":"Storm","floor":10},{"not_picked":["Stack","Beam Cell"],"picked":"Steam","floor":11}],"player_experience":452398,"relics_obtained":[{"floor":9,"key":"MawBank"},{"floor":10,"key":"Gremlin Horn"}],"event_choices":[],"is_beta":false,"boss_relics":[],"items_purged_floors":[],"is_endless":false,"potions_floor_spawned":[3,4,10],"killed_by":"Lagavulin","ascension_level":9}}