{"host":"p4yrwepmrl4g8pul","time":1614391405,"event":{"mods":["Act Like it!","BaseMod","BetterRewards","Colored Map","Custom Start","Downfall","Gensokyo","Marisa£®ÏF”Í°°ƒß¿Ì…≥£©","Minty Spire (QoL Compilation)","Quick Restart","Rare Cards Sparkle","Reimu£®≤©¿ˆ¡È√Œ£©","Remilia£®¿Ÿ√◊¿Ú—«£©","Remove Card Discount Mod","Shop Mod","StSLib","Thieving Mod"],"gold_per_floor":[99,109,8626,8726,8726,8726,8726,8065,8065,7127,7127,7155,7055,7069,7088,7184,7184,7084,7102,7121,7121,7023,7023,7023,7039,6241,6266,6366,6377,6405,6440,6450,6553,6553,6453,6472,6491,6509,6509,6528,6575,6601,6617,6617,6628,6656,6656,6670,6688,6688,6688,6716,6273,6273,6273,6273],"floor_reached":57,"language":"ZHS","playtime":2070,"items_purged":["sneckomod:Defend","sneckomod:Defend","sneckomod:Strike","Uppercut","sneckomod:Strike","sneckomod:TailWhip","sneckomod:Strike","sneckomod:Defend","sneckomod:SlitherStrike","sneckomod:Nope","sneckomod:Unknown","sneckomod:WideSting","expansioncontent:PolyBeam","sneckomod:SnakeSap","sneckomod:UnknownStrength"],"score":1447,"play_id":"7366be6e-7a96-4dbe-acda-231ed897ee81","local_time":"20210227100325","is_ascension_mode":false,"campfire_choices":[{"data":"sneckomod:SnekBite","floor":9.0,"key":"SMITH"},{"floor":13,"key":"RECALL"},{"data":"sneckomod:QuickBite","floor":23,"key":"SMITH"},{"data":"Bludgeon","floor":35,"key":"SMITH"},{"data":"sneckomod:RainOfDice","floor":44,"key":"SMITH"},{"floor":47,"key":"REST"},{"floor":54,"key":"REST"}],"circlet_count":0,"master_deck":["sneckomod:SnekBite+1","sneckomod:RainOfDice+1","CurseOfTheBell","CurseOfTheBell","sneckomod:QuickBite+1","Bludgeon+1","sneckomod:WideSting+1","Bludgeon+1","Bludgeon+1"],"relics":["sneckomod:SneckoSoul","ClockworkSouvenir","Ancient Tea Set","downfall:ExtraCursedBell","Lantern","Blue Candle","Unceasing Top","Gremlin Horn","Strawberry","Calipers","Frozen Eye","Omamori","Art of War","TentaclePot:ReiMu","MerchantsRug","Akabeko","downfall:HeartBlessingGreen","Philosopher\u0027s Stone","downfall:HeartBlessingRed","Enchiridion","Mastiff:ReiMu","PreservedInsect","Sling","OrangePellets","WingedGreaves","TungstenRod","Anchor","Tea:ReiMu","Mummified Hand","SlaversCollar","downfall:HeartBlessingBlue","Bag of Preparation","Molten Egg 2","Ice Cream","Vajra","DollysMirror"],"acts_visited":["Exordium","TheCity","TheBeyond","TheEnding"],"potions_floor_usage":[16,33,33,33,52,56,56],"damage_taken":[{"damage":5.0,"enemies":"Small Slimes","floor":2.0,"turns":2.0},{"damage":1.0,"enemies":"downfall:FleeingMerchant","floor":3.0,"turns":4.0},{"damage":17.0,"enemies":"downfall:FleeingMerchant","floor":8.0,"turns":4.0},{"damage":22.0,"enemies":"downfall:FleeingMerchant","floor":10.0,"turns":4.0},{"damage":2.0,"enemies":"Gremlin Nob","floor":12.0,"turns":2.0},{"damage":2,"enemies":"2 Louse","floor":14,"turns":1},{"damage":1,"enemies":"Jaw Worm","floor":15,"turns":1},{"damage":5,"enemies":"WA_ARCHETYPE_RETAIN","floor":16,"turns":3},{"damage":2,"enemies":"3 Byrds","floor":19,"turns":3},{"damage":1,"enemies":"Shell Parasite","floor":20,"turns":1},{"damage":1,"enemies":"downfall:FleeingMerchant","floor":22,"turns":2},{"damage":2,"enemies":"Sentry and Sphere","floor":25,"turns":1},{"damage":12,"enemies":"Book of Stabbing","floor":27,"turns":2},{"damage":0,"enemies":"Shelled Parasite and Fungi","floor":29,"turns":1},{"damage":9,"enemies":"Gremlin Leader","floor":30,"turns":2},{"damage":3,"enemies":"Book of Stabbing","floor":31,"turns":2},{"damage":0,"enemies":"3 Cultists","floor":32,"turns":1},{"damage":7,"enemies":"SI_MIRROR_ARCHETYPE","floor":33,"turns":2},{"damage":0,"enemies":"Orb Walker","floor":36,"turns":1},{"damage":0,"enemies":"3 Darklings","floor":37,"turns":2},{"damage":0,"enemies":"Transient","floor":38,"turns":5},{"damage":25,"enemies":"Maw","floor":40,"turns":3},{"damage":0,"enemies":"Giant Head","floor":42,"turns":1},{"damage":0,"enemies":"Jaw Worm Horde","floor":43,"turns":2},{"damage":0,"enemies":"Sphere and 2 Shapes","floor":45,"turns":1},{"damage":0,"enemies":"Reptomancer","floor":46,"turns":1},{"damage":0,"enemies":"Spire Growth","floor":48,"turns":1},{"damage":0,"enemies":"Jaw Worm Horde","floor":49,"turns":1},{"damage":46,"enemies":"IC_BLOCK_ARCHETYPE","floor":50,"turns":4},{"damage":1,"enemies":"downfall:CharBossMerchant","floor":52,"turns":2},{"damage":10,"enemies":"downfall:NeowBoss","floor":55,"turns":5},{"damage":38,"enemies":"downfall:NeowBossFinal","floor":56,"turns":5}],"seed_played":"231515861016554076","potions_obtained":[{"floor":2.0,"key":"Guardian:BlockOnCardUsePotion"},{"floor":20,"key":"Weak Potion"},{"floor":29,"key":"Block Potion"},{"floor":38,"key":"Fire Potion"},{"floor":52,"key":"DistilledChaos"}],"is_trial":false,"path_per_floor":["R","M","$","?","?","?","T","$","R","$","R","E","R","M","M","B",null,"R","M","M","?","$","R","T","M","$","E","?","M","E","E","M","B",null,"R","M","M","M","?","M","T","E","M","R","M","E","R","M","M","B",null,"E","$","R","B","B",null],"character_chosen":"THE_SNECKO","items_purchased":["ClockworkSouvenir","Ancient Tea Set","sneckomod:SlitherStrike","Strawberry","Calipers","Frozen Eye","sneckomod:Nope","Omamori","Art of War","sneckomod:UnknownRareAttack","TentaclePot:ReiMu","sneckomod:CheatPotion","champ:CounterPotion","MerchantsRug","Mastiff:ReiMu","PreservedInsect","Sling","Strength Potion","OrangePellets","WingedGreaves","TungstenRod","sneckomod:DiceRollPotion","Vajra","DollysMirror","CultistPotion","SkillPotion"],"campfire_rested":2,"item_purchase_floors":[3,3,3,8,8,8,8,10,10,10,10,10,10,10,22,22,22,22,26,26,26,26,53,53,53,53],"current_hp_per_floor":[990,985,984,984,984,984,984,974,974,952,952,950,950,948,947,942,997,997,997,996,980,979,979,979,977,977,965,965,965,956,953,953,946,997,1007,1007,1007,1007,1007,982,982,982,982,982,982,982,1007,1007,1007,961,1007,1006,1006,1007,997,959],"gold":6273,"neow_bonus":"TEN_PERCENT_HP_BONUS","is_daily":false,"chose_seed":false,"campfire_upgraded":4,"win_rate":0.0,"timestamp":1614391405,"path_taken":["R","M","$","?","?","?","T","$","R","?","R","E","R","M","M","BOSS","R","M","M","?","$","R","T","M","$","E","?","M","E","E","M","BOSS","R","M","M","?","?","M","T","E","M","R","M","E","R","?","M","BOSS","E","$","R","BOSS","BOSS"],"items_purchased_type":["Relic","Relic","Card","Relic","Relic","Relic","Card","Relic","Relic","Card","Relic","Potion","Potion","Relic","Relic","Relic","Relic","Potion","Relic","Relic","Relic","Potion","Relic","Relic","Potion","Potion"],"build_version":"2020-12-22","purchased_purges":15,"victory":true,"max_hp_per_floor":[990,990,990,990,990,990,990,997,997,997,997,997,997,997,997,997,997,997,997,997,997,997,997,997,997,997,997,997,997,997,997,997,997,997,1007,1007,1007,1007,1007,1007,1007,1007,1007,1007,1007,1007,1007,1007,1007,1007,1007,1007,1007,1007,1007,1007],"card_choices":[{"not_picked":["sneckomod:UnknownBlock","sneckomod:Unknown1Cost"],"picked":"sneckomod:WideSting","floor":2.0},{"not_picked":["sneckomod:SoulExchange","sneckomod:SoulDraw"],"picked":"sneckomod:RainOfDice","floor":3.0},{"not_picked":["sneckomod:DiceBlock","sneckomod:SoulDraw"],"picked":"sneckomod:QuickBite","floor":8.0},{"not_picked":["sneckomod:SlitherStrike","sneckomod:WideSting"],"picked":"sneckomod:SnakeSap","floor":10.0},{"not_picked":["sneckomod:UnknownCommonSkill","sneckomod:MixItUp"],"picked":"sneckomod:UnknownStrength","floor":12.0},{"not_picked":["sneckomod:UnknownWeak","sneckomod:SerpentIdol","sneckomod:UnknownClassRED"],"picked":"SKIP","floor":14},{"not_picked":["sneckomod:UnknownCommonAttack","sneckomod:UnknownCommonSkill","sneckomod:CheapStock"],"picked":"SKIP","floor":15},{"not_picked":["sneckomod:Mudshield","sneckomod:Cheat"],"picked":"sneckomod:UnknownBoss","floor":16},{"not_picked":["sneckomod:WideSting","sneckomod:DiceCrush+1","sneckomod:Unknown1Cost"],"picked":"SKIP","floor":19},{"not_picked":["sneckomod:UnknownCommonSkill","sneckomod:Rotation"],"picked":"sneckomod:WideSting+1","floor":20},{"not_picked":["sneckomod:UnknownDraw","sneckomod:MasterEye","sneckomod:TrashToTreasure"],"picked":"SKIP","floor":22},{"not_picked":["sneckomod:Nope","sneckomod:UnknownUncommonSkill+1","sneckomod:PureSnecko"],"picked":"SKIP","floor":25},{"not_picked":["sneckomod:RainOfDice","sneckomod:PureSnecko+1","sneckomod:DiceCrush+1"],"picked":"SKIP","floor":27},{"not_picked":["sneckomod:UnknownBlock+1","sneckomod:SoulRoll","sneckomod:SlitherStrike+1"],"picked":"SKIP","floor":29},{"not_picked":["sneckomod:UnknownClassREIMU_COLOR","sneckomod:MixItUp","sneckomod:SlitherStrike"],"picked":"SKIP","floor":30},{"not_picked":["sneckomod:DiceCrush","sneckomod:UnknownCommonSkill+1","sneckomod:SoulDraw"],"picked":"SKIP","floor":31},{"not_picked":["sneckomod:UnknownX","sneckomod:Nope","sneckomod:QuickMove"],"picked":"SKIP","floor":32},{"not_picked":["sneckomod:Nope","sneckomod:UnknownClassREIMU_COLOR+1","sneckomod:UnknownDraw+1"],"picked":"SKIP","floor":36},{"not_picked":["sneckomod:UnknownWeak","sneckomod:DefensiveFlair","sneckomod:UnknownClassREMILIA_COLOR+1"],"picked":"SKIP","floor":37},{"not_picked":["sneckomod:DiceBlock+1","sneckomod:UnknownClassRED+1","sneckomod:RainOfDice"],"picked":"SKIP","floor":38},{"not_picked":["sneckomod:SnakeSap+1","sneckomod:UnknownBoss","sneckomod:WideSting"],"picked":"SKIP","floor":40},{"not_picked":["sneckomod:UnknownCommonAttack+1","sneckomod:UnknownClassREIMU_COLOR+1","sneckomod:UnknownUncommonPower"],"picked":"SKIP","floor":42},{"not_picked":["sneckomod:SnekBeam+1","sneckomod:UnknownX","sneckomod:ImprovisedGuard"],"picked":"SKIP","floor":43},{"not_picked":["sneckomod:DiceCrush+1","sneckomod:Rotation+1","sneckomod:UnknownClassREMILIA_COLOR"],"picked":"SKIP","floor":45},{"not_picked":["sneckomod:WideSting+1","sneckomod:SoulDraw+1","sneckomod:UnknownCommonAttack+1"],"picked":"SKIP","floor":46},{"not_picked":["sneckomod:Unknown1Cost+1","sneckomod:Mudshield","sneckomod:DiceBoulder+1"],"picked":"SKIP","floor":48},{"not_picked":["sneckomod:MasterEye+1","sneckomod:UnknownCommonSkill","sneckomod:SnakeSap+1"],"picked":"SKIP","floor":49},{"not_picked":["sneckomod:UnknownClassREMILIA_COLOR+1","sneckomod:DiceBlock+1","sneckomod:UnknownDraw"],"picked":"SKIP","floor":52}],"player_experience":858080,"relics_obtained":[{"floor":6.0,"key":"Lantern"},{"floor":6.0,"key":"Blue Candle"},{"floor":6.0,"key":"Unceasing Top"},{"floor":7.0,"key":"Gremlin Horn"},{"floor":12.0,"key":"Akabeko"},{"floor":21,"key":"Enchiridion"},{"floor":27,"key":"Anchor"},{"floor":30,"key":"Tea:ReiMu"},{"floor":31,"key":"Mummified Hand"},{"floor":41,"key":"Bag of Preparation"},{"floor":42,"key":"Molten Egg 2"},{"floor":52,"key":"Ice Cream"}],"event_choices":[],"is_beta":false,"boss_relics":[{"not_picked":["Astrolabe","Runic Dome"],"picked":"Philosopher\u0027s Stone"},{"not_picked":["RedLine:ReiMu","Sozu"],"picked":"SlaversCollar"}],"items_purged_floors":[3,3,3,3,3,3,3,3,8,10,10,10,22,22,22],"is_endless":false,"potions_floor_spawned":[2,14,20,29,30,31,32,37,38,42,46,52],"ascension_level":0}}