{"host":"Krys","time":1614413707,"event":{"mods":["BaseMod","BetterRewards","Infinite Spire","Marisa????????","Minty Spire (QoL Compilation)","Remilia??????","Replay The Spire","Shade Mod","StSLib","The Death Knight","The Marked","The Servant 0.9.4"],"gold_per_floor":[119,137,147,147,166,197,197,211,235,249,249,281,296,309,309,408,408,424,434,434,434,447,447,447,461,461,477,489,517,532,551,551,646,646,661,681,681,174,193,211,221,221,221,254,254,264,277,377,377,479,479,490,496,504,504,68,68,78,78,78,101,111,120,120,133,133,218,218,218,64,77,152,148,163,173,173,173,155,156,6,26,24,24,108,108,118,118,106,142,145,149,149,93,93,93,93,93,93,139,139,193,193,193],"floor_reached":102,"language":"ENG","playtime":9545,"items_purged":["Pain","Languid","Writhe","Pain","ReplayTheSpireMod:Restless Dread"],"score":1972,"play_id":"c0b6c569-ae8b-4a7b-a702-ace4939e3ebb","local_time":"20210227051506","is_ascension_mode":false,"campfire_choices":[{"data":"ScarletImprint","floor":7,"key":"SMITH"},{"data":"BombardNight","floor":11,"key":"SMITH"},{"data":"GlobalNightmare","floor":15,"key":"SMITH"},{"data":"J.A.X.","floor":24,"key":"SMITH"},{"data":"TricksterDevil","floor":32,"key":"SMITH"},{"data":"QueenOfMidnight","floor":42,"key":"SMITH"},{"data":"MiserableFate","floor":45,"key":"SMITH"},{"data":"ScarletMeister","floor":49,"key":"SMITH"},{"data":"BloodAndWine","floor":57,"key":"SMITH"},{"data":"GlobalNightmare","floor":64,"key":"SMITH"},{"floor":66,"key":"RECALL"},{"data":"infinitespire:TheBestDefense","floor":76,"key":"SMITH"},{"data":"SuperhumanBloodyKnife","floor":83,"key":"SMITH"},{"data":"infinitespire:TheBestDefense","floor":92,"key":"SMITH"},{"data":"infinitespire:Menacing","floor":95,"key":"SMITH"},{"data":"infinitespire:Menacing","floor":98,"key":"SMITH"},{"data":"HunterOfTheNight","floor":100,"key":"SMITH"}],"circlet_count":0,"master_deck":["Strike_RM","Defend_RM","Defend_RM","Defend_RM","Defend_RM","RedMoon","ScarletShoot","VampirishNight","RedRainbow","ScarletImprint+1","BombardNight+1","DiffusionOfMisfortune","FitfulNightmare","UnstableMagic","VampireClaw","VampirishNight","GlobalNightmare+1","TransientEternity","TwelveNightmare","RedNightlessCastle","J.A.X.+1","BloodHunter","infinitespire:TheBestDefense+1","TricksterDevil+1","BombardNight","NightDance","MiserableFate+1","HunterOfTheNight","ChainGang","QueenOfMidnight+1","BombardNight","ReincarnationDial+1","infinitespire:TheBestDefense+1","BombardNight","EternalNight+1","DiffusionOfMisfortune","BloodHunter+1","LeisurelyOfLord+1","ReincarnationDial+1","ScarletMeister+1","Replay:Fractal Strike","ScarletDream","EquivalentExchange","HunterOfTheNight+1","NightDance","BloodAndWine+1","BadLadyScramble","GlobalNightmare+1","StarOfDavid","NightDance","BlasphemousPunishment","ForecastOfChange","BombardNight+1","NightDance+1","ScarletDevil","NightDance","VampireKiss","StarOfDavid","infinitespire:Menacing+1","SuperhumanBloodyKnife+1","MastersStateliness+1","NightDance+1","NightLord","ScarletCoffin+1","infinitespire:Menacing+1","NightDance","ScarletDream","MastersStateliness+1","VampireFantasy+1","UnderTheZenith+1","BombardNight+1","Injury","Stigmanizer","HunterOfTheNight+1","HellCatastrophe+1","BatForm+1"],"relics":["ScarletHat","Pondfish Scales","Letter Opener","FairyMaid","Ring of Fangs","WarpedTongs","Mango","infinitespire:Lucky Rock","ReplayTheSpireMod:Lightbulb","Philosopher\u0027s Stone","ReplayTheSpireMod:Ring of Exchange","Ring of Searing","ScarletDevilRocket","Cursed Key","infinitespire:Satchel","MealTicket","ClockworkSouvenir","Vajra","Pantograph","StoneCalendar","Blue Doll","Replay:Kaleidoscope","Strange Spoon","Ornamental Fan","Replay:Wax Seal","Centennial Puzzle","Gremlin Food","Runic Pyramid","Golden Egg","Pear","infinitespire:Magic Flask","Anchor","SlaversCollar","Replay:PocketPolymizer","infinitespire:EvilPickle","Dream Catcher","Chameleon Ring","Replay:Bandana","infinitespire:EmpoweringShard","ScarletEmblem"],"acts_visited":["Exordium","TheCity","TheBeyond","Exordium","TheCity","TheBeyond","Exordium"],"potions_floor_usage":[12,16,18,31,74,101,101],"damage_taken":[{"damage":0,"enemies":"Cultist","floor":1,"turns":3},{"damage":0,"enemies":"2 Louse","floor":2,"turns":2},{"damage":0,"enemies":"Jaw Worm","floor":3,"turns":7},{"damage":4,"enemies":"Large Slime","floor":5,"turns":4},{"damage":33,"enemies":"Lagavulin","floor":6,"turns":8},{"damage":5,"enemies":"Blue Slaver","floor":8,"turns":3},{"damage":7,"enemies":"Exordium Wildlife","floor":10,"turns":5},{"damage":14,"enemies":"Replay:BlueRogue","floor":12,"turns":6},{"damage":14,"enemies":"Exordium Thugs","floor":13,"turns":4},{"damage":1,"enemies":"Lots of Slimes","floor":14,"turns":3},{"damage":23,"enemies":"Fading Forest","floor":16,"turns":11},{"damage":22,"enemies":"2 Thieves","floor":18,"turns":4},{"damage":1,"enemies":"3 Byrds","floor":19,"turns":4},{"damage":21,"enemies":"Shelled Parasite and Fungi","floor":22,"turns":3},{"damage":16,"enemies":"Centurion and Healer","floor":25,"turns":4},{"damage":19,"enemies":"Sentry and Sphere","floor":27,"turns":4},{"damage":8,"enemies":"Snecko","floor":28,"turns":5},{"damage":15,"enemies":"Replay:Snechameleon","floor":29,"turns":2},{"damage":13,"enemies":"Centurion and Healer","floor":30,"turns":3},{"damage":11,"enemies":"Shelled Parasite and Fungi","floor":31,"turns":5},{"damage":22,"enemies":"Champ","floor":33,"turns":7},{"damage":31,"enemies":"3 Darklings","floor":35,"turns":3},{"damage":14,"enemies":"3 Shapes","floor":36,"turns":3},{"damage":3,"enemies":"Spire Growth","floor":39,"turns":3},{"damage":5,"enemies":"3 Darklings","floor":40,"turns":2},{"damage":13,"enemies":"Sphere and 2 Shapes","floor":41,"turns":2},{"damage":6,"enemies":"R_Hoarder","floor":44,"turns":3},{"damage":22,"enemies":"Writhing Mass","floor":46,"turns":3},{"damage":5,"enemies":"3 Darklings","floor":47,"turns":2},{"damage":5,"enemies":"infinitespire:Three Voidlings","floor":48,"turns":2},{"damage":67,"enemies":"Nightmare_Alpha","floor":48,"turns":9},{"damage":58,"enemies":"Awakened One","floor":50,"turns":7},{"damage":5,"enemies":"Cultist","floor":52,"turns":2},{"damage":14,"enemies":"2 Louse","floor":53,"turns":2},{"damage":25,"enemies":"Jaw Worm","floor":54,"turns":2},{"damage":29,"enemies":"Large Slime","floor":55,"turns":3},{"damage":37,"enemies":"Exordium Thugs","floor":58,"turns":2},{"damage":16,"enemies":"3 Sentries","floor":61,"turns":2},{"damage":10,"enemies":"Blue Slaver","floor":62,"turns":2},{"damage":0,"enemies":"2 Fungi Beasts","floor":63,"turns":1},{"damage":0,"enemies":"Gremlin Nob","floor":65,"turns":2},{"damage":18,"enemies":"The Guardian","floor":67,"turns":3},{"damage":21,"enemies":"Chosen","floor":69,"turns":3},{"damage":5,"enemies":"3 Byrds","floor":71,"turns":2},{"damage":19,"enemies":"Snake Plant","floor":73,"turns":2},{"damage":0,"enemies":"Slavers","floor":74,"turns":3},{"damage":5,"enemies":"Snecko","floor":75,"turns":2},{"damage":109,"enemies":"Nightmare","floor":78,"turns":6},{"damage":0,"enemies":"Sentry and Sphere","floor":79,"turns":3},{"damage":16,"enemies":"Slavers","floor":81,"turns":2},{"damage":0,"enemies":"Centurion and Healer","floor":82,"turns":2},{"damage":41,"enemies":"Pondfish","floor":84,"turns":3},{"damage":0,"enemies":"3 Shapes","floor":86,"turns":1},{"damage":11,"enemies":"Orb Walker","floor":87,"turns":2},{"damage":20,"enemies":"Maw","floor":88,"turns":5},{"damage":25,"enemies":"Mind Bloom Boss Battle","floor":89,"turns":2},{"damage":25,"enemies":"Writhing Mass","floor":90,"turns":3},{"damage":27,"enemies":"R_Hoarder","floor":91,"turns":4},{"damage":6,"enemies":"Sphere and 2 Shapes","floor":99,"turns":3},{"damage":46,"enemies":"Replay:Hell Engine","floor":101,"turns":3}],"seed_played":"-1339769499021644384","potions_obtained":[{"floor":1,"key":"Ancient Potion"},{"floor":3,"key":"PowerPotion"},{"floor":10,"key":"Dexterity Potion"},{"floor":12,"key":"AttackPotion"},{"floor":19,"key":"Languid Potion"},{"floor":25,"key":"LiquidBronze"},{"floor":27,"key":"ColorlessPotion"},{"floor":28,"key":"SkillPotion"},{"floor":35,"key":"PowerPotion"},{"floor":48,"key":"Energy Potion"},{"floor":74,"key":"Swift Potion"},{"floor":75,"key":"CultistPotion"},{"floor":99,"key":"PowerPotion"},{"floor":101,"key":"ColorlessPotion"}],"is_trial":false,"path_per_floor":["M","M","M","?","M","E","R","M","T","M","R","E","M","M","R","B",null,"M","M","?","?","M","AVR","R","M","T","M","M","E","M","M","R","B",null,"M","M","?","$","M","M","M","R","T","E","R","M","M","?","R","B",null,"M","M","M","M","$","R","M","?","T","E","M","M","R","E","R","B",null,"M","$","M","?","M","E","M","R","T","NM","M","$","E","M","R","B",null,"M","M","M","?","M","E","R","$","T","R","?","$","R","M","R","B",null],"character_chosen":"REMILIA","items_purchased":["Pondfish Scales","Letter Opener","Vajra","BombardNight","Pantograph","Ornamental Fan","Replay:Wax Seal","NightDance+1","Replay:Bandana"],"campfire_rested":0,"item_purchase_floors":[0,0,38,38,38,56,56,70,93],"current_hp_per_floor":[42,52,58,58,63,54,54,53,53,52,52,41,37,57,57,83,89,67,80,80,80,63,63,63,71,71,67,64,49,52,47,47,47,92,77,63,41,56,58,71,65,65,65,83,83,81,92,75,75,72,92,92,91,71,47,62,62,39,39,39,29,33,33,33,33,33,81,92,81,92,92,83,67,86,90,90,100,25,29,44,58,58,58,63,108,108,108,108,108,102,111,111,111,111,111,111,111,111,111,111,80,111,111],"gold":193,"neow_bonus":"","is_daily":false,"chose_seed":false,"campfire_upgraded":16,"win_rate":0.0,"timestamp":1614413706,"path_taken":["M","?","M","?","M","E","R","M","T","M","R","E","M","?","R","BOSS","M","M","?","?","M","AVR","R","M","T","M","M","E","M","M","R","BOSS","M","M","?","$","M","M","M","R","T","E","R","M","M","?","R","BOSS","M","M","M","M","$","R","M","?","T","E","M","M","R","E","R","BOSS","M","$","M","?","M","E","M","R","T","NM","M","?","E","M","R","BOSS","M","M","?","?","M","E","R","?","T","R","?","?","R","M","R","BOSS"],"items_purchased_type":["Relic","Relic","Relic","Card","Relic","Relic","Relic","Card","Relic"],"build_version":"2020-11-17","purchased_purges":5,"victory":false,"max_hp_per_floor":[75,75,75,75,75,89,89,89,89,89,89,89,89,89,89,89,89,89,89,89,89,89,89,89,89,89,89,92,92,92,92,92,92,92,92,92,92,92,92,92,92,92,92,92,92,92,92,92,92,92,92,92,92,92,92,92,92,92,92,92,92,92,92,92,92,92,92,92,92,92,92,92,92,95,95,95,105,105,105,105,108,108,108,108,108,108,108,108,108,111,111,111,111,111,111,111,111,111,111,111,111,111,111],"card_choices":[{"not_picked":["MillenniumVampire","Stigmanizer"],"picked":"VampirishNight","floor":1},{"not_picked":["VampirishNight","MastersStateliness"],"picked":"RedRainbow","floor":2},{"not_picked":["FavorOfDestiny","ScarletDevilSign"],"picked":"ScarletImprint","floor":3},{"not_picked":["ScarletSymphony","VampireKiss"],"picked":"BombardNight","floor":5},{"not_picked":["VampireKiss","CharismaGuard"],"picked":"DiffusionOfMisfortune","floor":6},{"not_picked":["NightDance","Ultimatum"],"picked":"FitfulNightmare","floor":8},{"not_picked":["ScarletImprint","FavorOfDestiny"],"picked":"UnstableMagic","floor":10},{"not_picked":["RedRainbow","ScarletImprint"],"picked":"VampireClaw","floor":12},{"not_picked":["BlasphemousPunishment","UnstableMagic"],"picked":"VampirishNight","floor":13},{"not_picked":["BloodHunter","EndlessAdversity"],"picked":"GlobalNightmare","floor":14},{"not_picked":["EquivalentExchange","CeilingFear"],"picked":"TransientEternity","floor":16},{"not_picked":["Stigmanizer","ScarletDevil"],"picked":"TwelveNightmare","floor":18},{"not_picked":["UnstableMagic","UnderTheZenith+1"],"picked":"RedNightlessCastle","floor":19},{"not_picked":["Ultimatum","Stigmanizer"],"picked":"BloodHunter","floor":22},{"not_picked":["MastersStateliness","BloodHunter+1"],"picked":"TricksterDevil","floor":25},{"not_picked":["Stigmanizer","RedRainbow+1"],"picked":"BombardNight","floor":27},{"not_picked":["FavorOfDestiny","TwelveNightmare+1"],"picked":"NightDance","floor":28},{"not_picked":["ChaoticDestiny","EndlessAdversity"],"picked":"MiserableFate","floor":29},{"not_picked":["NightDance","FavorOfDestiny+1"],"picked":"HunterOfTheNight","floor":30},{"not_picked":["ScarletImprint+1","UnstableMagic"],"picked":"ChainGang","floor":31},{"not_picked":["ForecastOfChange","BloodySeventeenLaser"],"picked":"QueenOfMidnight","floor":33},{"not_picked":["CharismaGuard","ScarletDevil"],"picked":"BombardNight","floor":35},{"not_picked":["DiffusionOfMisfortune","MiserableFate+1"],"picked":"ReincarnationDial+1","floor":36},{"not_picked":["infinitespire:DeathsTouch","ReplayTheSpireMod:Echoes of Time"],"picked":"infinitespire:TheBestDefense","floor":37},{"not_picked":["BadLadyScramble","MiserableFate+1"],"picked":"EternalNight+1","floor":39},{"not_picked":["TwelveNightmare","UnderTheZenith+1"],"picked":"DiffusionOfMisfortune","floor":40},{"not_picked":["NightDance","EndlessAdversity+1"],"picked":"BloodHunter+1","floor":41},{"not_picked":["Maim","DevilSight+1"],"picked":"LeisurelyOfLord+1","floor":44},{"not_picked":["CharismaGuard","BloodHunter"],"picked":"ReincarnationDial+1","floor":46},{"not_picked":["HunterOfTheNight","BombardNight"],"picked":"ScarletMeister","floor":47},{"not_picked":["ReplayTheSpireMod:Echoes of Time","infinitespire:FinalStrike"],"picked":"Replay:Fractal Strike","floor":48},{"not_picked":["UnstableMagic","FavorOfDestiny"],"picked":"ScarletDream","floor":48},{"not_picked":["BloodRain","ScarletMeister"],"picked":"EquivalentExchange","floor":50},{"not_picked":["TwelveNightmare","VampireSweep","EndlessAdversity"],"picked":"SKIP","floor":52},{"not_picked":["VampireKiss","UnstableMagic"],"picked":"HunterOfTheNight","floor":53},{"not_picked":["FavorOfDestiny","UnstableMagic"],"picked":"NightDance","floor":54},{"not_picked":["ScarletDevil","Septette"],"picked":"BloodAndWine","floor":55},{"not_picked":["LeisurelyOfLord","VampireSweep"],"picked":"BadLadyScramble","floor":58},{"not_picked":["EndlessAdversity","VampireSweep"],"picked":"GlobalNightmare","floor":61},{"not_picked":["UnstableMagic","CharismaGuard"],"picked":"StarOfDavid","floor":62},{"not_picked":["HellCatastrophe","ReincarnationDial"],"picked":"NightDance","floor":63},{"not_picked":["Stigmanizer","ScarletDevil"],"picked":"BlasphemousPunishment","floor":65},{"not_picked":["HellCatastrophe","QueenOfMidnight"],"picked":"ForecastOfChange","floor":67},{"not_picked":["ScarletGensokyo","BloodyMagicSquare"],"picked":"BombardNight+1","floor":69},{"not_picked":["BloodHunter","BloodyMagicSquare"],"picked":"ScarletDevil","floor":71},{"not_picked":["UnstableMagic","ScarletImprint"],"picked":"NightDance","floor":73},{"not_picked":["BloodHunter","RedMagic"],"picked":"VampireKiss","floor":74},{"not_picked":["ScarletDevil","EternalNight"],"picked":"StarOfDavid","floor":75},{"not_picked":["Replay:Fractal Strike","infinitespire:DeathsTouch"],"picked":"infinitespire:Menacing","floor":78},{"not_picked":["NightLord","RedRainbow"],"picked":"SuperhumanBloodyKnife","floor":78},{"not_picked":["RedMagic+1","ScarletDream"],"picked":"MastersStateliness+1","floor":79},{"not_picked":["RedRainbow+1","CharismaGuard+1"],"picked":"NightDance+1","floor":81},{"not_picked":["VampireKiss","FitfulNightmare"],"picked":"NightLord","floor":82},{"not_picked":["KillingBlow","QueenOfMidnight"],"picked":"ScarletCoffin","floor":84},{"not_picked":["ReplayTheSpireMod:Chaos Vortex","infinitespire:FinalStrike"],"picked":"infinitespire:Menacing","floor":84},{"not_picked":["StarOfDavid","BadLadyScramble"],"picked":"NightDance","floor":86},{"not_picked":["DiffusionOfMisfortune","StarOfDavid+1"],"picked":"ScarletDream","floor":87},{"not_picked":["RedRainbow","BlasphemousPunishment+1"],"picked":"MastersStateliness+1","floor":88},{"not_picked":["NightDance","EndlessAdversity+1"],"picked":"VampireFantasy+1","floor":89},{"not_picked":["BlasphemousPunishment+1","CharismaGuard+1"],"picked":"UnderTheZenith+1","floor":90},{"not_picked":["DiffusionOfMisfortune","BlasphemousPunishment"],"picked":"BombardNight+1","floor":91},{"not_picked":["ScarletNetherworld","CharismaGuard"],"picked":"HunterOfTheNight+1","floor":99},{"not_picked":["ScarletMeister","BloodyHallows"],"picked":"BatForm","floor":101}],"player_experience":51971,"relics_obtained":[{"floor":6,"key":"Mango"},{"floor":9,"key":"infinitespire:Lucky Rock"},{"floor":12,"key":"ReplayTheSpireMod:Lightbulb"},{"floor":21,"key":"ReplayTheSpireMod:Ring of Exchange"},{"floor":21,"key":"Ring of Searing"},{"floor":26,"key":"infinitespire:Satchel"},{"floor":29,"key":"MealTicket"},{"floor":43,"key":"StoneCalendar"},{"floor":44,"key":"Blue Doll"},{"floor":48,"key":"Replay:Kaleidoscope"},{"floor":61,"key":"Centennial Puzzle"},{"floor":65,"key":"Gremlin Food"},{"floor":74,"key":"Golden Egg"},{"floor":77,"key":"Pear"},{"floor":78,"key":"infinitespire:Magic Flask"},{"floor":81,"key":"Anchor"},{"floor":89,"key":"Replay:PocketPolymizer"},{"floor":91,"key":"Dream Catcher"},{"floor":91,"key":"Chameleon Ring"},{"floor":94,"key":"infinitespire:EmpoweringShard"}],"event_choices":[{"damage_healed":0,"gold_gain":0,"player_choice":"Rummage","damage_taken":0,"relics_obtained":["WarpedTongs"],"max_hp_gain":0,"max_hp_loss":0,"event_name":"Accursed Blacksmith","floor":4,"gold_loss":0,"cards_obtained":["Pain"]},{"damage_healed":0,"gold_gain":0,"player_choice":"Obtain J.A.X.","damage_taken":0,"max_hp_gain":0,"max_hp_loss":0,"event_name":"Drug Dealer","floor":20,"gold_loss":0,"cards_obtained":["J.A.X."]},{"damage_healed":0,"gold_gain":75,"player_choice":"Touch","damage_taken":9,"max_hp_gain":0,"max_hp_loss":0,"event_name":"FaceTrader","floor":72,"gold_loss":0},{"damage_healed":0,"gold_gain":0,"player_choice":"Fight","damage_taken":0,"max_hp_gain":0,"max_hp_loss":0,"event_name":"MindBloom","floor":89,"gold_loss":0},{"cards_removed":["QueenOfMidnight"],"damage_healed":0,"gold_gain":0,"player_choice":"Removed Power","damage_taken":0,"max_hp_gain":0,"max_hp_loss":0,"event_name":"Falling","floor":96,"gold_loss":0}],"is_beta":true,"boss_relics":[{"not_picked":["Ectoplasm","Velvet Choker"],"picked":"Philosopher\u0027s Stone"},{"not_picked":["infinitespire:Chaos","Membership Card"],"picked":"ClockworkSouvenir"},{"not_picked":["Cauldron","Replay:Bronze Core"],"picked":"Strange Spoon"},{"not_picked":["infinitespire:Cupcake","Abe\u0027s Treasure"],"picked":"Runic Pyramid"},{"not_picked":["Velvet Choker","Painkiller Herb"],"picked":"SlaversCollar"},{"not_picked":["Replay:Wanted Poster","ReplayTheSpireMod:DimensionalGlitch"],"picked":"ScarletEmblem"}],"items_purged_floors":[23,38,56,70,80],"is_endless":true,"potions_floor_spawned":[1,3,10,12,19,25,27,28,30,35,39,41,44,47,48,53,54,58,67,71,74,75,79,82,84,87,99,101],"ascension_level":0}}