{"host":"24rdvhgydoh2z4gc","time":1614392578,"event":{"mods":["BaseMod","Bestiary","Block Reminder","Colored Map","Colored Powertips","Highlight Path","Minty Spire (QoL Compilation)","Potion Indicator Mod","Relic Sorter"],"gold_per_floor":[119,132,1,1,15,15,44,44,44,78,95,108,183,203,203,282,282,293,293,293,27,47,73,73,106,106,119,129,139,171,171,171],"floor_reached":31,"language":"ENG","playtime":5017,"items_purged":["Strike_R"],"score":568,"play_id":"ff81cc9c-627a-4209-b82e-34b3f3f1bc8a","local_time":"20210226212258","is_ascension_mode":true,"campfire_choices":[{"data":"Bash","floor":6,"key":"SMITH"},{"data":"Spot Weakness","floor":8,"key":"SMITH"},{"data":"Pummel","floor":15,"key":"SMITH"},{"data":"Entrench","floor":24,"key":"SMITH"}],"circlet_count":0,"master_deck":["AscendersBane","Strike_R","Strike_R","Strike_R","Strike_R","Defend_R","Defend_R","Defend_R","Defend_R","Bash+1","Iron Wave","Sword Boomerang","Shrug It Off","Spot Weakness+1","Twin Strike","Shockwave","Pummel+1","Pummel+1","Shrug It Off","Reaper","Shrug It Off","Entrench+1","Ghostly Armor+1","Flame Barrier","Whirlwind+1","Inflame","Barricade"],"relics":["Burning Blood","Kunai","Gremlin Horn","Thread and Needle","White Beast Statue","Philosopher\u0027s Stone","Self Forming Clay","Whetstone","Question Card","Bird Faced Urn"],"acts_visited":["Exordium","TheCity"],"potions_floor_usage":[11,12,14,16,18,22,23,25,27,28,28,30,30],"damage_taken":[{"damage":7.0,"enemies":"Jaw Worm","floor":1.0,"turns":5.0},{"damage":0,"enemies":"2 Louse","floor":2,"turns":3},{"damage":6,"enemies":"Cultist","floor":5,"turns":3},{"damage":22,"enemies":"3 Sentries","floor":7,"turns":7},{"damage":15,"enemies":"Lagavulin","floor":10,"turns":7},{"damage":0,"enemies":"Large Slime","floor":11,"turns":5},{"damage":17,"enemies":"Exordium Thugs","floor":12,"turns":3},{"damage":0,"enemies":"3 Louse","floor":14,"turns":2},{"damage":19,"enemies":"Slime Boss","floor":16,"turns":5},{"damage":20,"enemies":"2 Thieves","floor":18,"turns":2},{"damage":20,"enemies":"Chosen","floor":22,"turns":5},{"damage":28,"enemies":"Slavers","floor":23,"turns":4},{"damage":26,"enemies":"Gremlin Leader","floor":25,"turns":10},{"damage":37,"enemies":"Centurion and Healer","floor":27,"turns":10},{"damage":0,"enemies":"3 Cultists","floor":28,"turns":4},{"damage":32,"enemies":"Snake Plant","floor":29,"turns":5},{"damage":32,"enemies":"Slavers","floor":30,"turns":4},{"damage":25,"enemies":"Shelled Parasite and Fungi","floor":31,"turns":3}],"seed_played":"8791116455253990321","potions_obtained":[{"floor":1,"key":"ColorlessPotion"},{"floor":2,"key":"Swift Potion"},{"floor":11,"key":"SpeedPotion"},{"floor":12,"key":"SkillPotion"},{"floor":14,"key":"PowerPotion"},{"floor":16,"key":"Explosive Potion"},{"floor":18,"key":"PowerPotion"},{"floor":22,"key":"ElixirPotion"},{"floor":23,"key":"BlessingOfTheForge"},{"floor":25,"key":"BloodPotion"},{"floor":27,"key":"Strength Potion"},{"floor":28,"key":"ElixirPotion"},{"floor":29,"key":"ColorlessPotion"},{"floor":30,"key":"ElixirPotion"}],"is_trial":false,"path_per_floor":["M","M","$","?","M","R","E","R","T","E","M","M","?","M","R","B",null,"M","?","?","$","M","E","R","E","T","M","M","M","E","M"],"character_chosen":"IRONCLAD","items_purchased":["Shrug It Off","Kunai"],"campfire_rested":0,"item_purchase_floors":[3,21],"current_hp_per_floor":[74,80,80,85,85,85,69,69,69,60,66,55,44,50,50,37,75,73,73,73,73,63,53,53,44,44,25,48,22,8,0,0],"gold":171,"neow_bonus":"TEN_PERCENT_HP_BONUS","is_daily":false,"chose_seed":false,"campfire_upgraded":4,"win_rate":0.0,"timestamp":1614392578,"path_taken":["M","M","$","?","M","R","E","R","T","E","M","M","?","M","R","BOSS","M","?","?","$","M","E","R","E","T","M","M","M","E","?"],"items_purchased_type":["Card","Relic"],"build_version":"2020-12-22","purchased_purges":1,"victory":false,"max_hp_per_floor":[82,82,82,87,87,87,87,87,87,87,87,87,87,87,87,87,87,87,87,87,87,87,87,87,87,87,87,87,87,87,87,87],"card_choices":[{"not_picked":["Ghostly Armor","Infernal Blade"],"picked":"Iron Wave","floor":1},{"not_picked":["Armaments","Warcry"],"picked":"Sword Boomerang","floor":2},{"not_picked":["True Grit","Havoc"],"picked":"Spot Weakness","floor":5},{"not_picked":["Rage","Fire Breathing"],"picked":"Twin Strike","floor":7},{"not_picked":["Seeing Red","Inflame"],"picked":"Shockwave","floor":10},{"not_picked":["Wild Strike","Ghostly Armor"],"picked":"Pummel","floor":11},{"not_picked":["Rupture","Sword Boomerang"],"picked":"Pummel","floor":12},{"not_picked":["Perfected Strike","True Grit"],"picked":"Shrug It Off","floor":14},{"not_picked":["Feed","Fiend Fire"],"picked":"Reaper","floor":16},{"not_picked":["Carnage","Heavy Blade"],"picked":"Shrug It Off","floor":18},{"not_picked":["Entrench","Bloodletting"],"picked":"Ghostly Armor+1","floor":22},{"not_picked":["True Grit","Entrench"],"picked":"Flame Barrier","floor":23},{"not_picked":["Ghostly Armor","Sword Boomerang"],"picked":"Whirlwind","floor":25},{"not_picked":["Infernal Blade","Armaments+1","Sword Boomerang"],"picked":"Inflame","floor":27},{"not_picked":["Heavy Blade","Dark Embrace","Searing Blow","Rupture"],"picked":"SKIP","floor":28},{"not_picked":["Rage","Infernal Blade+1","Metallicize","Pummel"],"picked":"SKIP","floor":29},{"not_picked":["Power Through","Dark Embrace","Inflame"],"picked":"Barricade","floor":30}],"player_experience":785025,"relics_obtained":[{"floor":7,"key":"Thread and Needle"},{"floor":9,"key":"Gremlin Horn"},{"floor":10,"key":"White Beast Statue"},{"floor":23,"key":"Self Forming Clay"},{"floor":25,"key":"Whetstone"},{"floor":26,"key":"Question Card"},{"floor":30,"key":"Bird Faced Urn"}],"event_choices":[{"damage_healed":0,"gold_gain":0,"player_choice":"Donut","damage_taken":0,"max_hp_gain":5,"max_hp_loss":0,"event_name":"Big Fish","floor":4,"gold_loss":0},{"damage_healed":0,"gold_gain":75,"player_choice":"Gather Gold","damage_taken":11,"max_hp_gain":0,"max_hp_loss":0,"event_name":"World of Goop","floor":13,"gold_loss":0},{"damage_healed":0,"gold_gain":0,"player_choice":"Read","damage_taken":0,"max_hp_gain":0,"max_hp_loss":0,"event_name":"The Library","floor":19,"gold_loss":0,"cards_obtained":["Entrench"]},{"damage_healed":0,"gold_gain":0,"player_choice":"Got Potions","damage_taken":0,"max_hp_gain":0,"max_hp_loss":0,"event_name":"Lab","floor":20,"gold_loss":0}],"is_beta":false,"boss_relics":[{"not_picked":["Mark of Pain","Snecko Eye"],"picked":"Philosopher\u0027s Stone"}],"items_purged_floors":[3],"is_endless":false,"potions_floor_spawned":[1,2,7,11,12,14,16,18,22,23,25,27,28,29,30],"killed_by":"Shelled Parasite and Fungi","ascension_level":17}}