{"host":"vhifjdba66khcqwn","time":1614417213,"event":{"mods":["AchievementEnabler","BaseMod","Bestiary","Minty Spire (QoL Compilation)","Practice Mode","Relic Stats","Spicy Shops","StSLib","slay the spire mod where everything is the same but ironclad has a cowboy hat"],"gold_per_floor":[118,118,118,193,193,3,3,35,51,51,51,76,91,91,119,119,136,119,119,198,198,198,271,271,284,284,559,63,83,83,103,122,156,202,277,320,369,369,405,417,417,439,439,524,524,524,609,609,632,246,271,1288,204,267,267,299,299,315,315,315,343,358,358,383,383,383,383],"floor_reached":68,"language":"ENG","playtime":5589,"items_purged":["Regret","Normality"],"score":2793,"play_id":"df51c573-2b1e-4cdd-8785-449dcbd5028b","local_time":"20210227011333","is_ascension_mode":true,"campfire_choices":[{"data":"The Bomb","floor":7,"key":"SMITH"},{"data":"Neutralize","floor":14,"key":"SMITH"},{"floor":16,"key":"REST"},{"data":"Bouncing Flask","floor":19,"key":"SMITH"},{"data":"After Image","floor":22,"key":"SMITH"},{"floor":30,"key":"REST"},{"floor":38,"key":"REST"},{"data":"Footwork","floor":41,"key":"SMITH"},{"floor":43,"key":"REST"},{"floor":46,"key":"REST"},{"data":"Normality","floor":55,"key":"PURGE"},{"data":"Tools of the Trade","floor":57,"key":"SMITH"},{"data":"Corpse Explosion","floor":66,"key":"SMITH"}],"circlet_count":0,"master_deck":["AscendersBane","Strike_G+1","Strike_G+1","Strike_G+1","Strike_G+1","Defend_G+1","Defend_G+1","Defend_G+1","Defend_G+1","Defend_G+1","Survivor","Neutralize+1","Dagger Throw","The Bomb+1","PiercingWail","Dagger Spray","Sucker Punch","PiercingWail","Poisoned Stab","Bouncing Flask+1","After Image+1","CurseOfTheBell","Corpse Explosion+1","Backflip+1","Blade Dance+1","PiercingWail+1","Acrobatics+1","Footwork+1","Tactician+1","Terror+1","Tools of the Trade+1","Adrenaline+1","Blade Dance+1","Adrenaline+1","Adrenaline+1","Blade Dance+1","Pain","Crippling Poison+1","Calculated Gamble+1","Wallop"],"relics":["Ring of the Snake","NeowsBlessing","Strawberry","White Beast Statue","Bronze Scales","Lantern","Calling Bell","Ancient Tea Set","The Courier","Peace Pipe","Black Star","Calipers","Toxic Egg 2","Incense Burner","CeramicFish","Anchor","Bottled Lightning","Bag of Marbles","Happy Flower","Juzu Bracelet","Potion Belt","TungstenRod","WristBlade","SlaversCollar","Gambling Chip","DollysMirror","Kunai","Membership Card","StoneCalendar","Snake Skull","Toy Ornithopter","Centennial Puzzle","Ornamental Fan","PrismaticShard","Mango","Nunchaku","Pantograph","Mummified Hand","Vajra","Torii","Orichalcum","Pen Nib","Eternal Feather","StrikeDummy","Unceasing Top","Dead Branch","Shuriken","Blood Vial"],"acts_visited":["Exordium","TheCity","TheBeyond"],"potions_floor_usage":[15,17,20,20,23,29,33,36,44,44,47,47,67],"damage_taken":[{"damage":0,"enemies":"Small Slimes","floor":1,"turns":1},{"damage":0,"enemies":"3 Sentries","floor":8,"turns":2},{"damage":0,"enemies":"Cultist","floor":9,"turns":1},{"damage":1,"enemies":"2 Louse","floor":13,"turns":3},{"damage":28,"enemies":"Gremlin Nob","floor":15,"turns":5},{"damage":0,"enemies":"Blue Slaver","floor":17,"turns":3},{"damage":3,"enemies":"Exordium Thugs","floor":18,"turns":4},{"damage":12,"enemies":"Hexaghost","floor":20,"turns":8},{"damage":18,"enemies":"Hexaghost","floor":23,"turns":9},{"damage":14,"enemies":"Shell Parasite","floor":25,"turns":5},{"damage":16,"enemies":"Spheric Guardian","floor":29,"turns":5},{"damage":1,"enemies":"Snake Plant","floor":31,"turns":4},{"damage":10,"enemies":"Centurion and Healer","floor":32,"turns":6},{"damage":44,"enemies":"Book of Stabbing","floor":33,"turns":5},{"damage":7,"enemies":"Gremlin Leader","floor":36,"turns":7},{"damage":3,"enemies":"Book of Stabbing","floor":39,"turns":5},{"damage":4,"enemies":"Snecko","floor":40,"turns":4},{"damage":0,"enemies":"Snake Plant","floor":42,"turns":3},{"damage":27,"enemies":"Collector","floor":44,"turns":10},{"damage":0,"enemies":"Collector","floor":47,"turns":8},{"damage":0,"enemies":"3 Darklings","floor":49,"turns":3},{"damage":0,"enemies":"Orb Walker","floor":51,"turns":3},{"damage":9,"enemies":"2 Orb Walkers","floor":54,"turns":2},{"damage":0,"enemies":"Reptomancer","floor":56,"turns":3},{"damage":0,"enemies":"Spire Growth","floor":58,"turns":3},{"damage":0,"enemies":"Giant Head","floor":61,"turns":5},{"damage":0,"enemies":"3 Darklings","floor":62,"turns":1},{"damage":0,"enemies":"Nemesis","floor":64,"turns":1},{"damage":0,"enemies":"Awakened One","floor":67,"turns":4}],"seed_played":"9183394851894603470","potions_obtained":[{"floor":9,"key":"SkillPotion"},{"floor":13,"key":"ColorlessPotion"},{"floor":15,"key":"DuplicationPotion"},{"floor":17,"key":"Block Potion"},{"floor":20,"key":"SkillPotion"},{"floor":23,"key":"FearPotion"},{"floor":25,"key":"Strength Potion"},{"floor":29,"key":"Weak Potion"},{"floor":31,"key":"FairyPotion"},{"floor":33,"key":"Block Potion"},{"floor":36,"key":"PowerPotion"},{"floor":39,"key":"Explosive Potion"},{"floor":40,"key":"GamblersBrew"},{"floor":42,"key":"LiquidBronze"},{"floor":44,"key":"SkillPotion"},{"floor":47,"key":"Explosive Potion"},{"floor":49,"key":"SneckoOil"},{"floor":51,"key":"Dexterity Potion"}],"is_trial":false,"path_per_floor":["M","?","$","?","?","$","R","E","M","?","T","T","M","R","E","R","M","M","R","B",null,"R","B",null,"M","?","?","$","M","R","M","M","E","T","T","E","T","R","E","M","R","M","R","B",null,"R","B",null,"M","$","M","?","$","?","R","E","R","M","T","T","E","M","?","E","?","R","B",null],"character_chosen":"THE_SILENT","items_purchased":["The Bomb","Calipers","Toxic Egg 2","Adrenaline+1","Gambling Chip","DollysMirror","Kunai","Membership Card","Crippling Poison+1","Calculated Gamble+1","StoneCalendar","Snake Skull","Toy Ornithopter","Centennial Puzzle","Ornamental Fan","PrismaticShard","Mango","Nunchaku","Pantograph","Mummified Hand","Vajra"],"campfire_rested":5,"item_purchase_floors":[6,28,28,50,50,50,50,53,53,53,53,53,53,53,53,53,53,53,53,53,53],"current_hp_per_floor":[59,59,59,48,53,53,53,60,60,60,60,60,59,59,31,54,54,51,51,39,39,39,21,64,50,50,50,50,34,57,56,46,2,2,2,23,23,46,43,39,39,39,62,35,35,58,58,73,73,73,73,73,87,78,78,78,78,78,78,78,78,78,78,78,78,87,87],"gold":383,"neow_bonus":"THREE_ENEMY_KILL","is_daily":false,"chose_seed":false,"campfire_upgraded":7,"win_rate":0.0,"timestamp":1614417213,"path_taken":["M","?","?","?","?","$","R","E","?","?","T","T","M","R","E","R","M","M","R","BOSS","R","BOSS","M","?","?","$","M","R","M","?","E","T","T","E","?","R","E","M","R","M","R","BOSS","R","BOSS","M","$","M","?","$","?","R","E","R","M","T","?","E","M","?","E","?","R","BOSS"],"items_purchased_type":["Card","Relic","Relic","Card","Relic","Relic","Relic","Relic","Card","Card","Relic","Relic","Relic","Relic","Relic","Relic","Relic","Relic","Relic","Relic","Relic"],"build_version":"2020-12-22","purchased_purges":2,"victory":true,"max_hp_per_floor":[66,66,66,66,71,71,71,78,78,78,78,78,78,78,78,78,78,78,78,78,78,78,78,78,78,78,78,78,78,78,78,78,78,78,78,78,78,78,78,78,78,78,78,78,78,78,78,78,78,78,78,78,92,92,92,92,92,92,92,92,92,92,87,87,87,87,87],"relic_stats":{"Torii":0,"CeramicFish":144,"StoneCalendar":[0],"Snake Skull":[67],"Juzu Bracelet":1,"Blood Vial":0,"Centennial Puzzle":[3],"Nunchaku":[9],"Mummified Hand":[24],"Gambling Chip":[8],"Pantograph":0,"Kunai":[28],"Ring of the Snake":[58],"Happy Flower":[18],"counters":[29,123],"Dead Branch":[47],"Eternal Feather":9,"Pen Nib":[7],"Orichalcum":[0],"Peace Pipe":1,"Ornamental Fan":[108],"Shuriken":[9],"Bronze Scales":[361],"Black Star":6,"obtain_stats":[{"Lantern":15,"Calipers":28,"Torii":54,"CeramicFish":33,"Vajra":53,"StoneCalendar":53,"Mango":53,"Snake Skull":53,"Incense Burner":33,"Juzu Bracelet":37,"Ancient Tea Set":21,"PrismaticShard":53,"Blood Vial":64,"Centennial Puzzle":53,"Nunchaku":53,"WristBlade":45,"DollysMirror":50,"Mummified Hand":53,"Strawberry":8,"Gambling Chip":50,"Pantograph":53,"Kunai":50,"Toxic Egg 2":28,"Ring of the Snake":0,"Potion Belt":39,"NeowsBlessing":0,"Happy Flower":36,"Dead Branch":61,"Eternal Feather":59,"The Courier":21,"Pen Nib":56,"Orichalcum":56,"White Beast Statue":11,"Calling Bell":21,"Peace Pipe":21,"SlaversCollar":48,"Anchor":34,"Ornamental Fan":53,"Shuriken":64,"Bronze Scales":12,"Black Star":24,"Bag of Marbles":36,"Bottled Lightning":35,"Membership Card":53,"StrikeDummy":60,"TungstenRod":39,"Toy Ornithopter":53,"Unceasing Top":61},{"Lantern":5,"Calipers":10,"Torii":23,"CeramicFish":14,"Vajra":22,"StoneCalendar":22,"Mango":22,"Snake Skull":22,"Incense Burner":14,"Juzu Bracelet":15,"Ancient Tea Set":8,"PrismaticShard":22,"Blood Vial":28,"Centennial Puzzle":22,"Nunchaku":22,"WristBlade":19,"DollysMirror":21,"Mummified Hand":22,"Strawberry":2,"Gambling Chip":21,"Pantograph":22,"Kunai":21,"Toxic Egg 2":10,"Ring of the Snake":0,"Potion Belt":16,"NeowsBlessing":0,"Happy Flower":15,"Dead Branch":26,"Eternal Feather":25,"The Courier":8,"Pen Nib":24,"Orichalcum":24,"White Beast Statue":3,"Calling Bell":8,"Peace Pipe":8,"SlaversCollar":20,"Anchor":14,"Ornamental Fan":22,"Shuriken":28,"Bronze Scales":3,"Black Star":9,"Bag of Marbles":15,"Bottled Lightning":14,"Membership Card":22,"StrikeDummy":25,"TungstenRod":16,"Toy Ornithopter":22,"Unceasing Top":26},{"Lantern":12,"Calipers":41,"Torii":106,"CeramicFish":61,"Vajra":104,"StoneCalendar":104,"Mango":104,"Snake Skull":104,"Incense Burner":61,"Juzu Bracelet":68,"Ancient Tea Set":27,"PrismaticShard":104,"Blood Vial":119,"Centennial Puzzle":104,"Nunchaku":104,"WristBlade":90,"DollysMirror":101,"Mummified Hand":104,"Strawberry":3,"Gambling Chip":101,"Pantograph":104,"Kunai":101,"Toxic Egg 2":41,"Ring of the Snake":0,"Potion Belt":73,"NeowsBlessing":0,"Happy Flower":68,"Dead Branch":117,"Eternal Feather":112,"The Courier":27,"Pen Nib":109,"Orichalcum":109,"White Beast Statue":4,"Calling Bell":27,"Peace Pipe":27,"SlaversCollar":98,"Anchor":61,"Ornamental Fan":104,"Shuriken":119,"Bronze Scales":4,"Black Star":36,"Bag of Marbles":68,"Bottled Lightning":61,"Membership Card":104,"StrikeDummy":112,"TungstenRod":73,"Toy Ornithopter":104,"Unceasing Top":117}],"TungstenRod":63,"Toy Ornithopter":0,"Unceasing Top":[0]},"card_choices":[{"not_picked":["Outmaneuver","Bane"],"picked":"Dagger Throw","floor":1},{"not_picked":["Poisoned Stab","Quick Slash"],"picked":"PiercingWail","floor":8},{"not_picked":["Phantasmal Killer","Accuracy"],"picked":"Dagger Spray","floor":9},{"not_picked":["Outmaneuver","Dodge and Roll"],"picked":"Sucker Punch","floor":13},{"not_picked":["Endless Agony","Slice"],"picked":"PiercingWail","floor":15},{"not_picked":["Reflex","Prepared"],"picked":"Poisoned Stab","floor":17},{"not_picked":["Flying Knee","Poisoned Stab"],"picked":"Bouncing Flask","floor":18},{"not_picked":["Wraith Form v2","Venomology"],"picked":"After Image","floor":20},{"not_picked":["After Image","Grand Finale"],"picked":"Corpse Explosion","floor":23},{"not_picked":["Riddle With Holes","Sucker Punch","Predator"],"picked":"SKIP","floor":25},{"not_picked":["Backstab","Reflex+1"],"picked":"Backflip+1","floor":29},{"not_picked":["Backflip+1","Dagger Throw"],"picked":"Blade Dance+1","floor":31},{"not_picked":["Bouncing Flask+1","Prepared+1"],"picked":"PiercingWail+1","floor":32},{"not_picked":["PiercingWail+1","Reflex+1"],"picked":"Acrobatics+1","floor":33},{"not_picked":["Envenom","Skewer"],"picked":"Footwork","floor":36},{"not_picked":["Flying Knee","Dodge and Roll+1"],"picked":"Tactician+1","floor":39},{"not_picked":["Underhanded Strike","Outmaneuver+1","Bane"],"picked":"SKIP","floor":40},{"not_picked":["Backflip+1","Flying Knee+1"],"picked":"Terror+1","floor":42},{"not_picked":["Night Terror+1","Storm of Steel+1"],"picked":"Tools of the Trade","floor":44},{"not_picked":["Venomology+1","Glass Knife"],"picked":"Adrenaline+1","floor":47},{"not_picked":["PiercingWail+1","Backflip+1"],"picked":"Blade Dance+1","floor":49},{"not_picked":["Endless Agony","Deflect+1"],"picked":"Blade Dance+1","floor":51},{"not_picked":["FlurryOfBlows","Crescendo+1"],"picked":"Wallop","floor":54},{"not_picked":["Coolheaded+1","EmptyBody+1","ThirdEye+1"],"picked":"SKIP","floor":56},{"not_picked":["Mind Blast","EmptyFist+1","Prepared+1"],"picked":"SKIP","floor":58},{"not_picked":["Headbutt","FlurryOfBlows","Study"],"picked":"SKIP","floor":61},{"not_picked":["Finesse+1","EmptyBody+1","Tempest+1"],"picked":"SKIP","floor":62},{"not_picked":["Slice","Protect+1","ReachHeaven"],"picked":"SKIP","floor":64}],"player_experience":1223961,"relics_obtained":[{"floor":8,"key":"Strawberry"},{"floor":11,"key":"White Beast Statue"},{"floor":12,"key":"Bronze Scales"},{"floor":15,"key":"Lantern"},{"floor":21,"key":"Ancient Tea Set"},{"floor":21,"key":"The Courier"},{"floor":21,"key":"Peace Pipe"},{"floor":33,"key":"Incense Burner"},{"floor":33,"key":"CeramicFish"},{"floor":34,"key":"Anchor"},{"floor":35,"key":"Bottled Lightning"},{"floor":36,"key":"Bag of Marbles"},{"floor":36,"key":"Happy Flower"},{"floor":37,"key":"Juzu Bracelet"},{"floor":39,"key":"Potion Belt"},{"floor":39,"key":"TungstenRod"},{"floor":54,"key":"Torii"},{"floor":56,"key":"Orichalcum"},{"floor":56,"key":"Pen Nib"},{"floor":59,"key":"Eternal Feather"},{"floor":60,"key":"StrikeDummy"},{"floor":61,"key":"Unceasing Top"},{"floor":61,"key":"Dead Branch"},{"floor":64,"key":"Shuriken"},{"floor":64,"key":"Blood Vial"}],"event_choices":[{"damage_healed":0,"gold_gain":0,"player_choice":"Bought 0 Potions","damage_taken":0,"max_hp_gain":0,"max_hp_loss":0,"event_name":"The Woman in Blue","floor":2,"gold_loss":0},{"damage_healed":0,"gold_gain":75,"player_choice":"Gather Gold","damage_taken":11,"max_hp_gain":0,"max_hp_loss":0,"event_name":"World of Goop","floor":4,"gold_loss":0},{"damage_healed":0,"gold_gain":0,"player_choice":"Donut","damage_taken":0,"max_hp_gain":5,"max_hp_loss":0,"event_name":"Big Fish","floor":5,"gold_loss":0},{"cards_removed":["Strike_G"],"damage_healed":0,"gold_gain":0,"player_choice":"Purged","damage_taken":0,"max_hp_gain":0,"max_hp_loss":0,"event_name":"Purifier","floor":10,"gold_loss":0},{"damage_healed":0,"gold_gain":0,"player_choice":"Simplicity","damage_taken":0,"max_hp_gain":0,"max_hp_loss":0,"event_name":"Back to Basics","floor":26,"gold_loss":0,"cards_upgraded":["Strike_G","Strike_G","Strike_G","Strike_G","Defend_G","Defend_G","Defend_G","Defend_G","Defend_G"]},{"damage_healed":0,"gold_gain":275,"player_choice":"Desecrate","damage_taken":0,"max_hp_gain":0,"max_hp_loss":0,"event_name":"Golden Shrine","floor":27,"gold_loss":0,"cards_obtained":["Regret"]},{"damage_healed":0,"gold_gain":999,"player_choice":"Gold","damage_taken":0,"max_hp_gain":0,"max_hp_loss":0,"event_name":"MindBloom","floor":52,"gold_loss":0,"cards_obtained":["Normality","Normality"]},{"damage_healed":0,"gold_gain":0,"player_choice":"Fight","damage_taken":0,"max_hp_gain":0,"max_hp_loss":0,"event_name":"Mysterious Sphere","floor":54,"gold_loss":0},{"damage_healed":0,"gold_gain":0,"player_choice":"Max HP","damage_taken":0,"max_hp_gain":0,"max_hp_loss":5,"event_name":"Winding Halls","floor":63,"gold_loss":0},{"damage_healed":0,"gold_gain":0,"player_choice":"Got Potions","damage_taken":0,"max_hp_gain":0,"max_hp_loss":0,"event_name":"Lab","floor":65,"gold_loss":0}],"is_beta":false,"boss_relics":[{"not_picked":["Philosopher\u0027s Stone","Sozu"],"picked":"Calling Bell"},{"not_picked":["Pandora\u0027s Box","Busted Crown"],"picked":"Black Star"},{"not_picked":["Tiny House","Astrolabe"],"picked":"WristBlade"},{"not_picked":["Coffee Dripper","Empty Cage"],"picked":"SlaversCollar"}],"items_purged_floors":[28,53],"is_endless":false,"potions_floor_spawned":[9,13,15,17,18,20,23,25,29,31,32,33,36,39,40,42,44,47,49,51,54,56,58,61,62,64],"ascension_level":14}}