{"host":"og21o26alpnbwmz8","time":1614448206,"event":{"mods":["2.2 Compatiblity","Act Like it!","Aspiration","Aya Shameimaru","BaseMod","ChefMod","Conspire","Downfall","Halation","Hallownest","Hermit","Hubris","Jedi Mod","Mimic Mod","Minty Spire (QoL Compilation)","Pale of the Ancients","Reliquary","Replay The Spire","Ruina","Shop Mod","Spikes Relics","StSLib","The Alterego","The Animator","The Blue Laboratory","The Bug Knight","Waifu the Spire","Yuri Mod"],"gold_per_floor":[115,15,69,85,98,98,98],"floor_reached":6,"language":"ENG","playtime":251,"items_purged":["chefmod:Strike"],"score":36,"play_id":"bc6cacd7-5121-4509-af10-49a30effcf8c","local_time":"20210227125006","is_ascension_mode":false,"campfire_choices":[],"circlet_count":0,"master_deck":["chefmod:Strike","chefmod:Strike","chefmod:QuickThaw","chefmod:Defend","chefmod:Defend","chefmod:Defend","chefmod:Defend","chefmod:TodaysSpecial","chefmod:Chop","chefmod:ColdSteel"],"relics":["chefmod:TrustyPot"],"acts_visited":["Exordium"],"potions_floor_usage":[6],"damage_taken":[{"damage":0,"enemies":"2 Louse","floor":1,"turns":4},{"damage":8,"enemies":"Small Slimes","floor":4,"turns":4},{"damage":7,"enemies":"Jaw Worm","floor":5,"turns":4},{"damage":0,"enemies":"3 Sentries","floor":6,"turns":2}],"seed_played":"1246119301009848646","potions_obtained":[{"floor":5,"key":"blueLaboratory:PyrophylliteBrew"}],"is_trial":false,"path_per_floor":["M","$","?","M","M","E"],"character_chosen":"THE_CHEF","items_purchased":["chefmod:ColdSteel"],"campfire_rested":0,"item_purchase_floors":[2],"current_hp_per_floor":[76,76,76,68,61,61,61],"gold":98,"neow_bonus":"RANDOM_EVENT","is_daily":false,"chose_seed":false,"campfire_upgraded":0,"win_rate":0.0,"timestamp":1614448206,"path_taken":["M","$","?","M","M","E"],"items_purchased_type":["Card"],"build_version":"2020-12-22","purchased_purges":1,"victory":false,"max_hp_per_floor":[76,76,76,76,76,76,76],"card_choices":[{"not_picked":["chefmod:ZaruSoba","chefmod:BleedOut"],"picked":"chefmod:Chop","floor":1},{"not_picked":["chefmod:IceCreamCone","chefmod:HotSoup","chefmod:BaoBuns"],"picked":"SKIP","floor":4},{"not_picked":["chefmod:DoubleChop","chefmod:SearedScallops","chefmod:IceCreamCone"],"picked":"SKIP","floor":5}],"player_experience":435860,"relics_obtained":[],"event_choices":[{"cards_removed":["chefmod:Strike"],"damage_healed":0,"gold_gain":0,"player_choice":"Forget","damage_taken":0,"max_hp_gain":0,"max_hp_loss":0,"event_name":"Living Wall","floor":0,"gold_loss":0},{"damage_healed":0,"gold_gain":54,"player_choice":"Gained Gold","damage_taken":0,"max_hp_gain":0,"max_hp_loss":0,"event_name":"Golden Wing","floor":3,"gold_loss":0}],"is_beta":false,"boss_relics":[],"items_purged_floors":[2],"is_endless":false,"potions_floor_spawned":[5],"killed_by":"3 Sentries","ascension_level":0}}