{"host":"9c9syrivwe4sfpe0","time":1614391782,"event":{"mods":["AchievementEnabler","BaseMod","Colored Powertips","DeckTracker","GifTheSpireLib","Highlight Path","Minty Spire (QoL Compilation)","Quick Restart","Random Character Button","StSLib","SuperFastMode"],"gold_per_floor":[113,288,301,301,316,350,350,368,368,368,36,51,61,9,9,110,110,99,126,139,139,139],"floor_reached":21,"language":"ENG","playtime":3446,"items_purged":["Doubt"],"score":244,"play_id":"117a38ca-39e0-41d8-b03d-2a91a3a64267","local_time":"20210227130942","is_ascension_mode":true,"campfire_choices":[{"data":"Dualcast","floor":7,"key":"SMITH"},{"floor":15,"key":"REST"}],"circlet_count":0,"master_deck":["Strike_B+1","Strike_B+1","Strike_B","Strike_B","Defend_B","Defend_B","Defend_B","Defend_B","Zap+1","Dualcast+1","Doom and Gloom","Undo","Compile Driver","Auto Shields","Chill","Capacitor+1","Reinforced Body","Steam","Hologram","Reinforced Body","All For One","Glacier","Undo"],"relics":["FrozenCore","Ornamental Fan","Frozen Egg 2","Membership Card","Bottled Flame","Juzu Bracelet"],"acts_visited":["TheCity"],"potions_floor_usage":[6,13,13,16,16,18],"damage_taken":[{"damage":0,"enemies":"Cultist","floor":1,"turns":3},{"damage":4,"enemies":"Small Slimes","floor":3,"turns":3},{"damage":0,"enemies":"2 Louse","floor":5,"turns":2},{"damage":20,"enemies":"3 Sentries","floor":6,"turns":6},{"damage":14,"enemies":"Lots of Slimes","floor":8,"turns":2},{"damage":14,"enemies":"Red Slaver","floor":12,"turns":3},{"damage":0,"enemies":"Looter","floor":13,"turns":1},{"damage":22,"enemies":"Slime Boss","floor":16,"turns":5},{"damage":12,"enemies":"2 Thieves","floor":18,"turns":4},{"damage":2,"enemies":"Spheric Guardian","floor":20,"turns":4},{"damage":48,"enemies":"Centurion and Healer","floor":21,"turns":9}],"seed_played":"-5674431298456154858","potions_obtained":[{"floor":1,"key":"Energy Potion"},{"floor":10,"key":"CultistPotion"},{"floor":10,"key":"FearPotion"},{"floor":10,"key":"Ancient Potion"},{"floor":12,"key":"SteroidPotion"},{"floor":13,"key":"FocusPotion"},{"floor":16,"key":"DistilledChaos"}],"is_trial":false,"path_per_floor":["M","?","M","?","M","E","R","M","T","?","$","M","M","$","R","B",null,"M","T","M","M"],"character_chosen":"DEFECT","items_purchased":["Membership Card","Capacitor+1","Bottled Flame","Hologram","Reinforced Body"],"campfire_rested":1,"item_purchase_floors":[11,11,11,14,14],"current_hp_per_floor":[68,68,64,49,49,29,29,15,15,15,15,1,1,1,23,1,57,45,45,43,0,0],"gold":139,"neow_bonus":"UPGRADE_CARD","is_daily":false,"chose_seed":false,"campfire_upgraded":1,"win_rate":0.0,"timestamp":1614391782,"path_taken":["M","?","M","?","M","E","R","M","T","?","$","?","?","$","R","BOSS","M","?","M","M"],"items_purchased_type":["Relic","Card","Relic","Card","Card"],"build_version":"2020-12-22","purchased_purges":1,"victory":false,"max_hp_per_floor":[75,75,75,75,75,75,75,75,75,75,75,75,75,75,75,75,75,75,75,75,75,75],"card_choices":[{"not_picked":["Static Discharge","Redo"],"picked":"Doom and Gloom","floor":1},{"not_picked":["Gash","Beam Cell"],"picked":"Undo","floor":3},{"not_picked":["Gash","Turbo"],"picked":"Compile Driver","floor":5},{"not_picked":["Rebound","Hologram"],"picked":"Auto Shields","floor":6},{"not_picked":["Hello World","Streamline"],"picked":"Chill","floor":8},{"not_picked":["Cold Snap","Blizzard"],"picked":"Reinforced Body","floor":12},{"not_picked":["Turbo","Chaos"],"picked":"Steam","floor":13},{"not_picked":["Seek","Hyperbeam"],"picked":"All For One","floor":16},{"not_picked":["Redo","Reprogram"],"picked":"Glacier","floor":18},{"not_picked":["Beam Cell","Chill"],"picked":"Undo","floor":20}],"player_experience":867670,"relics_obtained":[{"floor":6,"key":"Ornamental Fan"},{"floor":9,"key":"Frozen Egg 2"},{"floor":19,"key":"Juzu Bracelet"}],"event_choices":[{"damage_healed":0,"gold_gain":175,"player_choice":"AGREE","damage_taken":0,"max_hp_gain":0,"max_hp_loss":0,"event_name":"Liars Game","floor":2,"gold_loss":0,"cards_obtained":["Doubt"]},{"damage_healed":0,"gold_gain":0,"player_choice":"Entered Light","damage_taken":15,"max_hp_gain":0,"max_hp_loss":0,"event_name":"Shining Light","floor":4,"gold_loss":0,"cards_upgraded":["Strike_B","Strike_B"]},{"damage_healed":0,"gold_gain":0,"player_choice":"Got Potions","damage_taken":0,"max_hp_gain":0,"max_hp_loss":0,"event_name":"Lab","floor":10,"gold_loss":0}],"is_beta":false,"boss_relics":[{"not_picked":["Sozu","Velvet Choker"],"picked":"FrozenCore"}],"items_purged_floors":[11],"is_endless":false,"potions_floor_spawned":[1,12,13,16],"killed_by":"Centurion and Healer","ascension_level":7}}