{"host":"ef0di4u2iht71tvj","time":1614446852,"event":{"mods":["2.2 Compatiblity","Act Like it!","BaseMod","DeckTracker","Downfall","Hermit","HololiveMod","JesterMod","Koishi","Marisa????????","Minty Spire (QoL Compilation)","StSLib","SuperFastMode","Synergy Search","The Animator","The Bug Knight","The Clintock","The Construct","The Cursed","The Disciple","The Forsaken","The Gatherer","The Hierophant","The Jungle","The Servant 0.9.4"],"gold_per_floor":[111,130,130,20,33,33,65,65,65,15,30,59,59,85,85,183,183,195,52,72,72,88,88,88,88],"floor_reached":24,"language":"ENG","playtime":1546,"items_purged":["HollowMod:NailStrikeStart"],"score":257,"play_id":"cc7f30df-65f5-46a9-a159-7305664f93ec","local_time":"20210227182732","is_ascension_mode":true,"campfire_choices":[{"data":"HollowMod:FocusHealStart","floor":6.0,"key":"SMITH"},{"data":"HollowMod:ShadowDash","floor":8.0,"key":"SMITH"},{"floor":15.0,"key":"REST"},{"data":"HollowMod:SlysStrikes","floor":23,"key":"SMITH"}],"circlet_count":0,"master_deck":["HollowMod:NailStrikeStart","HollowMod:NailStrikeStart","HollowMod:QuickDashStart","HollowMod:QuickDashStart","HollowMod:QuickDashStart","HollowMod:QuickDashStart","HollowMod:FocusHealStart+1","HollowMod:PogoStrike","HollowMod:ShadowDash+1","HollowMod:CrystalDash","HollowMod:BlackTendrils+1","HollowMod:DescendingDark+1","HollowMod:Weaversong","HollowMod:GoodIntentions","HollowMod:SlysStrikes+1","HollowMod:ZotesMagnificence+1","HollowMod:CloakDash","HollowMod:ShadowDash","HollowMod:HeavyBlow+1"],"relics":["Nunchaku","Molten Egg 2","MealTicket","Bottled Flame","Shuriken","Ancient Tea Set","Bird Faced Urn","Runic Pyramid","Regal Pillow","Nloth\u0027s Gift"],"acts_visited":["Exordium","TheCity"],"potions_floor_usage":[],"damage_taken":[{"damage":1.0,"enemies":"Cultist","floor":1.0,"turns":3.0},{"damage":9.0,"enemies":"Small Slimes","floor":2.0,"turns":4.0},{"damage":6.0,"enemies":"Jaw Worm","floor":5.0,"turns":6.0},{"damage":35.0,"enemies":"Lagavulin","floor":7.0,"turns":8.0},{"damage":0.0,"enemies":"2 Fungi Beasts","floor":11.0,"turns":2.0},{"damage":29.0,"enemies":"Gremlin Nob","floor":12.0,"turns":5.0},{"damage":25.0,"enemies":"Lagavulin","floor":14.0,"turns":7.0},{"damage":10.0,"enemies":"The Guardian","floor":16.0,"turns":15.0},{"damage":6.0,"enemies":"Spheric Guardian","floor":18.0,"turns":3.0},{"damage":50.0,"enemies":"Shell Parasite","floor":20.0,"turns":20.0},{"damage":26,"enemies":"Cultist and Chosen","floor":22,"turns":10},{"damage":23,"enemies":"Slavers","floor":24,"turns":2}],"seed_played":"-3497680774458950534","potions_obtained":[{"floor":1.0,"key":"sneckomod:MuddlingPotion"},{"floor":5.0,"key":"AttackPotion"},{"floor":7.0,"key":"LiquidMemories"},{"floor":11.0,"key":"LiquidBronze"}],"is_trial":false,"path_per_floor":["M","M","?","$","M","R","E","R","T","?","M","E","?","E","R","B",null,"M","$","M","?","M","R","E"],"character_chosen":"THE_BUGKNIGHT","items_purchased":["HollowMod:BlackTendrils+1","Regal Pillow"],"campfire_rested":1,"item_purchase_floors":[4,19],"current_hp_per_floor":[74,75,75,75,69,69,43,43,43,43,47,28,28,18,40,50,75,74,75,50,50,38,38,17,17],"gold":88,"neow_bonus":"RANDOM_COMMON_RELIC","is_daily":false,"chose_seed":false,"campfire_upgraded":3,"win_rate":0.0,"timestamp":1614446852,"path_taken":["M","M","?","?","M","R","E","R","T","?","M","E","?","E","R","BOSS","M","$","M","?","?","R","E"],"items_purchased_type":["Card","Relic"],"build_version":"2020-12-22","purchased_purges":1,"victory":false,"max_hp_per_floor":[75,75,75,75,75,75,75,75,75,75,75,75,75,75,75,75,75,75,75,75,75,75,75,75,75],"card_choices":[{"not_picked":["HollowMod:PureNailStrike","HollowMod:DashSlash"],"picked":"HollowMod:ShadowDash","floor":1.0},{"not_picked":["HollowMod:LifebloodCocoon","HollowMod:MothsMistake"],"picked":"HollowMod:CrystalDash","floor":2.0},{"not_picked":["HollowMod:SoulStrike+1","HollowMod:WraithStrike+1"],"picked":"HollowMod:DescendingDark+1","floor":5.0},{"not_picked":["HollowMod:HuntersJournal","HollowMod:CrystalDash"],"picked":"HollowMod:Weaversong","floor":7.0},{"not_picked":["HollowMod:SoulSplash","HollowMod:InfectionAssault+1"],"picked":"HollowMod:GoodIntentions","floor":11.0},{"not_picked":["HollowMod:HowlingWraiths+1","HollowMod:QuirrelsAssistance+1"],"picked":"HollowMod:SlysStrikes","floor":12.0},{"not_picked":["HollowMod:DashSlash+1","HollowMod:SharpenedNail+1","HollowMod:ElderbugsWisdom"],"picked":"SKIP","floor":14.0},{"not_picked":["HollowMod:ElderbugsWisdom","HollowMod:MidwifesHunger+1"],"picked":"HollowMod:ZotesMagnificence+1","floor":16.0},{"not_picked":["HollowMod:LifebloodCocoon+1","HollowMod:SharpenedNail+1"],"picked":"HollowMod:CloakDash","floor":18.0},{"not_picked":["HollowMod:SiblingsSouls","HollowMod:MawleksShell"],"picked":"HollowMod:ShadowDash","floor":20.0},{"not_picked":["HollowMod:SoulVessel","HollowMod:CrystalDash"],"picked":"HollowMod:HeavyBlow+1","floor":22}],"player_experience":1871710,"relics_obtained":[{"floor":3.0,"key":"Molten Egg 2"},{"floor":7.0,"key":"MealTicket"},{"floor":9.0,"key":"Bottled Flame"},{"floor":12.0,"key":"Shuriken"},{"floor":14.0,"key":"Bird Faced Urn"}],"event_choices":[{"damage_healed":0.0,"max_hp_gain":0.0,"max_hp_loss":0.0,"gold_gain":0.0,"event_name":"Wheel of Change","player_choice":"Relic","floor":3.0,"gold_loss":0.0,"damage_taken":0.0},{"cards_removed":["HollowMod:NailStrikeStart"],"damage_healed":0.0,"max_hp_gain":0.0,"max_hp_loss":0.0,"gold_gain":0.0,"event_name":"The Cleric","player_choice":"Card Removal","floor":10.0,"gold_loss":50.0,"damage_taken":0.0},{"damage_healed":0.0,"max_hp_gain":0.0,"max_hp_loss":0.0,"gold_gain":0.0,"event_name":"Dead Adventurer","player_choice":"Searched \u00271\u0027 times","floor":13.0,"gold_loss":0.0,"damage_taken":0.0,"relics_obtained":["Ancient Tea Set"]},{"damage_healed":0.0,"max_hp_gain":0.0,"max_hp_loss":0.0,"gold_gain":0.0,"event_name":"N\u0027loth","player_choice":"Traded Relic","floor":21.0,"relics_lost":["HollowMod:VesselMask"],"gold_loss":0.0,"damage_taken":0.0,"relics_obtained":["Nloth\u0027s Gift"]}],"is_beta":false,"boss_relics":[{"not_picked":["Sozu","Busted Crown"],"picked":"Runic Pyramid"}],"items_purged_floors":[4],"is_endless":false,"potions_floor_spawned":[1,5,7,11],"killed_by":"Slavers","ascension_level":4}}