{"host":"h49usdrjeju7gyhi","time":1614401016,"event":{"mods":["BaseMod","Bestiary","Colored Map","Minty Spire (QoL Compilation)","StSLib","The Animator"],"gold_per_floor":[116,16,43,43,70,70,70,70,120,134,134,158,202,202,202,298,298,312,312,292,308,120,120,120],"floor_reached":23,"language":"ENG","playtime":910,"items_purged":["animator:Strike","animator:Strike"],"score":382,"play_id":"0c6c07ec-89e3-4c4c-997a-e0080cb01b02","local_time":"20210226234336","is_ascension_mode":true,"campfire_choices":[{"data":"animator:Priestess","floor":6,"key":"SMITH"},{"data":"animator:DwarfShaman","floor":8,"key":"SMITH"},{"data":"animator:Caster","floor":11,"key":"SMITH"},{"floor":15,"key":"REST"}],"circlet_count":0,"master_deck":["AscendersBane","animator:Strike_GoblinSlayer","animator:Defend_GoblinSlayer","animator:Strike","animator:Defend","animator:Defend","animator:Defend","animator:LizardPriest","animator:DwarfShaman+1","animator:Caster+1","animator:Priestess+1","animator:Spearman","animator:Tatsumaki","Injury","animator:Witch","animator:DwarfShaman","animator:Saitama","animator:Priestess","animator:Arpeggio"],"relics":["animator:LivingPicture","animator:TheMissingPiece","NeowsBlessing","Golden Idol","Oddly Smooth Stone","animator:Hoodie","Velvet Choker","CultistMask"],"acts_visited":["Exordium","TheCity"],"potions_floor_usage":[12,16,23,23],"damage_taken":[{"damage":0,"enemies":"Cultist","floor":1,"turns":1},{"damage":0,"enemies":"Jaw Worm","floor":3,"turns":1},{"damage":0,"enemies":"Small Slimes","floor":5,"turns":1},{"damage":1,"enemies":"Blue Slaver","floor":10,"turns":4},{"damage":6,"enemies":"Lots of Slimes","floor":12,"turns":2},{"damage":15,"enemies":"Lagavulin","floor":13,"turns":5},{"damage":18,"enemies":"Hexaghost","floor":16,"turns":8},{"damage":0,"enemies":"Spheric Guardian","floor":18,"turns":3},{"damage":6,"enemies":"2 Thieves","floor":20,"turns":4},{"damage":0,"enemies":"Sentry and Sphere","floor":21,"turns":3},{"damage":68,"enemies":"Gremlin Leader","floor":23,"turns":5}],"seed_played":"6065149061040340615","potions_obtained":[{"floor":1,"key":"SpeedPotion"},{"floor":10,"key":"Block Potion"},{"floor":21,"key":"Dexterity Potion"}],"is_trial":false,"path_per_floor":["M","$","M","$","M","R","?","R","T","M","R","M","E","?","R","B",null,"M","?","M","M","$","E"],"character_chosen":"THE_ANIMATOR","items_purchased":["animator:Priestess","animator:Arpeggio"],"campfire_rested":1,"item_purchase_floors":[2,22],"current_hp_per_floor":[54,54,54,54,54,54,54,54,54,54,54,48,33,33,51,34,55,58,58,52,55,55,0,0],"gold":120,"neow_bonus":"THREE_ENEMY_KILL","is_daily":false,"chose_seed":false,"campfire_upgraded":3,"win_rate":0.0,"timestamp":1614401016,"path_taken":["M","$","?","?","?","R","?","R","T","M","R","M","E","?","R","BOSS","M","?","M","M","$","E"],"items_purchased_type":["Card","Card"],"build_version":"2020-12-22","purchased_purges":2,"victory":false,"max_hp_per_floor":[60,60,60,60,60,60,60,60,60,61,61,61,61,61,61,62,62,65,65,65,68,68,68,68],"card_choices":[{"not_picked":["animator:SakuraMatou","animator:FielNirvalen"],"picked":"animator:Caster","floor":1},{"not_picked":["animator:Rider","animator:Raven"],"picked":"animator:Spearman","floor":3},{"not_picked":["animator:DolaCouronne","animator:IzunaHatsuse"],"picked":"animator:Tatsumaki","floor":5},{"not_picked":["animator:Spearman","animator:CowGirl"],"picked":"animator:Witch","floor":10},{"not_picked":["animator:Yuuichirou","animator:ShinjiMatou"],"picked":"animator:DwarfShaman","floor":12},{"not_picked":["animator:Rena","animator:MumenRider","animator:Tatsumaki"],"picked":"SKIP","floor":13},{"not_picked":["animator:ItamiYouji","animator:Guren"],"picked":"animator:Saitama","floor":16},{"not_picked":["animator:Lancer","animator:IzunaHatsuse","animator:LizardPriest"],"picked":"SKIP","floor":18},{"not_picked":["animator:Spearman","animator:Witch"],"picked":"animator:Priestess","floor":20},{"not_picked":["animator:Assassin","animator:Shigure","animator:LeleiLaLalena"],"picked":"SKIP","floor":21}],"player_experience":1626031,"relics_obtained":[{"floor":9,"key":"Oddly Smooth Stone"},{"floor":13,"key":"animator:Hoodie"}],"event_choices":[{"damage_healed":0,"gold_gain":0,"player_choice":"Take Wound","damage_taken":0,"relics_obtained":["Golden Idol"],"max_hp_gain":0,"max_hp_loss":0,"event_name":"Golden Idol","floor":7,"gold_loss":0,"cards_obtained":["Injury"]},{"damage_healed":0,"gold_gain":0,"player_choice":"Ignored","damage_taken":0,"max_hp_gain":0,"max_hp_loss":0,"event_name":"Shining Light","floor":14,"gold_loss":0},{"damage_healed":0,"gold_gain":0,"player_choice":"Trade","damage_taken":0,"relics_obtained":["CultistMask"],"max_hp_gain":0,"max_hp_loss":0,"event_name":"FaceTrader","floor":19,"gold_loss":0}],"is_beta":false,"boss_relics":[{"not_picked":["animator:HolyGrailRelic","animator:CursedBlade"],"picked":"Velvet Choker"}],"items_purged_floors":[2,22],"is_endless":false,"potions_floor_spawned":[1,10,21],"killed_by":"Gremlin Leader","ascension_level":20}}