{"host":"79dbh3wlumrqhgu5","time":1614392314,"event":{"mods":["BaseMod","Block Reminder","Colored Map","Colored Powertips","Dark Map","Highlight Path","Minty Spire (QoL Compilation)","Permanent Neow","Quick Restart","Random Character Button","Random Character Mod"],"gold_per_floor":[114,129,49,49,49,79,79,109,159,189,204,219,234,249,249,349,349,364,379,394,409,23,53,53,83,108,108,108,138,138,153,153,253,253,268,283,133,148,48,48,78,93,118,118,157,181,220,244,253,253],"floor_reached":51,"language":"ENG","playtime":10396,"items_purged":["Writhe","Zap"],"score":844,"play_id":"616b4a15-038b-46af-b02c-32dab31b35cd","local_time":"20210226211834","daily_mods":["Chimera","Time Dilation","Elite Swarm"],"is_ascension_mode":false,"campfire_choices":[{"floor":7,"key":"REST"},{"floor":15,"key":"REST"},{"floor":24,"key":"REST"},{"data":"Machine Learning","floor":28,"key":"SMITH"},{"floor":32,"key":"REST"},{"data":"Echo Form","floor":40,"key":"SMITH"},{"data":"Echo Form","floor":44,"key":"SMITH"},{"floor":49,"key":"REST"}],"circlet_count":0,"master_deck":["Bash","Survivor","Eruption","Strike_R","Strike_G","Strike_B+1","Defend_R+1","Defend_P","Go for the Eyes","Ball Lightning","Doom and Gloom","Hologram","Meteor Strike","Hyperbeam","Meteor Strike","BootSequence","Ball Lightning","Hologram","Aggregate","Echo Form+1","CurseOfTheBell","Fusion","Conserve Battery","Turbo","Fusion","Turbo","Echo Form+1","Machine Learning+1","Amplify","Leap+1","Sunder+1","Machine Learning","Hello World+1","Streamline","Reinforced Body","Hello World+1","Echo Form","Echo Form","Reinforced Body","Hyperbeam+1","Stack+1","Streamline+1"],"relics":["Cracked Core","Bag of Preparation","Happy Flower","Potion Belt","Bag of Marbles","Calling Bell","Akabeko","Question Card","Gambling Chip","Lizard Tail","CaptainsWheel","Prayer Wheel","Lantern","Blood Vial","Eternal Feather","Nuclear Battery","Dream Catcher","CeramicFish","Nunchaku","Molten Egg 2"],"acts_visited":["Exordium","TheCity","TheBeyond"],"potions_floor_usage":[16,20,23,31,32,33,50,50,50,50],"damage_taken":[{"damage":0,"enemies":"2 Louse","floor":1,"turns":3},{"damage":0,"enemies":"Small Slimes","floor":2,"turns":2},{"damage":15,"enemies":"Gremlin Nob","floor":6,"turns":4},{"damage":14,"enemies":"3 Sentries","floor":8,"turns":5},{"damage":22,"enemies":"Gremlin Nob","floor":10,"turns":4},{"damage":0,"enemies":"Jaw Worm","floor":11,"turns":1},{"damage":0,"enemies":"3 Louse","floor":12,"turns":1},{"damage":0,"enemies":"Looter","floor":13,"turns":2},{"damage":0,"enemies":"Blue Slaver","floor":14,"turns":2},{"damage":33,"enemies":"The Guardian","floor":16,"turns":5},{"damage":4,"enemies":"Spheric Guardian","floor":18,"turns":3},{"damage":0,"enemies":"Shell Parasite","floor":19,"turns":3},{"damage":0,"enemies":"Cultist and Chosen","floor":20,"turns":1},{"damage":0,"enemies":"Snecko","floor":21,"turns":3},{"damage":18,"enemies":"Book of Stabbing","floor":23,"turns":3},{"damage":0,"enemies":"Slavers","floor":25,"turns":1},{"damage":13,"enemies":"Book of Stabbing","floor":29,"turns":3},{"damage":19,"enemies":"Shelled Parasite and Fungi","floor":31,"turns":5},{"damage":21,"enemies":"Automaton","floor":33,"turns":7},{"damage":1,"enemies":"3 Darklings","floor":35,"turns":3},{"damage":4,"enemies":"3 Shapes","floor":36,"turns":2},{"damage":30,"enemies":"Writhing Mass","floor":38,"turns":3},{"damage":13,"enemies":"Reptomancer","floor":41,"turns":5},{"damage":0,"enemies":"Transient","floor":42,"turns":5},{"damage":9,"enemies":"Giant Head","floor":45,"turns":5},{"damage":17,"enemies":"Maw","floor":46,"turns":7},{"damage":26,"enemies":"Reptomancer","floor":47,"turns":5},{"damage":1,"enemies":"Jaw Worm Horde","floor":48,"turns":4},{"damage":46,"enemies":"Donu and Deca","floor":50,"turns":8}],"seed_played":"4728103701414758894","potions_obtained":[{"floor":2,"key":"SteroidPotion"},{"floor":6,"key":"Fruit Juice"},{"floor":10,"key":"CultistPotion"},{"floor":13,"key":"ColorlessPotion"},{"floor":16,"key":"BlessingOfTheForge"},{"floor":18,"key":"DuplicationPotion"},{"floor":20,"key":"BlessingOfTheForge"},{"floor":29,"key":"Weak Potion"},{"floor":31,"key":"Fruit Juice"},{"floor":35,"key":"Energy Potion"},{"floor":41,"key":"Energy Potion"}],"is_trial":false,"path_per_floor":["M","M","$","?","?","E","R","E","T","E","M","M","M","M","R","B",null,"M","M","M","M","$","E","R","E","T","?","R","E","?","M","R","B",null,"M","M","$","M","$","R","E","M","T","R","E","M","E","M","R","B",null],"character_chosen":"DEFECT","items_purchased":["Doom and Gloom","Lizard Tail","Fusion","Turbo","PotionOfCapacity"],"campfire_rested":5,"item_purchase_floors":[3,22,22,22,37],"current_hp_per_floor":[75,75,75,75,60,45,67,53,53,31,31,31,31,31,53,20,75,71,71,76,76,76,58,80,80,80,80,80,67,67,50,85,64,85,84,81,81,53,53,74,63,65,65,85,76,61,37,38,85,39],"gold":253,"neow_bonus":"","is_daily":true,"chose_seed":false,"campfire_upgraded":3,"win_rate":0.0,"timestamp":1614392314,"path_taken":["M","M","$","?","?","E","R","E","T","E","M","M","M","M","R","BOSS","M","M","M","M","$","E","R","E","T","?","R","E","?","M","R","BOSS","M","M","$","M","$","R","E","M","T","R","E","M","E","M","R","BOSS"],"items_purchased_type":["Card","Relic","Card","Card","Potion"],"build_version":"2020-12-22","purchased_purges":2,"victory":true,"max_hp_per_floor":[75,75,75,75,75,75,75,75,75,75,75,75,75,75,75,75,75,75,75,80,80,80,80,80,80,80,80,80,80,80,80,85,85,85,85,85,85,85,85,85,85,85,85,85,85,85,85,85,85,85],"card_choices":[{"not_picked":["Hologram","Skim"],"picked":"Go for the Eyes","floor":1},{"not_picked":["Redo","Sweeping Beam"],"picked":"Ball Lightning","floor":2},{"not_picked":["All For One","Reboot"],"picked":"Meteor Strike","floor":6},{"not_picked":["Machine Learning","Biased Cognition"],"picked":"Hyperbeam","floor":8},{"not_picked":["Multi-Cast","Electrodynamics"],"picked":"Meteor Strike","floor":10},{"not_picked":["Beam Cell","Redo"],"picked":"BootSequence","floor":11},{"not_picked":["Coolheaded","Cold Snap"],"picked":"Ball Lightning","floor":12},{"not_picked":["Genetic Algorithm","Static Discharge"],"picked":"Hologram","floor":13},{"not_picked":["Sweeping Beam","Leap"],"picked":"Aggregate","floor":14},{"not_picked":["Multi-Cast","Reboot"],"picked":"Echo Form","floor":16},{"not_picked":["Melter","Cold Snap","Heatsinks"],"picked":"Fusion","floor":18},{"not_picked":["Redo","Barrage","Reinforced Body"],"picked":"Conserve Battery","floor":19},{"not_picked":["Stack+1","Beam Cell","Steam","Scrape"],"picked":"SKIP","floor":20},{"not_picked":["Hologram+1","Barrage","Melter"],"picked":"Turbo","floor":21},{"not_picked":["Multi-Cast","Biased Cognition","Fission"],"picked":"Echo Form","floor":23},{"not_picked":["Biased Cognition","Fission","Seek"],"picked":"Machine Learning","floor":25},{"not_picked":["Seek","All For One","Creative AI"],"picked":"Amplify","floor":29},{"not_picked":["Go for the Eyes+1","Beam Cell+1","Steam"],"picked":"Leap+1","floor":31},{"not_picked":["Consume","Hologram","Turbo+1"],"picked":"Sunder+1","floor":31},{"not_picked":["Buffer","Seek","Thunder Strike"],"picked":"Machine Learning","floor":33},{"not_picked":["Beam Cell+1","Go for the Eyes","Steam+1"],"picked":"Hello World+1","floor":35},{"not_picked":["Chaos","Coolheaded","Cold Snap"],"picked":"Streamline","floor":35},{"not_picked":["Heatsinks+1","Turbo","Rip and Tear"],"picked":"Reinforced Body","floor":36},{"not_picked":["BootSequence+1","Sweeping Beam+1","Doom and Gloom","Tempest+1"],"picked":"SKIP","floor":36},{"not_picked":["Rainbow","Ball Lightning","White Noise"],"picked":"Hello World+1","floor":38},{"not_picked":["FTL","Compile Driver+1","BootSequence","Go for the Eyes+1"],"picked":"SKIP","floor":38},{"not_picked":["Meteor Strike","Reboot","Multi-Cast"],"picked":"Echo Form","floor":41},{"not_picked":["Go for the Eyes","Cold Snap","Stack","Conserve Battery"],"picked":"SKIP","floor":42},{"not_picked":["Gash","Leap","Redo+1","Compile Driver+1"],"picked":"SKIP","floor":42},{"not_picked":["Fission","Multi-Cast","Core Surge"],"picked":"Echo Form","floor":45},{"not_picked":["Defragment+1","Beam Cell","Hologram+1"],"picked":"Reinforced Body","floor":46},{"not_picked":["Redo","Scrape","Heatsinks","Undo+1"],"picked":"SKIP","floor":46},{"not_picked":["Multi-Cast","Fission","Machine Learning"],"picked":"Hyperbeam+1","floor":47},{"not_picked":["Redo","Cold Snap+1","Fusion"],"picked":"Stack+1","floor":48},{"not_picked":["Leap+1","Go for the Eyes+1","Conserve Battery","Static Discharge"],"picked":"SKIP","floor":48},{"not_picked":["Barrage+1","Stack","Conserve Battery"],"picked":"Streamline+1","floor":49}],"player_experience":97810,"relics_obtained":[{"floor":6,"key":"Bag of Preparation"},{"floor":8,"key":"Happy Flower"},{"floor":9,"key":"Potion Belt"},{"floor":10,"key":"Bag of Marbles"},{"floor":17,"key":"Akabeko"},{"floor":17,"key":"Question Card"},{"floor":17,"key":"Gambling Chip"},{"floor":23,"key":"CaptainsWheel"},{"floor":25,"key":"Prayer Wheel"},{"floor":26,"key":"Lantern"},{"floor":29,"key":"Eternal Feather"},{"floor":41,"key":"Dream Catcher"},{"floor":43,"key":"CeramicFish"},{"floor":45,"key":"Nunchaku"},{"floor":47,"key":"Molten Egg 2"}],"event_choices":[{"damage_healed":0,"gold_gain":0,"cards_transformed":["Defend_G"],"player_choice":"Change","damage_taken":0,"max_hp_gain":0,"max_hp_loss":0,"event_name":"Living Wall","floor":4,"gold_loss":0,"cards_obtained":["Hologram"]},{"damage_healed":0,"gold_gain":0,"player_choice":"Entered Light","damage_taken":15,"max_hp_gain":0,"max_hp_loss":0,"event_name":"Shining Light","floor":5,"gold_loss":0,"cards_upgraded":["Strike_B","Defend_R"]},{"damage_healed":0,"gold_gain":0,"player_choice":"Opened","damage_taken":0,"relics_obtained":["Blood Vial"],"max_hp_gain":0,"max_hp_loss":0,"event_name":"The Mausoleum","floor":27,"gold_loss":0,"cards_obtained":["Writhe"]},{"damage_healed":0,"gold_gain":0,"player_choice":"Ignored","damage_taken":0,"max_hp_gain":0,"max_hp_loss":0,"event_name":"Ghosts","floor":30,"gold_loss":0}],"is_beta":false,"boss_relics":[{"not_picked":["Runic Dome","Coffee Dripper"],"picked":"Calling Bell"},{"not_picked":["SlaversCollar","Runic Pyramid"],"picked":"Nuclear Battery"}],"items_purged_floors":[37,39],"is_endless":false,"potions_floor_spawned":[2,6,10,13,16,18,20,29,31,35,41,42],"ascension_level":0}}