{"host":"mfgjat5rctdaqztb","time":1614459534,"event":{"mods":["2.2 Compatiblity","AchievementEnabler","Act Like it!","Arknights","BaseMod","Bestiary","Better Altar","Better Match","Better Note","Better Sensory Stone","Better Skull","Better Third Choice","Better Vampires","Block Reminder","CapriCore","Elementarium","Friendly Minions","Halation","Infinite Spire","Ironclad Rager","Marked Mod","Menagerie","Minty Spire (QoL Compilation)","Quick Restart","Random Character Button","Rare Cards Sparkle","Shop Mod","Spicy Shops","StSLib","Uncapped","UnlockEverythingMod","Waifu the Spire","Wandering Minibosses"],"gold_per_floor":[117,117,117,117,117,151,26,26,26,59,76,86,86,86,86,191,191,203,478,478,491,510,530,530,530],"floor_reached":24,"language":"ENG","playtime":1646,"items_purged":[],"score":204,"play_id":"dd6e22fc-bba2-460d-97f1-795afbd2cecc","local_time":"20210227155854","is_ascension_mode":false,"campfire_choices":[{"floor":8,"key":"RECALL"},{"data":"Jack Of All Trades","floor":13,"key":"SMITH"},{"floor":15,"key":"REST"}],"circlet_count":0,"master_deck":["ats:Strike C","ats:Strike G","ats:Strike S","ats:Strike V","ats:Armor Crushing Shot","ats:Defend","ats:Defend","ats:Defend","ats:Defend","ats:Emotion Absorption","ats:Ignite","Jack Of All Trades+1","Apotheosis+1","ats:Revitalization","ats:Song Of Battle","ats:Assault Order","ats:Soul Absorption","ats:Guardian Obelisk","ats:Consecutive Shot Auto","ats:Nebulous Foxfire","ats:Consecutive Shot Auto","Regret","Decay","ats:Powerful Strike","ats:Collapsing Strike","ats:Flame Of Heaven+1"],"relics":["Ring of the Snake","infinitespire:Cubic Diamond","halation:PinkSoulGem","ats:Originium","Ice Cream","FossilizedHelix","Lantern"],"acts_visited":["Exordium","TheCity"],"potions_floor_usage":[11,16,21,23],"damage_taken":[{"damage":8,"enemies":"ats:Genji","floor":1,"turns":5},{"damage":22,"enemies":"Gremlin Nob","floor":6,"turns":4},{"damage":21,"enemies":"Lagavulin","floor":10,"turns":6},{"damage":0,"enemies":"2 Louse","floor":11,"turns":3},{"damage":0,"enemies":"Small Slimes","floor":12,"turns":4},{"damage":17,"enemies":"Slime Boss","floor":16,"turns":10},{"damage":12,"enemies":"2 Thieves","floor":18,"turns":9},{"damage":13,"enemies":"Chosen","floor":21,"turns":5},{"damage":78,"enemies":"3 Cultists","floor":22,"turns":8},{"damage":2,"enemies":"Centurion and Healer","floor":23,"turns":9},{"damage":77,"enemies":"Slavers","floor":24,"turns":5}],"seed_played":"5494956300175360995","potions_obtained":[{"floor":6,"key":"DuplicationPotion"},{"floor":11,"key":"Fruit Juice"},{"floor":16,"key":"ats:Top Emergency Sanity Potion"},{"floor":18,"key":"ColorlessPotion"},{"floor":22,"key":"DistilledChaos"}],"is_trial":false,"path_per_floor":["M","?","?","?","?","E","$","R","T","E","M","M","R","T","R","B",null,"M","?","?","M","M","M","E"],"character_chosen":"DOCTOR_CLASS","items_purchased":["ats:Song Of Battle","ats:Assault Order"],"campfire_rested":1,"item_purchase_floors":[7,7],"current_hp_per_floor":[71,71,71,71,71,49,49,49,49,34,44,46,46,46,71,71,84,84,84,84,74,36,58,0,0],"gold":530,"neow_bonus":"TEN_PERCENT_HP_BONUS","is_daily":false,"chose_seed":false,"campfire_upgraded":1,"win_rate":0.0,"timestamp":1614459534,"path_taken":["M","?","?","?","?","E","?","R","T","E","M","M","R","?","R","BOSS","M","?","?","M","M","M","E"],"items_purchased_type":["Card","Card"],"build_version":"2020-12-22","purchased_purges":0,"victory":false,"max_hp_per_floor":[79,79,79,79,79,79,79,79,79,79,84,84,84,84,84,84,84,84,84,84,84,84,84,84,84],"card_choices":[{"not_picked":["ats:Absolute Focus","ats:Shell Defense"],"picked":"ats:Ignite","floor":1},{"not_picked":["Secret Weapon","Purity"],"picked":"Jack Of All Trades","floor":2},{"not_picked":["ats:Cat Scratch","ats:Mental Burst"],"picked":"ats:Revitalization","floor":6},{"not_picked":["ats:Automatic Cover","ats:Powerful Strike"],"picked":"ats:Soul Absorption","floor":10},{"not_picked":["ats:Curse Doll","ats:Part Time Job"],"picked":"ats:Guardian Obelisk","floor":11},{"not_picked":["ats:Automatic Cover","ats:Poison Spread"],"picked":"ats:Consecutive Shot Auto","floor":12},{"not_picked":["ats:Shadow Assault","ats:Echo Reverb"],"picked":"ats:Nebulous Foxfire","floor":16},{"not_picked":["ats:Guard Mode+1","ats:Hammer On"],"picked":"ats:Consecutive Shot Auto","floor":18},{"not_picked":["ats:Guardian Obelisk","ats:Hook Shot"],"picked":"ats:Powerful Strike","floor":21},{"not_picked":["ats:Automatic Cover","ats:Guard Mode"],"picked":"ats:Collapsing Strike","floor":22},{"not_picked":["ats:Powerful Strike","ats:Ignite+1"],"picked":"ats:Flame Of Heaven+1","floor":23}],"player_experience":182183,"relics_obtained":[{"floor":6,"key":"ats:Originium"},{"floor":6,"key":"Ice Cream"},{"floor":9,"key":"FossilizedHelix"},{"floor":10,"key":"ats:Originium"},{"floor":10,"key":"Lantern"}],"event_choices":[{"damage_healed":0,"gold_gain":1,"player_choice":"1","damage_taken":0,"max_hp_gain":0,"max_hp_loss":0,"event_name":"betterStone:BetterStone","floor":2,"gold_loss":0},{"damage_healed":71,"gold_gain":0,"player_choice":"Embrace","damage_taken":0,"max_hp_gain":0,"max_hp_loss":79,"event_name":"betterThird:BetterShining","floor":4,"gold_loss":0},{"damage_healed":0,"gold_gain":275,"player_choice":"Desecrate","damage_taken":0,"max_hp_gain":0,"max_hp_loss":0,"event_name":"Golden Shrine","floor":19,"gold_loss":0,"cards_obtained":["Regret"]},{"damage_healed":0,"gold_gain":0,"player_choice":"Cursed","damage_taken":0,"max_hp_gain":0,"max_hp_loss":0,"event_name":"Wheel of Change","floor":20,"gold_loss":0,"cards_obtained":["Decay"]}],"is_beta":false,"boss_relics":[{"not_picked":["halation:Yufonium","halation:ForbiddenBikini","halation:PlatinumPhoenix"]}],"items_purged_floors":[],"is_endless":false,"potions_floor_spawned":[6,11,16,18,22],"killed_by":"Slavers","ascension_level":0}}