{"host":"dgzcrkpp5hmi1639","time":1614460921,"event":{"mods":["AchievementEnabler","Act Like it!","BaseMod","BetterRewards","Conspire","DeckTracker","Defuse TimeMaze Blight","Energized Spire","GifTheSpireLib","Hubris","Infinite Spire","Koishi","Marisa????????","Minty Spire (QoL Compilation)","Permanent Neow","Quick Restart","Remilia??????","Replay The Spire","Shop Mod","Spicy Shops","StSLib","Stuff the Spire","The Jungle","The Servant 0.9.4"],"gold_per_floor":[110,125,139,151,169,196,4,4,58,71,18,18,130,147,147,147,147],"floor_reached":16,"language":"ENG","playtime":836,"items_purged":[],"score":120,"play_id":"198c9c53-eaf5-4aa0-b791-916209116a01","local_time":"20210227222201","is_ascension_mode":true,"campfire_choices":[{"floor":12,"key":"REST"},{"floor":15,"key":"DIG"}],"circlet_count":0,"master_deck":["Strike_S","Strike_S","Strike_S","Strike_S","Defend_S","Defend_S","Defend_S","Defend_S","KidneyShot","Exchange","Dark Shackles","Potential","Ricochet","Spin","TimeWarp","Potential","FastForward","Deny+1","ShatteredReality","FloweringNight","Potential","Revamp","Rearm"],"relics":["Uniform","infinitespire:Beetle Shell","StuffTheSpire:TintedRock","Replay:Wax Seal","Replay:Bottled Steam"],"acts_visited":["Exordium"],"potions_floor_usage":[14,16,16],"damage_taken":[{"damage":2,"enemies":"Small Slimes","floor":1,"turns":4},{"damage":1,"enemies":"Cultist","floor":2,"turns":4},{"damage":2,"enemies":"2 Louse","floor":3,"turns":3},{"damage":2,"enemies":"Exordium Wildlife","floor":4,"turns":3},{"damage":0,"enemies":"Large Slime","floor":5,"turns":4},{"damage":20,"enemies":"Gremlin Nob","floor":6,"turns":4},{"damage":0,"enemies":"3 Louse","floor":10,"turns":1},{"damage":14,"enemies":"Lagavulin","floor":13,"turns":4},{"damage":6,"enemies":"Exordium Thugs","floor":14,"turns":4},{"damage":42,"enemies":"The Guardian","floor":16,"turns":4}],"seed_played":"221188356693818992","potions_obtained":[{"floor":2,"key":"SpeedPotion"},{"floor":6,"key":"BlessingOfTheForge"},{"floor":10,"key":"GamblersBrew"},{"floor":13,"key":"Dexterity Potion"}],"is_trial":false,"path_per_floor":["M","M","M","M","M","E","$","?","T","M","$","R","E","M","R","B"],"character_chosen":"THE_SERVANT","items_purchased":["Deny","ShatteredReality","Potential"],"campfire_rested":1,"item_purchase_floors":[7,7,11],"current_hp_per_floor":[63,62,60,58,58,38,38,38,38,38,38,57,43,37,37,0,0],"gold":147,"neow_bonus":"RANDOM_COLORLESS","is_daily":false,"chose_seed":false,"campfire_upgraded":0,"win_rate":0.0,"timestamp":1614460921,"path_taken":["M","M","M","M","M","E","$","?","T","M","?","R","E","M","R","BOSS"],"items_purchased_type":["Card","Card","Card"],"build_version":"2020-12-22","purchased_purges":0,"victory":false,"max_hp_per_floor":[65,65,65,65,65,65,65,65,65,65,65,65,65,65,65,65,65],"card_choices":[{"not_picked":["Flash of Steel","Jack Of All Trades"],"picked":"Dark Shackles","floor":0},{"not_picked":["Unruled","Defy"],"picked":"Potential","floor":1},{"not_picked":["Manipulate","Collapse"],"picked":"Ricochet","floor":2},{"not_picked":["BottledTime","ShatteredReality"],"picked":"Spin","floor":3},{"not_picked":["Defy","Alleviate"],"picked":"TimeWarp","floor":4},{"not_picked":["StarChef","FastForward"],"picked":"Potential","floor":5},{"not_picked":["RealityMarble","Desolation"],"picked":"FastForward","floor":6},{"not_picked":["Snipe","Gouge"],"picked":"FloweringNight","floor":10},{"not_picked":["Replace","Unruled"],"picked":"Revamp","floor":13},{"not_picked":["Collapse","Snipe"],"picked":"Rearm","floor":14}],"player_experience":42933,"relics_obtained":[{"floor":6,"key":"infinitespire:Beetle Shell"},{"floor":9,"key":"StuffTheSpire:TintedRock"},{"floor":13,"key":"Replay:Wax Seal"},{"floor":15,"key":"Replay:Bottled Steam"}],"event_choices":[{"damage_healed":0,"gold_gain":0,"player_choice":"Upgraded","damage_taken":0,"max_hp_gain":0,"max_hp_loss":0,"event_name":"Upgrade Shrine","floor":8,"gold_loss":0,"cards_upgraded":["Deny"]}],"is_beta":false,"boss_relics":[],"items_purged_floors":[],"is_endless":false,"potions_floor_spawned":[2,6,10,13],"killed_by":"The Guardian","ascension_level":1}}