{"host":"jbj9vjxoxc0v9q6j","time":1614398032,"event":{"mods":["BaseMod","Downfall","Infinite Spire","Minty Spire (QoL Compilation)","Shop Mod","StSLib","The Disciple","The Runesmith"],"gold_per_floor":[99,109,109,109,127,127,127,142,152,152,162,190,100,100,120,120,120,120],"floor_reached":16,"language":"ENG","playtime":1723,"items_purged":["bronze:Strike"],"score":102,"play_id":"5fd3878b-4dc1-4015-9660-519a9686adce","local_time":"20210226225352","is_ascension_mode":false,"campfire_choices":[{"data":"bronze:Goto","floor":1,"key":"SMITH"},{"data":"bronze:Iterate","floor":6,"key":"SMITH"},{"data":"bronze:Philosophize","floor":10,"key":"SMITH"}],"circlet_count":0,"master_deck":["bronze:Strike","bronze:Strike","bronze:Defend","bronze:Defend","bronze:Defend","bronze:Replicate","bronze:Goto+1","bronze:Iterate+1","Defend_B","bronze:FineTuning","bronze:FineTuning","bronze:Philosophize+1","bronze:Iterate","bronze:BronzeOrb","bronze:WhirlingStrike"],"relics":["bronze:BronzeCore","Calipers","Blue Candle","bronze:BottledCode"],"acts_visited":["Exordium"],"potions_floor_usage":[12,16,16,16],"damage_taken":[{"damage":5,"enemies":"Jaw Worm","floor":2,"turns":5},{"damage":2,"enemies":"Small Slimes","floor":5,"turns":3},{"damage":1,"enemies":"Cultist","floor":8,"turns":3},{"damage":18,"enemies":"Gremlin Gang","floor":9,"turns":5},{"damage":6,"enemies":"Red Slaver","floor":11,"turns":3},{"damage":8,"enemies":"Gremlin Nob","floor":12,"turns":3},{"damage":5,"enemies":"downfall:FleeingMerchant","floor":13,"turns":4},{"damage":9,"enemies":"3 Louse","floor":15,"turns":3},{"damage":32,"enemies":"IC_STATUS_ARCHETYPE","floor":16,"turns":4}],"seed_played":"-5933264796457695038","potions_obtained":[{"floor":5,"key":"DuplicationPotion"},{"floor":9,"key":"SneckoOil"},{"floor":11,"key":"Weak Potion"},{"floor":15,"key":"LiquidBronze"}],"is_trial":false,"path_per_floor":["R","M","?","?","M","R","T","M","M","R","M","E","$","?","M","B"],"character_chosen":"THE_AUTOMATON","items_purchased":[],"campfire_rested":0,"item_purchase_floors":[],"current_hp_per_floor":[77,72,72,72,70,70,70,69,51,51,45,37,32,32,23,0,0,0],"gold":120,"neow_bonus":"TEN_PERCENT_HP_BONUS","is_daily":false,"chose_seed":false,"campfire_upgraded":3,"win_rate":0.0,"timestamp":1614398032,"path_taken":["R","M","?","?","?","R","T","M","?","R","M","E","?","?","M","BOSS"],"items_purchased_type":[],"build_version":"2020-12-22","purchased_purges":1,"victory":false,"max_hp_per_floor":[77,77,77,77,77,77,77,77,77,77,77,77,77,67,67,67,67,67],"card_choices":[{"not_picked":["bronze:CloningBeam","bronze:BuggyMess"],"picked":"bronze:Iterate","floor":2},{"not_picked":["bronze:ClassDefault","bronze:Iterate"],"picked":"bronze:FineTuning","floor":5},{"not_picked":["bronze:Invalidate","bronze:DarkDash"],"picked":"bronze:FineTuning","floor":8},{"not_picked":["bronze:OilSpill","bronze:ItsAFeature"],"picked":"bronze:Philosophize","floor":9},{"not_picked":["bronze:ChildClass","bronze:Deprecate"],"picked":"bronze:Iterate","floor":11},{"not_picked":["bronze:ThunderWave","bronze:Fortify"],"picked":"bronze:BronzeOrb","floor":12},{"not_picked":["bronze:Iterate","bronze:Invalidate","bronze:NullPointer"],"picked":"SKIP","floor":13},{"not_picked":["bronze:Invalidate","bronze:Shield"],"picked":"bronze:WhirlingStrike","floor":15}],"player_experience":2094675,"relics_obtained":[{"floor":7,"key":"Calipers"},{"floor":12,"key":"Blue Candle"}],"event_choices":[{"cards_removed":["bronze:Defend"],"damage_healed":0,"gold_gain":0,"player_choice":"Took Card","damage_taken":0,"max_hp_gain":0,"max_hp_loss":0,"event_name":"NoteForYourself","floor":4,"gold_loss":0,"cards_obtained":["Defend_B"]}],"is_beta":false,"boss_relics":[],"items_purged_floors":[13],"is_endless":false,"potions_floor_spawned":[5,9,11,15],"killed_by":"IC_STATUS_ARCHETYPE","ascension_level":0}}