{"host":"313mh4uoe5sucao3","time":1614423233,"event":{"mods":["BaseMod","Dota2Spire","Downfall","Good Game Mod","Hero for Fun","LagranYue(拉格朗・月)","Minty Spire (QoL Compilation)","Quick Restart","Reimu（博丽灵梦）","Remilia（蕾米莉亚）","Ryuuou龙王","Shop Mod","Spicy Shops","StSLib","Td1madao Mod","The Bladedancer","The Invoker Mod","UnlockEverythingMod","WarShipGirlsR/战舰少女R mod","[IsaacMod]以撒尖塔","noobMod"],"gold_per_floor":[110,110,35,48,69,103,103,139,139,163,111,111,111,146,146,263,263,277,277,290,140,201,309,309,351,351],"floor_reached":25,"language":"ZHS","playtime":1868,"items_purged":["Injury"],"score":303,"play_id":"24a36a1f-28e5-43ba-80c5-ee82c1cd975d","local_time":"20210227185353","is_ascension_mode":true,"campfire_choices":[{"data":"EpicFetus","floor":12.0,"key":"SMITH"},{"floor":15.0,"key":"REST"},{"floor":24,"key":"RECALL"}],"circlet_count":0,"master_deck":["blademaster:Strike","blademaster:Strike","blademaster:Strike","blademaster:Defend","blademaster:Defend","blademaster:Defend","blademaster:Defend","blademaster:RagingBlow","blademaster:HighVoltage","EpicFetus+1","Demon Form+1","blademaster:Safeguard","blademaster:BladeDance","blademaster:AspectOfLightning","blademaster:Stability","blademaster:AspectOfWind","blademaster:Safeguard","Apotheosis","blademaster:Flurry","blademaster:Quickness"],"relics":["blademaster:DancersAmulet","REME:ComplimentaryCards","HushsDoor","ice","LagranYue:RandomDrawCardRelic","GuppysTail","Golden Idol","Prayer Wheel","Blue Candle","Anchor","TuHaoJin","LagranYue:ContractPerformanceRelic","SalivaCoin","Tiny Chest"],"acts_visited":["Exordium","TheCity"],"potions_floor_usage":[23,23],"damage_taken":[{"damage":2.0,"enemies":"2 Louse","floor":1.0,"turns":4.0},{"damage":0.0,"enemies":"Small Slimes","floor":4.0,"turns":3.0},{"damage":0.0,"enemies":"Jaw Worm","floor":5.0,"turns":3.0},{"damage":20.0,"enemies":"Gremlin Nob","floor":6.0,"turns":4.0},{"damage":11.0,"enemies":"Lagavulin","floor":8.0,"turns":7.0},{"damage":0.0,"enemies":"2 Fungi Beasts","floor":10.0,"turns":4.0},{"damage":36.0,"enemies":"3 Sentries","floor":14.0,"turns":8.0},{"damage":0.0,"enemies":"Slime Boss","floor":16.0,"turns":6.0},{"damage":7.0,"enemies":"Spheric Guardian","floor":18.0,"turns":5.0},{"damage":11.0,"enemies":"Shell Parasite","floor":20.0,"turns":5.0},{"damage":6,"enemies":"Snake Plant","floor":22,"turns":5},{"damage":23,"enemies":"Book of Stabbing","floor":23,"turns":5},{"damage":31,"enemies":"Slavers","floor":25,"turns":3}],"seed_played":"3902946290610506442","potions_obtained":[{"floor":1.0,"key":"GamblersBrew"},{"floor":5.0,"key":"PowerPotion"},{"floor":10.0,"key":"champ:CounterPotion"},{"floor":14.0,"key":"SmokeBomb"},{"floor":22,"key":"Explosive Potion"}],"is_trial":false,"path_per_floor":["M","?","$","M","M","E","?","E","T","M","$","R","?","E","R","B",null,"M","?","M","$","M","E","R","E"],"character_chosen":"THE_BLADEMASTER","items_purchased":["blademaster:Safeguard","Apotheosis","SalivaCoin"],"campfire_rested":1,"item_purchase_floors":[11,17,21],"current_hp_per_floor":[80,80,80,80,80,60,55,44,44,44,44,44,44,8,32,32,78,71,71,60,60,54,31,31,0,0],"gold":351,"neow_bonus":"TEN_PERCENT_HP_BONUS","is_daily":false,"chose_seed":false,"campfire_upgraded":1,"win_rate":0.0,"timestamp":1614423233,"path_taken":["M","?","$","M","M","E","?","E","T","M","$","R","?","E","R","BOSS","M","?","?","$","M","E","R","E"],"items_purchased_type":["Card","Card","Relic"],"build_version":"2020-12-22","purchased_purges":1,"victory":false,"max_hp_per_floor":[82,82,82,82,82,82,82,82,82,82,82,82,82,82,82,82,78,78,78,78,78,78,78,78,78,78],"card_choices":[{"not_picked":[],"picked":"EpicFetus","floor":0.0},{"not_picked":["blademaster:CombatPrep","blademaster:ThunderingOpener"],"picked":"blademaster:Safeguard","floor":1.0},{"not_picked":["blademaster:BloodyBlow","blademaster:SlyStabs"],"picked":"blademaster:BladeDance","floor":4.0},{"not_picked":["blademaster:DragonStrike","blademaster:Momentum","blademaster:Overcharge"],"picked":"SKIP","floor":5.0},{"not_picked":["blademaster:CombatPrep","blademaster:Safeguard"],"picked":"blademaster:AspectOfLightning","floor":6.0},{"not_picked":["blademaster:EyeOfTheStorm","blademaster:DaggerAndCloak"],"picked":"blademaster:Stability","floor":8.0},{"not_picked":["blademaster:ColdBlood","blademaster:AwakeningDefend"],"picked":"blademaster:AspectOfWind","floor":10.0},{"not_picked":["blademaster:Thrust","blademaster:AwakeningDefend","blademaster:Blockade"],"picked":"SKIP","floor":10.0},{"not_picked":["blademaster:Cut","blademaster:Rupture","blademaster:DeadlyDance"],"picked":"SKIP","floor":14.0},{"not_picked":["blademaster:ParryingStrike","blademaster:LeechingStrike+1","blademaster:Bloodbath"],"picked":"SKIP","floor":18.0},{"not_picked":["blademaster:Slice+1","blademaster:Gust+1","blademaster:EyeOfTheStorm+1"],"picked":"SKIP","floor":18.0},{"not_picked":["blademaster:AspectOfWind","blademaster:FuriousStrike"],"picked":"blademaster:Flurry","floor":20.0},{"not_picked":["blademaster:Quickstep","blademaster:SlyStabs","blademaster:ThunderingOpener"],"picked":"SKIP","floor":20.0},{"not_picked":["blademaster:Sharpen","blademaster:BladeCross+1"],"picked":"blademaster:Quickness","floor":22},{"not_picked":["blademaster:Stormstrike","blademaster:DragonStrike","blademaster:LightningCrash"],"picked":"SKIP","floor":22},{"not_picked":["blademaster:AspectOfLightning","blademaster:DeadlyDance+1","blademaster:Sunder"],"picked":"SKIP","floor":23}],"player_experience":88201,"relics_obtained":[{"floor":6.0,"key":"Prayer Wheel"},{"floor":6.0,"key":"blademaster:BonusFuryPerk"},{"floor":8.0,"key":"Anchor"},{"floor":8.0,"key":"blademaster:DextrousPerk"},{"floor":14.0,"key":"TuHaoJin"},{"floor":14.0,"key":"blademaster:StrongPerk"},{"floor":23,"key":"Tiny Chest"},{"floor":23,"key":"blademaster:StanceHealPerk"}],"event_choices":[{"damage_healed":0.0,"max_hp_gain":0.0,"max_hp_loss":0.0,"gold_gain":0.0,"event_name":"Golden Idol","player_choice":"Take Wound","floor":2.0,"gold_loss":0.0,"damage_taken":0.0,"relics_obtained":["Golden Idol"],"cards_obtained":["Injury"]},{"damage_healed":0.0,"max_hp_gain":0.0,"max_hp_loss":0.0,"gold_gain":0.0,"event_name":"Living Wall","player_choice":"Grow","floor":13.0,"gold_loss":0.0,"damage_taken":0.0,"cards_upgraded":["Demon Form"]},{"cards_removed":["blademaster:Strike"],"damage_healed":0.0,"max_hp_gain":0.0,"max_hp_loss":0.0,"gold_gain":0.0,"event_name":"Back to Basics","player_choice":"Elegance","floor":19.0,"gold_loss":0.0,"damage_taken":0.0}],"is_beta":false,"boss_relics":[{"not_picked":["Empty Cage","Runic Dome"],"picked":"LagranYue:ContractPerformanceRelic"},{"not_picked":[]}],"items_purged_floors":[3],"is_endless":false,"potions_floor_spawned":[1,5,10,14,20,22],"killed_by":"Slavers","ascension_level":1}}