{"host":"rmsq46plbpwfbxcc","time":1614437031,"event":{"mods":["AchievementEnabler","BaseMod","Colored Map","Colored Powertips","DeckTracker","KOR Keyword Fix","Minty Spire (QoL Compilation)","Permanent Neow","Quick Restart","SuperFastMode"],"gold_per_floor":[116,116,128,144,157,157,157,157,183,195,242,7,21,50,50,123,123,140,0,11,11,27,27,58,58,58,105,105,105,105,105,105],"floor_reached":31,"language":"KOR","playtime":944,"items_purged":["Pain","Defend_G"],"score":622,"play_id":"72d60707-9f56-4ebc-9a28-860a906cf782","local_time":"20210227234351","is_ascension_mode":true,"campfire_choices":[{"data":"Neutralize","floor":6,"key":"SMITH"},{"data":"Backflip","floor":8,"key":"SMITH"},{"data":"Escape Plan","floor":10,"key":"SMITH"},{"data":"Terror","floor":15,"key":"SMITH"},{"data":"Well Laid Plans","floor":23,"key":"SMITH"},{"floor":28,"key":"REST"},{"data":"Blade Dance","floor":30,"key":"SMITH"}],"circlet_count":0,"master_deck":["AscendersBane","Strike_G","Strike_G","Defend_G","Defend_G","Survivor","Neutralize+1","Sucker Punch+1","Poisoned Stab+1","Prepared+1","Escape Plan+1","Backflip+1","Terror+1","Escape Plan","PiercingWail","Grand Finale","Escape Plan","Well Laid Plans+1","Blade Dance+1","Night Terror","Accuracy"],"relics":["Astrolabe","WarpedTongs","MawBank","Tiny Chest","PreservedInsect","Tingsha","HoveringKite","Molten Egg 2","The Specimen","Ancient Tea Set"],"acts_visited":["Exordium","TheCity"],"potions_floor_usage":[4,20,22],"damage_taken":[{"damage":1,"enemies":"Jaw Worm","floor":1,"turns":3},{"damage":1,"enemies":"Cultist","floor":3,"turns":3},{"damage":2,"enemies":"2 Louse","floor":4,"turns":1},{"damage":17,"enemies":"Lots of Slimes","floor":5,"turns":7},{"damage":20,"enemies":"3 Sentries","floor":11,"turns":10},{"damage":7,"enemies":"Exordium Wildlife","floor":13,"turns":5},{"damage":0,"enemies":"Lagavulin","floor":14,"turns":6},{"damage":0,"enemies":"Hexaghost","floor":16,"turns":11},{"damage":11,"enemies":"Shell Parasite","floor":18,"turns":5},{"damage":3,"enemies":"2 Thieves","floor":20,"turns":2},{"damage":0,"enemies":"Snake Plant","floor":22,"turns":4},{"damage":20,"enemies":"Book of Stabbing","floor":24,"turns":4},{"damage":19,"enemies":"Sentry and Sphere","floor":31,"turns":3}],"seed_played":"-3480755686425179129","potions_obtained":[{"floor":1,"key":"Explosive Potion"},{"floor":4,"key":"Weak Potion"},{"floor":13,"key":"Block Potion"},{"floor":14,"key":"DistilledChaos"},{"floor":22,"key":"LiquidBronze"},{"floor":24,"key":"GamblersBrew"}],"is_trial":false,"path_per_floor":["M","?","M","M","M","R","?","R","T","R","E","$","M","E","R","B",null,"M","$","M","?","M","R","E","?","T","T","R","?","R","M"],"character_chosen":"THE_SILENT","items_purchased":["PreservedInsect","Well Laid Plans"],"campfire_rested":1,"item_purchase_floors":[12,19],"current_hp_per_floor":[58,58,57,55,38,38,34,34,34,34,14,14,7,7,7,7,51,40,40,37,37,37,37,17,17,17,17,36,18,18,0,0],"gold":105,"neow_bonus":"BOSS_RELIC","is_daily":false,"chose_seed":false,"campfire_upgraded":6,"win_rate":0.0,"timestamp":1614437031,"path_taken":["M","?","?","M","M","R","?","R","T","R","E","$","M","E","R","BOSS","M","?","M","?","M","R","E","?","T","?","R","?","R","M"],"items_purchased_type":["Relic","Card"],"build_version":"2020-12-22","purchased_purges":2,"victory":false,"max_hp_per_floor":[66,66,66,66,66,66,66,66,66,66,66,66,66,66,66,66,66,66,66,66,66,66,66,66,66,66,66,66,71,71,71,71],"card_choices":[{"not_picked":["Underhanded Strike","Flechettes"],"picked":"Escape Plan","floor":1},{"not_picked":["Quick Slash","Caltrops","Calculated Gamble"],"picked":"SKIP","floor":3},{"not_picked":["Poisoned Stab","Distraction","Slice"],"picked":"SKIP","floor":4},{"not_picked":["Infinite Blades","Deflect"],"picked":"Backflip","floor":5},{"not_picked":["Concentrate","Dodge and Roll"],"picked":"Terror","floor":11},{"not_picked":["Bane","Backflip"],"picked":"Escape Plan","floor":13},{"not_picked":["Backflip","Riddle With Holes"],"picked":"PiercingWail","floor":14},{"not_picked":["Tools of the Trade","Adrenaline"],"picked":"Grand Finale","floor":16},{"not_picked":["Distraction","Dagger Spray"],"picked":"Escape Plan","floor":18},{"not_picked":["Riddle With Holes","Blade Dance","Terror"],"picked":"SKIP","floor":20},{"not_picked":["Quick Slash","Bane+1","Poisoned Stab"],"picked":"SKIP","floor":22},{"not_picked":["PiercingWail","Infinite Blades"],"picked":"Accuracy","floor":24}],"player_experience":674082,"relics_obtained":[{"floor":9,"key":"MawBank"},{"floor":11,"key":"Tiny Chest"},{"floor":14,"key":"Tingsha"},{"floor":24,"key":"Molten Egg 2"},{"floor":26,"key":"The Specimen"},{"floor":27,"key":"Ancient Tea Set"}],"event_choices":[{"damage_healed":0,"gold_gain":0,"player_choice":"Rummage","damage_taken":0,"relics_obtained":["WarpedTongs"],"max_hp_gain":0,"max_hp_loss":0,"event_name":"Accursed Blacksmith","floor":2,"gold_loss":0,"cards_obtained":["Pain"]},{"damage_healed":0,"gold_gain":0,"player_choice":"Bought 0 Potions","damage_taken":0,"max_hp_gain":0,"max_hp_loss":0,"event_name":"The Woman in Blue","floor":7,"gold_loss":0},{"damage_healed":0,"gold_gain":0,"cards_transformed":["Strike_G","Defend_G"],"player_choice":"Became Test Subject","damage_taken":0,"max_hp_gain":0,"max_hp_loss":0,"event_name":"Drug Dealer","floor":21,"gold_loss":0,"cards_obtained":["Blade Dance","Night Terror"]},{"damage_healed":0,"gold_gain":0,"player_choice":"Shed Blood","damage_taken":23,"max_hp_gain":5,"max_hp_loss":0,"event_name":"Forgotten Altar","floor":29,"gold_loss":0}],"is_beta":false,"boss_relics":[{"not_picked":["Sozu","Calling Bell"],"picked":"HoveringKite"}],"items_purged_floors":[12,19],"is_endless":false,"potions_floor_spawned":[1,4,13,14,22,24],"killed_by":"Sentry and Sphere","ascension_level":17}}