{"host":"htqwg582tjjtn9p7","time":1614459247,"event":{"mods":["2.2 Compatiblity","AchievementEnabler","Act Like it!","Aspiration","BaseMod","Better Third Choice","Colored Map","Conspire","Curses Come First","Displayed Cursed Tome","Energized Spire","Force Act Four","Fox Events","GifTheSpireLib","Hermit","Highlight Path","JesterMod","Mad Scientist","Minty Spire (QoL Compilation)","Pale of the Ancients","Permanent Neow","Random Character Button","Relic Stats","Reliquary","Replay The Spire","Robot Space Explorer","Ruina","Somnambulant","Spicy Shops","Spikes Relics","StSLib","Stuff the Spire","The Blue Laboratory","The Bug Knight","The Forsaken","The Gatherer","The Judge","The Jungle","The Marked","The Runesmith","The Servant 0.9.4","Uncapped"],"gold_per_floor":[113,123,138,150,169,169,17,17,17,17,28,56,67,67,67,145,145,158,182,11,22,22,22,33,33,33,33,33,33],"floor_reached":28,"language":"ENG","playtime":1532,"items_purged":["Strike_G","Pain"],"score":385,"play_id":"a4edb5ac-0a69-4f05-8201-8687a586e18e","local_time":"20210227215407","is_ascension_mode":true,"campfire_choices":[{"data":"Cloak And Dagger","floor":6,"key":"SMITH"},{"data":"Envenom","floor":8,"key":"SMITH"},{"data":"Neutralize","floor":10,"key":"SMITH"},{"floor":15,"key":"REST"},{"data":"ReplayTheSpireMod:Scrap Shanks","floor":23,"key":"SMITH"},{"data":"Prepared","floor":25,"key":"SMITH"}],"circlet_count":0,"master_deck":["AscendersBane","Survivor","Neutralize+1","Replay:Bag of Tricks","Poisoned Stab","StuffTheSpire:DoubleShiv","Deflect","Poisoned Stab","Cloak And Dagger+1","Envenom+1","ReplayTheSpireMod:Scrap Shanks+1","Prepared+1","Leg Sweep","Unload","Deadly Poison","ReplayTheSpireMod:From All Sides","Reflex","Burst","Outmaneuver","Grand Finale","Replay:Poison Smokescreen","ReplayTheSpireMod:Tripwire","Poisoned Stab","Finisher","Backflip","Accuracy","Backflip","Ghostly","Ghostly","Ghostly"],"relics":["Peace Pipe","Thread and Needle","Sizzling Blood","Pandora\u0027s Box","Replay:Towering Pillar of Hats","Frozen Egg 2"],"acts_visited":["Exordium","TheCity"],"potions_floor_usage":[16,16,21,28],"damage_taken":[{"damage":0,"enemies":"Cultist","floor":1,"turns":4},{"damage":1,"enemies":"2 Louse","floor":2,"turns":2},{"damage":0,"enemies":"Small Slimes","floor":3,"turns":2},{"damage":1,"enemies":"Exordium Thugs","floor":4,"turns":6},{"damage":4,"enemies":"Blue Slaver","floor":5,"turns":3},{"damage":0,"enemies":"Looter","floor":11,"turns":2},{"damage":13,"enemies":"Lagavulin","floor":12,"turns":7},{"damage":3,"enemies":"Large Slime","floor":13,"turns":5},{"damage":21,"enemies":"Fading Forest","floor":16,"turns":11},{"damage":4,"enemies":"Spheric Guardian","floor":18,"turns":7},{"damage":0,"enemies":"Shell Parasite","floor":21,"turns":5},{"damage":18,"enemies":"Snake Plant","floor":24,"turns":4},{"damage":33,"enemies":"Slavers","floor":28,"turns":2}],"seed_played":"-134191305763145691","potions_obtained":[{"floor":3,"key":"blueLaboratory:AbyssPotion"},{"floor":12,"key":"blueLaboratory:ArtistsPotion"},{"floor":13,"key":"Regen Potion"},{"floor":16,"key":"LifebloodPotion"},{"floor":21,"key":"Doom Potion"},{"floor":24,"key":"CunningPotion"}],"is_trial":false,"path_per_floor":["M","M","M","M","M","R","$","R","T","R","M","E","M","?","R","B",null,"M","?","$","M","?","R","M","R","T","?","E"],"character_chosen":"THE_SILENT","items_purchased":["Envenom","Accuracy"],"campfire_rested":1,"item_purchase_floors":[7,20],"current_hp_per_floor":[59,58,58,57,53,53,53,53,53,53,53,40,37,41,60,56,62,62,62,62,64,55,55,41,41,41,32,0,0],"gold":33,"neow_bonus":"THREE_RARE_CARDS","is_daily":false,"chose_seed":false,"campfire_upgraded":5,"win_rate":0.0,"timestamp":1614459247,"path_taken":["M","M","?","M","M","R","$","R","T","R","M","E","M","?","R","BOSS","M","?","$","M","?","R","?","R","T","?","E"],"items_purchased_type":["Card","Card"],"build_version":"2020-12-22","purchased_purges":2,"victory":false,"max_hp_per_floor":[60,60,60,60,60,60,60,60,60,60,60,60,60,64,64,64,64,64,64,64,64,64,64,64,64,64,32,32,32],"relic_stats":{"Peace Pipe":0,"counters":[13,60],"Pandora\u0027s Box":["Deadly Poison","ReplayTheSpireMod:From All Sides","Reflex","Burst","Outmaneuver","Grand Finale","Replay:Poison Smokescreen","ReplayTheSpireMod:Tripwire","Poisoned Stab"],"obtain_stats":[{"Peace Pipe":9,"Replay:Towering Pillar of Hats":19,"Thread and Needle":12,"Pandora\u0027s Box":17,"Sizzling Blood":14,"Frozen Egg 2":26,"Ring of the Snake":0},{"Peace Pipe":5,"Replay:Towering Pillar of Hats":10,"Thread and Needle":7,"Pandora\u0027s Box":9,"Sizzling Blood":8,"Frozen Egg 2":12,"Ring of the Snake":0},{"Peace Pipe":17,"Replay:Towering Pillar of Hats":49,"Thread and Needle":26,"Pandora\u0027s Box":42,"Sizzling Blood":31,"Frozen Egg 2":58,"Ring of the Snake":0}]},"card_choices":[{"not_picked":["ReplayTheSpireMod:Necrosis","Tools of the Trade"],"picked":"Replay:Bag of Tricks","floor":0},{"not_picked":["StuffTheSpire:Shiver","Acrobatics"],"picked":"Poisoned Stab","floor":1},{"not_picked":["Terror","StuffTheSpire:BumpUp"],"picked":"StuffTheSpire:DoubleShiv","floor":2},{"not_picked":["Slice","StuffTheSpire:Python"],"picked":"Deflect","floor":3},{"not_picked":["Escape Plan","Leg Sweep"],"picked":"Poisoned Stab","floor":4},{"not_picked":["Quick Slash","Predator"],"picked":"Cloak And Dagger","floor":5},{"not_picked":["Storm of Steel","Deflect"],"picked":"ReplayTheSpireMod:Scrap Shanks","floor":11},{"not_picked":["Caltrops","StuffTheSpire:BumpUp"],"picked":"Prepared","floor":12},{"not_picked":["Underhanded Strike","ReplayTheSpireMod:Speed Training"],"picked":"Leg Sweep","floor":13},{"not_picked":["Poison Darts","Atom Bomb"],"picked":"Unload","floor":16},{"not_picked":["Terror","Choke"],"picked":"Finisher","floor":18},{"not_picked":["Flying Knee+1","InfectiousVector"],"picked":"Backflip","floor":19},{"not_picked":["StuffTheSpire:BumpUp","Hidden Blade+1","Masterful Stab"],"picked":"SKIP","floor":21},{"not_picked":["ReplayTheSpireMod:Tripwire","Dagger Spray"],"picked":"Backflip","floor":24}],"player_experience":2091015,"relics_obtained":[{"floor":9,"key":"Peace Pipe"},{"floor":12,"key":"Thread and Needle"},{"floor":19,"key":"Replay:Towering Pillar of Hats"},{"floor":26,"key":"Frozen Egg 2"}],"event_choices":[{"damage_healed":0,"gold_gain":0,"player_choice":"Damaged","damage_taken":9,"max_hp_gain":0,"max_hp_loss":0,"event_name":"Wheel of Change","floor":22,"gold_loss":0},{"damage_healed":0,"gold_gain":0,"player_choice":"Became a Ghost","damage_taken":0,"max_hp_gain":0,"max_hp_loss":32,"event_name":"Ghosts","floor":27,"gold_loss":0,"cards_obtained":["Ghostly","Ghostly","Ghostly"]}],"is_beta":false,"boss_relics":[{"not_picked":["energizedSpire:CursedPentagram","theForsaken:PaleLantern"],"picked":"Pandora\u0027s Box"}],"items_purged_floors":[7,20],"is_endless":false,"potions_floor_spawned":[3,12,13,16,21,24],"killed_by":"Slavers","ascension_level":15}}