{"host":"l4r9l8cq5shl803l","time":1614390548,"event":{"mods":["AchievementEnabler","Act Like it!","Aspiration","BaseMod","Colored Map","Colored Powertips","Downfall","Hallownest","Hermit","Hubris","Minty Spire (QoL Compilation)","Rare Cards Sparkle","Reliquary","Replay The Spire","Ruina","StSLib","The Bug Knight","The Construct","The Cursed","The Necromancer","everything is the same but u backflip on backflip"],"gold_per_floor":[109,109,119,44,44,77,77,77,77,104,104,116,16,43,43,145,145,163,163,182,4,4,37,37,68,118,118,118,118,118,118,40,72,72,167,167,178,191,205,205],"floor_reached":39,"language":"ENG","playtime":3787,"items_purged":["Tactician","hermit:Strike_Hermit"],"score":493,"play_id":"46c3c83a-0b4b-4937-bf2c-60f0563e7d8f","local_time":"20210226184908","is_ascension_mode":true,"campfire_choices":[{"data":"Replay:Bag of Tricks","floor":11.0,"key":"SMITH"},{"data":"hermit:Adapt","floor":15.0,"key":"SMITH"},{"data":"hermit:FromBeyond","floor":27,"key":"SMITH"},{"data":"hermit:Determination","floor":30,"key":"SMITH"},{"data":"hermit:Snapshot","floor":34,"key":"SMITH"}],"circlet_count":0,"master_deck":["hermit:Strike_Hermit","hermit:Defend_Hermit","hermit:Snapshot+1","hermit:Covet","hermit:Adapt+1","hermit:Manifest+1","Slice","Replay:Bag of Tricks+1","hermit:Dive","hermit:Deadeye","hermit:TakeAim","hermit:FlashPowder","hermit:ItchyTrigger","hermit:FromBeyond+1","hermit:Malice+1","hermit:PistolWhip+1","hermit:Determination+1","hermit:Desperado+1","hermit:EyeOfTheStorm+1","hermit:Ricochet","hermit:CursedWeapon","hermit:ShadowCloak","hermit:BigShot","hermit:FatalDesire","hermit:Glare+1","hermit:Scavenge+1"],"relics":["hermit:Momento","Juzu Bracelet","Hallownest:DreamNailRelic","aspiration:FrozenJewel","Replay:Accelerometer","hubris:GlazedTorus","hermit:BartenderGlass","hermit:RyeStalk","Replay:Bottled Steam","hubris:Icosahedron","reliquary:ExpiredCoupon","Philosopher\u0027s Stone"],"acts_visited":["Hallownest:Greenpath","Hallownest:CityofTears","Hallownest:KingdomsEdge"],"potions_floor_usage":[25,25,25,33,33,35,35,35,37,38,38,39,39,39,39,39,39],"damage_taken":[{"damage":0.0,"enemies":"Hallownest:2_MossCreeps","floor":1.0,"turns":5.0},{"damage":2.0,"enemies":"2_ Uuma","floor":3.0,"turns":4.0},{"damage":10.0,"enemies":"Hallownest:eliteMossKnight","floor":6.0,"turns":8.0},{"damage":0.0,"enemies":"Hallownest:eliteVengeflyKing","floor":10.0,"turns":7.0},{"damage":0.0,"enemies":"Hallownest:monsterHuskWarrior","floor":12.0,"turns":3.0},{"damage":4.0,"enemies":"Hallownest:eliteMossKnight","floor":14.0,"turns":7.0},{"damage":45.0,"enemies":"Hallownest:BossHornet","floor":16.0,"turns":8.0},{"damage":1.0,"enemies":"Hallownest:2_Mistakes","floor":18.0,"turns":6.0},{"damage":6.0,"enemies":"Hallownest:3_Youths","floor":20.0,"turns":7.0},{"damage":8,"enemies":"Hallownest:eliteWatcherKnight","floor":23,"turns":11},{"damage":6,"enemies":"Hallownest:eliteSoulWarrior","floor":25,"turns":4},{"damage":3,"enemies":"Hallownest:eliteWatcherKnight","floor":33,"turns":10},{"damage":39,"enemies":"Hallownest:BossGrimm","floor":35,"turns":7},{"damage":41,"enemies":"Hallownest:3_Siblings","floor":37,"turns":7},{"damage":10,"enemies":"Hallownest:2_Littles","floor":38,"turns":6},{"damage":3,"enemies":"Hallownest:2_Littles","floor":39,"turns":4},{"damage":25,"enemies":"Hallownest:2_Littles","floor":39,"turns":3},{"damage":22,"enemies":"Hallownest:2_Littles","floor":39,"turns":3}],"seed_played":"2136116017756136216","potions_obtained":[{"floor":3.0,"key":"Block Potion"},{"floor":10.0,"key":"Strength Potion"},{"floor":12.0,"key":"SpeedPotion"},{"floor":18.0,"key":"SteroidPotion"},{"floor":23,"key":"Block Potion"},{"floor":35,"key":"Weak Potion"},{"floor":37,"key":"LifebloodPotion"},{"floor":38,"key":"Fire Potion"}],"is_trial":false,"path_per_floor":["M","?","M","$","?","E","?","?","T","E","R","M","$","E","R","B",null,"M","?","M","$","?","E","?","E","T","R","PTL","PTL","R","?","$","E","R","B",null,"M","M","?"],"character_chosen":"HERMIT","items_purchased":["hermit:Determination","FairyPotion","hermit:ShadowCloak"],"campfire_rested":0,"item_purchase_floors":[21,21,32],"current_hp_per_floor":[68,68,66,66,66,56,56,56,56,56,56,56,56,52,52,7,68,67,67,61,61,61,53,53,47,47,47,47,47,47,47,47,44,44,5,68,27,17,0,0],"gold":205,"neow_bonus":"THREE_RARE_CARDS","is_daily":false,"chose_seed":false,"campfire_upgraded":5,"win_rate":0.0,"timestamp":1614390548,"path_taken":["M","?","M","?","?","E","?","?","T","E","R","M","$","E","R","BOSS","M","?","M","$","?","E","?","E","T","R","PTL","PTL","R","?","$","E","R","BOSS","M","M","?"],"items_purchased_type":["Card","Potion","Card"],"build_version":"2020-12-22","purchased_purges":2,"victory":false,"max_hp_per_floor":[68,68,68,68,68,68,68,68,68,68,68,68,68,68,68,68,68,68,68,68,68,68,68,68,68,68,68,68,68,68,68,68,68,68,68,68,68,68,68,68],"card_choices":[{"not_picked":["hermit:Dissolve","hermit:Gambit"],"picked":"hermit:Adapt","floor":0.0},{"not_picked":["hermit:Feint","hermit:BodyArmor"],"picked":"hermit:Manifest","floor":1.0},{"not_picked":["hermit:HighCaliber","hermit:Gestalt"],"picked":"hermit:Dive","floor":3.0},{"not_picked":["hermit:Dissolve","hermit:BodyArmor"],"picked":"hermit:Deadeye","floor":6.0},{"not_picked":["hermit:Roulette","hermit:Misfire"],"picked":"hermit:TakeAim","floor":10.0},{"not_picked":["hermit:Snipe","hermit:Ricochet"],"picked":"hermit:FlashPowder","floor":12.0},{"not_picked":["hermit:HighCaliber","hermit:Roulette"],"picked":"hermit:ItchyTrigger","floor":14.0},{"not_picked":["hermit:HeroicBravado","hermit:Purgatory"],"picked":"hermit:FromBeyond","floor":16.0},{"not_picked":["hermit:PistolWhip","hermit:BodyArmor"],"picked":"hermit:Malice+1","floor":18.0},{"not_picked":["hermit:Gestalt","hermit:Virtue"],"picked":"hermit:PistolWhip+1","floor":20.0},{"not_picked":["hermit:HighCaliber+1","hermit:Snipe"],"picked":"hermit:Desperado+1","floor":23},{"not_picked":["hermit:HighCaliber","hermit:DeadMansHand"],"picked":"hermit:EyeOfTheStorm+1","floor":24},{"not_picked":["hermit:Coalescence+1","hermit:Manifest"],"picked":"hermit:Ricochet","floor":24},{"not_picked":["hermit:Shortfuse","hermit:Virtue"],"picked":"hermit:CursedWeapon","floor":25},{"not_picked":["hermit:Headshot+1","hermit:Desperado"],"picked":"hermit:BigShot","floor":33},{"not_picked":["hermit:EternalForm","hermit:HeroicBravado"],"picked":"hermit:FatalDesire","floor":35},{"not_picked":["hermit:Coalescence+1","hermit:Brawl"],"picked":"hermit:Glare+1","floor":37},{"not_picked":["hermit:Misfire","hermit:BodyArmor"],"picked":"hermit:Scavenge+1","floor":38}],"player_experience":124981,"relics_obtained":[{"floor":6.0,"key":"Juzu Bracelet"},{"floor":9.0,"key":"aspiration:FrozenJewel"},{"floor":10.0,"key":"Replay:Accelerometer"},{"floor":14.0,"key":"hubris:GlazedTorus"},{"floor":23,"key":"hermit:RyeStalk"},{"floor":25,"key":"Replay:Bottled Steam"},{"floor":33,"key":"reliquary:ExpiredCoupon"}],"event_choices":[],"is_beta":false,"boss_relics":[{"not_picked":["SacredBark","aspiration:SecretTechniqueScroll"],"picked":"hermit:BartenderGlass"},{"not_picked":["reliquary:WritOfMandamus","Replay:Drink Me"],"picked":"Philosopher\u0027s Stone"}],"items_purged_floors":[4,13],"is_endless":false,"potions_floor_spawned":[3,10,12,18,23,35,37,38],"killed_by":"Hallownest:2_Littles","ascension_level":1}}