{"host":"jyt8vqv30ansoqx1","time":1614411700,"event":{"mods":["BaseMod","Colored Map","DeckTracker","Highlight Path","Minty Spire (QoL Compilation)","Relic Stats","StSLib","SuperFastMode"],"gold_per_floor":[116,130,141,106,117,148,148,180,254,264,264,297,297,372,372,448,448,462,474,77,97,22,57,57,57,57,89,18,18,18,34,34,109,109,123,1122,1122,41,41,41,71,71,71,103,103,103,135,152,152,152,152,152],"floor_reached":51,"language":"ENG","playtime":4033,"items_purged":["Venomology+1"],"score":1624,"play_id":"77176bca-8810-4380-b637-a87bf5da7096","local_time":"20210227024140","is_ascension_mode":true,"campfire_choices":[{"data":"Venomology","floor":13.0,"key":"SMITH"},{"data":"Corpse Explosion","floor":15.0,"key":"SMITH"},{"data":"Malaise","floor":24.0,"key":"SMITH"},{"data":"Tools of the Trade","floor":29.0,"key":"SMITH"},{"data":"Well Laid Plans","floor":32.0,"key":"SMITH"},{"data":"Footwork","floor":40.0,"key":"SMITH"},{"data":"Footwork","floor":42,"key":"SMITH"},{"floor":46,"key":"REST"},{"floor":49,"key":"RECALL"}],"circlet_count":0,"master_deck":["AscendersBane","Survivor","Neutralize","A Thousand Cuts","Blade Dance","Calculated Gamble","Escape Plan","Masterful Stab","Bane","Bullet Time","Dagger Throw","Deflect","Dagger Spray","Predator","Corpse Explosion+1","Backflip","PiercingWail","Terror","Malaise+1","Blur","Acrobatics","Leg Sweep","Well Laid Plans+1","Bandage Up","Blade Dance","Bouncing Flask+1","Tools of the Trade+1","Footwork+1","Calculated Gamble+1","Malaise+1","Normality","Writhe","Deflect+1","Acrobatics+1","Footwork+1","Catalyst+1","Caltrops","Well Laid Plans","Footwork","Concentrate+1","Backflip+1","Backflip+1","PiercingWail+1"],"relics":["Pandora\u0027s Box","Ninja Scroll","Ice Cream","Mercury Hourglass","Omamori","HoveringKite","Lee\u0027s Waffle","Toxic Egg 2","The Courier","MealTicket","Sozu","Du-Vu Doll","Frozen Eye","Incense Burner","Meat on the Bone","Blue Candle","Shuriken","Paper Crane"],"acts_visited":["Exordium","TheCity","TheBeyond"],"potions_floor_usage":[41],"damage_taken":[{"damage":0.0,"enemies":"2 Louse","floor":1.0,"turns":2.0},{"damage":12.0,"enemies":"Jaw Worm","floor":2.0,"turns":3.0},{"damage":2.0,"enemies":"Small Slimes","floor":3.0,"turns":3.0},{"damage":0.0,"enemies":"Exordium Wildlife","floor":5.0,"turns":1.0},{"damage":5.0,"enemies":"3 Sentries","floor":6.0,"turns":4.0},{"damage":8.0,"enemies":"Lagavulin","floor":8.0,"turns":5.0},{"damage":0.0,"enemies":"2 Fungi Beasts","floor":10.0,"turns":1.0},{"damage":0.0,"enemies":"Gremlin Nob","floor":12.0,"turns":3.0},{"damage":8.0,"enemies":"Hexaghost","floor":16.0,"turns":6.0},{"damage":8.0,"enemies":"Spheric Guardian","floor":18.0,"turns":3.0},{"damage":3.0,"enemies":"3 Byrds","floor":19.0,"turns":3.0},{"damage":10.0,"enemies":"Centurion and Healer","floor":21.0,"turns":5.0},{"damage":30.0,"enemies":"Slavers","floor":23.0,"turns":2.0},{"damage":25.0,"enemies":"Book of Stabbing","floor":27.0,"turns":5.0},{"damage":4.0,"enemies":"Cultist and Chosen","floor":31.0,"turns":4.0},{"damage":43.0,"enemies":"Automaton","floor":33.0,"turns":9.0},{"damage":9.0,"enemies":"3 Shapes","floor":35.0,"turns":5.0},{"damage":40,"enemies":"Nemesis","floor":41,"turns":5},{"damage":31,"enemies":"Reptomancer","floor":44,"turns":8},{"damage":25,"enemies":"Nemesis","floor":47,"turns":6},{"damage":0,"enemies":"Orb Walker","floor":48,"turns":3},{"damage":28,"enemies":"Donu and Deca","floor":50,"turns":10},{"damage":38,"enemies":"Time Eater","floor":51,"turns":5}],"seed_played":"-1970128867789417555","potions_obtained":[{"floor":1.0,"key":"Explosive Potion"},{"floor":5.0,"key":"Weak Potion"},{"floor":8.0,"key":"GamblersBrew"},{"floor":10.0,"key":"Fire Potion"},{"floor":18.0,"key":"Ancient Potion"},{"floor":23.0,"key":"SpeedPotion"},{"floor":33.0,"key":"PowerPotion"}],"is_trial":false,"path_per_floor":["M","M","M","?","M","E","?","E","T","M","T","E","R","?","R","B",null,"M","M","$","M","?","E","R","?","T","E","$","R","?","M","R","B",null,"M","?","?","$","?","R","E","R","T","E","?","R","E","M","R","B","B"],"character_chosen":"THE_SILENT","items_purchased":["Leg Sweep","Well Laid Plans","Lee\u0027s Waffle","Bandage Up","Footwork","Deflect+1","Acrobatics+1","Footwork","Du-Vu Doll","Frozen Eye","Catalyst+1","Incense Burner","Caltrops","Well Laid Plans","Footwork"],"campfire_rested":1,"item_purchase_floors":[20,20,20,20,28,38,38,38,38,38,38,38,38,38,38],"current_hp_per_floor":[59,47,45,61,61,56,61,53,53,53,53,53,53,42,42,34,62,54,51,78,72,72,46,46,46,46,25,40,40,40,40,40,1,59,54,54,70,78,78,78,42,42,42,27,27,50,41,41,41,29,0,0],"gold":152,"neow_bonus":"BOSS_RELIC","is_daily":false,"chose_seed":false,"campfire_upgraded":7,"win_rate":0.0,"timestamp":1614411700,"path_taken":["M","M","M","?","M","E","?","E","T","M","?","E","R","?","R","BOSS","M","M","$","M","?","E","R","?","T","E","$","R","?","M","R","BOSS","M","?","?","$","?","R","E","R","T","E","?","R","E","?","R","BOSS","BOSS"],"items_purchased_type":["Card","Card","Relic","Card","Card","Card","Card","Card","Relic","Relic","Card","Relic","Card","Card","Card"],"build_version":"2020-12-22","purchased_purges":1,"victory":false,"max_hp_per_floor":[66,66,66,66,66,66,71,71,71,71,71,71,71,71,71,71,71,71,71,78,78,78,78,78,78,78,78,78,78,78,78,78,78,78,78,78,78,78,78,78,78,78,78,78,78,78,78,78,78,78,78,78],"relic_stats":{"Sozu":3,"Lee\u0027s Waffle":27,"counters":[23,100],"Shuriken":[8],"Blue Candle":[5],"HoveringKite":[52],"Pandora\u0027s Box":["A Thousand Cuts","Blade Dance","Calculated Gamble","Escape Plan","Masterful Stab","Venomology","Masterful Stab","Bane","Flechettes","Bullet Time"],"MealTicket":23,"obtain_stats":[{"Ice Cream":8,"Lee\u0027s Waffle":20,"Blue Candle":43,"HoveringKite":17,"The Courier":26,"Omamori":12,"Incense Burner":38,"Paper Crane":47,"Mercury Hourglass":9,"Sozu":34,"Du-Vu Doll":38,"Frozen Eye":38,"Ninja Scroll":6,"Shuriken":44,"Pandora\u0027s Box":0,"MealTicket":27,"Toxic Egg 2":23,"Ring of the Snake":0,"Meat on the Bone":41},{"Ice Cream":6,"Lee\u0027s Waffle":11,"Blue Candle":18,"HoveringKite":9,"The Courier":13,"Omamori":8,"Incense Burner":17,"Paper Crane":20,"Mercury Hourglass":6,"Sozu":16,"Du-Vu Doll":17,"Frozen Eye":17,"Ninja Scroll":5,"Shuriken":19,"Pandora\u0027s Box":0,"MealTicket":14,"Toxic Egg 2":13,"Ring of the Snake":0,"Meat on the Bone":18},{"Ice Cream":18,"Lee\u0027s Waffle":34,"Blue Candle":68,"HoveringKite":28,"The Courier":41,"Omamori":22,"Incense Burner":63,"Paper Crane":82,"Mercury Hourglass":18,"Sozu":59,"Du-Vu Doll":63,"Frozen Eye":63,"Ninja Scroll":13,"Shuriken":76,"Pandora\u0027s Box":0,"MealTicket":46,"Toxic Egg 2":41,"Ring of the Snake":0,"Meat on the Bone":68}],"Mercury Hourglass":[300],"Meat on the Bone":36},"card_choices":[{"not_picked":["Sucker Punch","Acrobatics"],"picked":"Dagger Throw","floor":1.0},{"not_picked":["Catalyst","Dagger Spray"],"picked":"Deflect","floor":2.0},{"not_picked":["Bane","Deadly Poison"],"picked":"Dagger Spray","floor":3.0},{"not_picked":["Deflect","Sucker Punch"],"picked":"Predator","floor":5.0},{"not_picked":["Flying Knee","Deadly Poison"],"picked":"Corpse Explosion","floor":6.0},{"not_picked":["Dagger Throw","Dagger Spray"],"picked":"Backflip","floor":8.0},{"not_picked":["Riddle With Holes","Flying Knee"],"picked":"PiercingWail","floor":10.0},{"not_picked":["Glass Knife","Heel Hook"],"picked":"Terror","floor":12.0},{"not_picked":["Night Terror","Die Die Die"],"picked":"Malaise","floor":16.0},{"not_picked":["Blade Dance","Riddle With Holes"],"picked":"Blur","floor":18.0},{"not_picked":["Bane","Deflect"],"picked":"Acrobatics","floor":19.0},{"not_picked":["Distraction+1","Deflect"],"picked":"Blade Dance","floor":21.0},{"not_picked":["Expertise+1","Noxious Fumes"],"picked":"Bouncing Flask+1","floor":23.0},{"not_picked":["Cloak And Dagger+1","Endless Agony"],"picked":"Tools of the Trade","floor":27.0},{"not_picked":["Flechettes","Slice"],"picked":"Calculated Gamble+1","floor":31.0},{"not_picked":["Glass Knife","A Thousand Cuts"],"picked":"Malaise+1","floor":33.0},{"not_picked":["Dagger Throw","Sucker Punch+1","Infinite Blades"],"picked":"SKIP","floor":35.0},{"not_picked":["Endless Agony","Dash"],"picked":"Concentrate+1","floor":41},{"not_picked":["Expertise+1","Flechettes+1"],"picked":"Backflip+1","floor":44},{"not_picked":["Well Laid Plans","Finisher+1"],"picked":"Backflip+1","floor":47},{"not_picked":["Leg Sweep+1","Backflip+1"],"picked":"PiercingWail+1","floor":48}],"player_experience":1720599,"relics_obtained":[{"floor":6.0,"key":"Ninja Scroll"},{"floor":8.0,"key":"Ice Cream"},{"floor":9.0,"key":"Mercury Hourglass"},{"floor":12.0,"key":"Omamori"},{"floor":23.0,"key":"Toxic Egg 2"},{"floor":26.0,"key":"The Courier"},{"floor":27.0,"key":"MealTicket"},{"floor":41,"key":"Meat on the Bone"},{"floor":43,"key":"Blue Candle"},{"floor":44,"key":"Shuriken"},{"floor":47,"key":"Paper Crane"}],"event_choices":[{"damage_healed":16.0,"max_hp_gain":0.0,"max_hp_loss":0.0,"gold_gain":0.0,"event_name":"The Cleric","player_choice":"Healed","floor":4.0,"gold_loss":35.0,"damage_taken":0.0},{"damage_healed":0.0,"max_hp_gain":5.0,"max_hp_loss":0.0,"gold_gain":0.0,"event_name":"Big Fish","player_choice":"Donut","floor":7.0,"gold_loss":0.0,"damage_taken":0.0},{"damage_healed":0.0,"max_hp_gain":0.0,"max_hp_loss":0.0,"gold_gain":75.0,"event_name":"World of Goop","player_choice":"Gather Gold","floor":14.0,"gold_loss":0.0,"damage_taken":11.0},{"cards_removed":["Flechettes"],"damage_healed":0.0,"max_hp_gain":0.0,"max_hp_loss":0.0,"gold_gain":0.0,"event_name":"Beggar","player_choice":"Gave Gold","floor":22.0,"gold_loss":75.0,"damage_taken":0.0},{"damage_healed":0.0,"max_hp_gain":0.0,"max_hp_loss":0.0,"gold_gain":0.0,"event_name":"Forgotten Altar","player_choice":"Smashed Altar","floor":25.0,"gold_loss":0.0,"damage_taken":0.0,"cards_obtained":["Decay"]},{"damage_healed":0.0,"max_hp_gain":0.0,"max_hp_loss":0.0,"gold_gain":0.0,"event_name":"Cursed Tome","player_choice":"Ignored","floor":30.0,"gold_loss":0.0,"damage_taken":0.0},{"damage_healed":0.0,"max_hp_gain":0.0,"max_hp_loss":0.0,"gold_gain":999.0,"event_name":"MindBloom","player_choice":"Gold","floor":36.0,"gold_loss":0.0,"damage_taken":0.0,"cards_obtained":["Normality","Normality"]},{"damage_healed":16.0,"max_hp_gain":0.0,"max_hp_loss":0.0,"gold_gain":0.0,"event_name":"Winding Halls","player_choice":"Writhe","floor":37.0,"gold_loss":0.0,"damage_taken":0.0,"cards_obtained":["Writhe"]},{"cards_removed":["Masterful Stab"],"damage_healed":0.0,"max_hp_gain":0.0,"max_hp_loss":0.0,"gold_gain":0.0,"event_name":"Falling","player_choice":"Removed Attack","floor":39.0,"gold_loss":0.0,"damage_taken":0.0},{"damage_healed":0,"gold_gain":0,"player_choice":"Ignored","damage_taken":0,"max_hp_gain":0,"max_hp_loss":0,"event_name":"Mysterious Sphere","floor":45,"gold_loss":0}],"is_beta":false,"boss_relics":[{"not_picked":["Black Star","SlaversCollar"],"picked":"HoveringKite"},{"not_picked":["Velvet Choker","Runic Dome"],"picked":"Sozu"}],"items_purged_floors":[38],"is_endless":false,"potions_floor_spawned":[1,5,8,10,16,18,23,33,41,44],"killed_by":"Time Eater","ascension_level":20}}