{"host":"lvjqw7fcq3t7v0cp","time":1614447268,"event":{"mods":["Act Like it!","BaseMod","Block Reminder","Colored Map","DeckTracker","Downfall","Hallownest","Marisa????????","Minty Spire (QoL Compilation)","Permanent Neow","Replay The Spire","StSLib","The Bug Knight","The Cursed","The Servant 0.9.4"],"gold_per_floor":[109,109,109,126,223,223,237,251,251,277,296,96,96,109,109,213,213,231,231,231,241,241,241,241,241],"floor_reached":24,"language":"ENG","playtime":1612,"items_purged":[],"score":225,"play_id":"8d7abb17-3f51-4f3e-9908-663c769fde2f","local_time":"20210227113428","is_ascension_mode":true,"campfire_choices":[{"floor":6,"key":"REST"},{"floor":13,"key":"REST"},{"data":"Double Tap","floor":15,"key":"SMITH"},{"floor":23,"key":"REST"}],"circlet_count":0,"master_deck":["Strike_R","Strike_R","Strike_R","Defend_R","Defend_R","Defend_R","Defend_R","Bash","Demon Form+1","Twin Strike","Cleave+1","Heavy Blade","Uppercut","Iron Wave+1","Rage","Double Tap+1","Metallicize","Blood for Blood","Blood for Blood","Juggernaut","Blood for Blood+1","Armaments+1"],"relics":["Burning Blood","Bronze Scales","ReplayFunnel","Pantograph","Whetstone","Empty Cage","Paper Frog"],"acts_visited":["Exordium","TheCity"],"potions_floor_usage":[16],"damage_taken":[{"damage":8,"enemies":"2 Louse","floor":1,"turns":3},{"damage":10,"enemies":"Small Slimes","floor":4,"turns":4},{"damage":4,"enemies":"Jaw Worm","floor":7,"turns":3},{"damage":0,"enemies":"3 Louse","floor":8,"turns":2},{"damage":19,"enemies":"Lagavulin","floor":10,"turns":5},{"damage":17,"enemies":"Exordium Thugs","floor":11,"turns":4},{"damage":14,"enemies":"Lots of Slimes","floor":14,"turns":4},{"damage":61,"enemies":"Fading Forest","floor":16,"turns":11},{"damage":21,"enemies":"Spheric Guardian","floor":18,"turns":5},{"damage":44,"enemies":"2 Thieves","floor":21,"turns":5},{"damage":53,"enemies":"Gremlin Leader","floor":24,"turns":4}],"seed_played":"4168244515036541678","potions_obtained":[{"floor":4,"key":"SkillPotion"},{"floor":11,"key":"Death Potion"},{"floor":14,"key":"Doom Potion"}],"is_trial":false,"path_per_floor":["M","?","?","M","?","R","M","M","T","E","M","$","R","M","R","B",null,"M","?","T","M","?","R","E"],"character_chosen":"IRONCLAD","items_purchased":["Blood for Blood","Whetstone"],"campfire_rested":3,"item_purchase_floors":[12,12],"current_hp_per_floor":[78,78,78,74,54,78,80,80,80,67,56,56,80,72,72,33,80,65,65,65,27,27,51,0,0],"gold":241,"neow_bonus":"ONE_RANDOM_RARE_CARD","is_daily":false,"chose_seed":false,"campfire_upgraded":1,"win_rate":0.0,"timestamp":1614447268,"path_taken":["M","?","?","M","?","R","M","M","T","E","M","$","R","M","R","BOSS","M","?","?","?","?","R","E"],"items_purchased_type":["Card","Relic"],"build_version":"2020-12-22","purchased_purges":0,"victory":false,"max_hp_per_floor":[80,80,80,80,80,80,80,80,80,80,80,80,80,80,80,80,80,80,80,80,80,80,80,80,80],"card_choices":[{"not_picked":["Armaments","Warcry"],"picked":"Twin Strike","floor":1},{"not_picked":["Thunderclap","Uppercut"],"picked":"Cleave","floor":4},{"not_picked":["Havoc","Dual Wield"],"picked":"Heavy Blade","floor":5},{"not_picked":["Wild Strike","Heavy Blade"],"picked":"Uppercut","floor":5},{"not_picked":["Pommel Strike","Flex"],"picked":"Iron Wave","floor":7},{"not_picked":["Flex","Anger"],"picked":"Rage","floor":8},{"not_picked":["True Grit","Power Through"],"picked":"Double Tap","floor":10},{"not_picked":["Shrug It Off","Dropkick"],"picked":"Metallicize","floor":11},{"not_picked":["Rupture","Headbutt","Dark Embrace"],"picked":"SKIP","floor":14},{"not_picked":["Berserk","Bludgeon"],"picked":"Juggernaut","floor":16},{"not_picked":["Burning Pact","Heavy Blade"],"picked":"Blood for Blood+1","floor":18},{"not_picked":["Warcry","Clothesline"],"picked":"Armaments+1","floor":21}],"player_experience":103956,"relics_obtained":[{"floor":5,"key":"Bronze Scales"},{"floor":9,"key":"ReplayFunnel"},{"floor":10,"key":"Pantograph"},{"floor":20,"key":"Paper Frog"}],"event_choices":[{"damage_healed":0,"gold_gain":0,"player_choice":"Grow","damage_taken":0,"max_hp_gain":0,"max_hp_loss":0,"event_name":"Living Wall","floor":2,"gold_loss":0,"cards_upgraded":["Demon Form"]},{"damage_healed":0,"gold_gain":0,"player_choice":"Ignored","damage_taken":0,"max_hp_gain":0,"max_hp_loss":0,"event_name":"Liars Game","floor":3,"gold_loss":0}],"is_beta":false,"boss_relics":[{"not_picked":["ChewingGum","Kintsugi"],"picked":"Empty Cage"}],"items_purged_floors":[],"is_endless":false,"potions_floor_spawned":[4,11,14],"killed_by":"Gremlin Leader","ascension_level":3}}