{"host":"we8ay8el3o9pwc2d","time":1614448637,"event":{"mods":["Act Like it!","Aspiration","BaseMod","BetterRewards","Colored Map","Conspire","Downfall","Elementarium","GungeonMod","Minty Spire (QoL Compilation)","Reliquary","Robot Space Explorer","Ruina","Spire Arcade","StSLib","The Marked","Waifu the Spire"],"gold_per_floor":[99,115,115,132,170,170,170,170],"floor_reached":6,"language":"ENG","playtime":625,"items_purged":[],"score":34,"play_id":"6ed2d3fe-f77f-4598-816c-a2279d3a1e4e","local_time":"20210227105717","is_ascension_mode":false,"campfire_choices":[{"floor":1,"key":"RECALL"}],"circlet_count":0,"master_deck":["Guardian:Strike_Guardian","Guardian:Strike_Guardian","Guardian:Strike_Guardian","Guardian:Defend_Guardian","Guardian:Defend_Guardian","Guardian:Defend_Guardian","Guardian:Defend_Guardian","Guardian:CurlUp","Guardian:TwinSlam","Dramatic Entrance","Guardian:BronzeArmor","Guardian:ArmoredProtocol","Guardian:PrismaticBarrier"],"relics":["Guardian:ModeShifter","Anchor"],"acts_visited":["Exordium"],"potions_floor_usage":[5,6],"damage_taken":[{"damage":6,"enemies":"Jaw Worm","floor":2,"turns":3},{"damage":0,"enemies":"Cultist","floor":4,"turns":4},{"damage":14,"enemies":"conspire:MimicChest","floor":5,"turns":8},{"damage":65,"enemies":"Lagavulin","floor":6,"turns":16}],"seed_played":"4441685207323172999","potions_obtained":[{"floor":4,"key":"DemoMod:LeadSkinPotion"},{"floor":5,"key":"GamblersBrew"}],"is_trial":false,"path_per_floor":["R","M","?","M","?","E"],"character_chosen":"GUARDIAN","items_purchased":[],"campfire_rested":0,"item_purchase_floors":[],"current_hp_per_floor":[80,74,74,74,60,0,0,0],"gold":170,"neow_bonus":"RANDOM_COLORLESS","is_daily":false,"chose_seed":false,"campfire_upgraded":0,"win_rate":0.0,"timestamp":1614448637,"path_taken":["R","M","?","?","?","E"],"items_purchased_type":[],"build_version":"2020-12-22","purchased_purges":0,"victory":false,"max_hp_per_floor":[80,80,80,80,80,80,80,80],"card_choices":[{"not_picked":["Enlightenment","Purity"],"picked":"Dramatic Entrance","floor":0},{"not_picked":["Guardian:Gem_Red","Guardian:Recover"],"picked":"Guardian:BronzeArmor","floor":2},{"not_picked":["Guardian:Suspension","Guardian:PiercingHide"],"picked":"Guardian:ArmoredProtocol","floor":4},{"not_picked":["Guardian:Suspension","Guardian:PrimingBeam"],"picked":"Guardian:PrismaticBarrier","floor":5}],"player_experience":2193246,"relics_obtained":[{"floor":5,"key":"Anchor"}],"event_choices":[{"cards_removed":["Guardian:Strike_Guardian"],"damage_healed":0,"gold_gain":0,"player_choice":"Offered Basic","damage_taken":0,"max_hp_gain":0,"max_hp_loss":0,"event_name":"Bonfire Elementals","floor":3,"gold_loss":0}],"is_beta":false,"boss_relics":[],"items_purged_floors":[],"is_endless":false,"potions_floor_spawned":[4,5],"killed_by":"Lagavulin","ascension_level":0}}