{"host":"vlqej45p0v31lhdi","time":1614414511,"event":{"mods":["AchievementEnabler","BaseMod","Bestiary","Colored Powertips","Minty Spire (QoL Compilation)","Relic Stats"],"gold_per_floor":[109,40,5,5,21,52,52,72,72,98,117,150,208,228,228,329,329,341,341,358,371,16,16,29,29,29],"floor_reached":25,"language":"ENG","playtime":918,"items_purged":["Strike_B"],"score":347,"play_id":"1c9dd9d4-f925-4dd6-9d66-688c178f1d97","local_time":"20210227022831","is_ascension_mode":true,"campfire_choices":[{"data":"Hologram","floor":7,"key":"SMITH"},{"data":"Barrage","floor":15,"key":"SMITH"},{"data":"Barrage","floor":23,"key":"SMITH"}],"circlet_count":0,"master_deck":["Strike_B","Strike_B","Strike_B","Defend_B","Defend_B","Defend_B","Defend_B","Zap","Dualcast","Glacier","Self Repair","Cold Snap","Hologram+1","Barrage","Ball Lightning","Genetic Algorithm","Coolheaded","Barrage+1","Biased Cognition","Defragment","Barrage+1","Sweeping Beam+1","Defragment","Beam Cell","Defragment"],"relics":["Cracked Core","NeowsBlessing","Emotion Chip","Vajra","Du-Vu Doll","Pantograph","Pocketwatch","Blood Vial","Inserter","OrangePellets"],"acts_visited":["Exordium","TheCity"],"potions_floor_usage":[10,10,12,16,25],"damage_taken":[{"damage":0,"enemies":"2 Louse","floor":1,"turns":1},{"damage":0,"enemies":"Jaw Worm","floor":5,"turns":1},{"damage":0,"enemies":"Gremlin Nob","floor":6,"turns":1},{"damage":3,"enemies":"Small Slimes","floor":8,"turns":3},{"damage":4,"enemies":"Lagavulin","floor":10,"turns":10},{"damage":0,"enemies":"3 Louse","floor":11,"turns":3},{"damage":17,"enemies":"3 Sentries","floor":12,"turns":7},{"damage":8,"enemies":"Gremlin Nob","floor":13,"turns":3},{"damage":6,"enemies":"Red Slaver","floor":14,"turns":4},{"damage":7,"enemies":"Slime Boss","floor":16,"turns":7},{"damage":1,"enemies":"Chosen","floor":18,"turns":4},{"damage":5,"enemies":"Shell Parasite","floor":20,"turns":5},{"damage":17,"enemies":"Cultist and Chosen","floor":21,"turns":5},{"damage":6,"enemies":"Chosen and Byrds","floor":24,"turns":5},{"damage":71,"enemies":"Slavers","floor":25,"turns":2}],"seed_played":"-8730256945928669447","potions_obtained":[{"floor":1,"key":"Fire Potion"},{"floor":8,"key":"DuplicationPotion"},{"floor":10,"key":"DuplicationPotion"},{"floor":13,"key":"FocusPotion"}],"is_trial":false,"path_per_floor":["M","$","?","T","M","E","R","M","T","E","M","E","?","M","R","B",null,"M","?","M","M","$","R","M","E"],"character_chosen":"DEFECT","items_purchased":["Self Repair","OrangePellets","Defragment","FocusPotion","Beam Cell"],"campfire_rested":0,"item_purchase_floors":[2,22,22,22,22],"current_hp_per_floor":[68,68,75,75,75,75,75,75,75,75,75,65,64,67,67,75,75,75,75,75,65,65,65,68,0,0],"gold":29,"neow_bonus":"THREE_ENEMY_KILL","is_daily":false,"chose_seed":false,"campfire_upgraded":3,"win_rate":0.0,"timestamp":1614414511,"path_taken":["M","$","?","?","M","E","R","M","T","E","M","E","?","M","R","BOSS","M","?","?","M","$","R","M","E"],"items_purchased_type":["Card","Relic","Card","Potion","Card"],"build_version":"2020-12-22","purchased_purges":1,"victory":false,"max_hp_per_floor":[75,75,75,75,75,75,75,75,75,75,75,75,75,75,75,75,75,75,75,75,75,75,75,75,75,75],"relic_stats":{"Blood Vial":8,"OrangePellets":[3],"Emotion Chip":[46,19,27,0,0],"Inserter":[10],"counters":[15,61],"Pantograph":6,"obtain_stats":[{"Du-Vu Doll":9,"Blood Vial":13,"OrangePellets":22,"Emotion Chip":4,"Inserter":17,"NeowsBlessing":0,"Pantograph":10,"Vajra":6,"Cracked Core":0,"Pocketwatch":12},{"Du-Vu Doll":4,"Blood Vial":8,"OrangePellets":13,"Emotion Chip":1,"Inserter":10,"NeowsBlessing":0,"Pantograph":5,"Vajra":3,"Cracked Core":0,"Pocketwatch":7},{"Du-Vu Doll":6,"Blood Vial":29,"OrangePellets":54,"Emotion Chip":1,"Inserter":40,"NeowsBlessing":0,"Pantograph":16,"Vajra":3,"Cracked Core":0,"Pocketwatch":26}],"Pocketwatch":[72]},"card_choices":[{"not_picked":["Ball Lightning","Darkness"],"picked":"Glacier","floor":1},{"not_picked":["Undo","Self Repair"],"picked":"Cold Snap","floor":5},{"not_picked":["Rebound","Streamline"],"picked":"Hologram","floor":6},{"not_picked":["FTL","Beam Cell"],"picked":"Barrage","floor":8},{"not_picked":["Sunder","FTL"],"picked":"Ball Lightning","floor":10},{"not_picked":["Rebound","Sweeping Beam"],"picked":"Genetic Algorithm","floor":11},{"not_picked":["Skim","Barrage"],"picked":"Ball Lightning","floor":12},{"not_picked":["Chaos","Hyperbeam"],"picked":"Coolheaded","floor":13},{"not_picked":["Gash","Self Repair"],"picked":"Barrage","floor":14},{"not_picked":["Rainbow","Fission"],"picked":"Biased Cognition","floor":16},{"not_picked":["Heatsinks","Melter"],"picked":"Defragment","floor":18},{"not_picked":["Streamline","Hologram"],"picked":"Barrage","floor":20},{"not_picked":["Steam Power","Cold Snap"],"picked":"Sweeping Beam+1","floor":21},{"not_picked":["Rebound","Chaos"],"picked":"Defragment","floor":24}],"player_experience":3123473,"relics_obtained":[{"floor":4,"key":"Emotion Chip"},{"floor":6,"key":"Vajra"},{"floor":9,"key":"Du-Vu Doll"},{"floor":10,"key":"Pantograph"},{"floor":12,"key":"Pocketwatch"},{"floor":13,"key":"Blood Vial"}],"event_choices":[{"damage_healed":18,"gold_gain":0,"player_choice":"Healed","damage_taken":0,"max_hp_gain":0,"max_hp_loss":0,"event_name":"The Cleric","floor":3,"gold_loss":35},{"damage_healed":0,"gold_gain":0,"player_choice":"Searched \u00272\u0027 times","damage_taken":0,"max_hp_gain":0,"max_hp_loss":0,"event_name":"Dead Adventurer","floor":13,"gold_loss":0},{"cards_removed":["Ball Lightning"],"damage_healed":5,"gold_gain":0,"player_choice":"Offered Common","damage_taken":0,"max_hp_gain":0,"max_hp_loss":0,"event_name":"Bonfire Elementals","floor":19,"gold_loss":0},{"cards_removed":["Ball Lightning"],"damage_healed":5,"gold_gain":0,"player_choice":"Offered Special","damage_taken":0,"max_hp_gain":0,"max_hp_loss":0,"event_name":"Bonfire Elementals","floor":19,"gold_loss":0}],"is_beta":false,"boss_relics":[{"not_picked":["Sozu","Ectoplasm"],"picked":"Inserter"}],"items_purged_floors":[22],"is_endless":false,"potions_floor_spawned":[1,8,10,13],"killed_by":"Slavers","ascension_level":8}}