{"host":"yvapux1qyejt934z","time":1614436934,"event":{"mods":["Aspiration","BaseMod","Bestiary","Better Third Choice","Downfall","Energized Spire","Evolution","GifTheSpireLib","Jorbs\u0027s Wanderer Trilogy","Koishi","Minty Spire (QoL Compilation)","Relic Stats","Reliquary","Remilia??????","Replay The Spire","Shade Mod","StSLib","Stuff the Spire","The Blue Laboratory","The Cursed","The Disciple","The Hierophant","The Marked","The Necromancer","The Servant 0.9.4"],"gold_per_floor":[112,112,112,112,124,124,124,124],"floor_reached":7,"language":"ENG","playtime":715,"items_purged":[],"score":39,"play_id":"1a8ffd9f-7c25-4ebb-b9da-26bbfc4faa47","local_time":"20210227094214","is_ascension_mode":false,"campfire_choices":[{"floor":6,"key":"REST"}],"circlet_count":0,"master_deck":["Strike_Br","Strike_Br","Defend_Br","Defend_Br","Defend_Br","Defend_Br","SecondHand","PatternShift","LockedUrn","OracleForm","Injury","LockedBlood+1"],"relics":["Chronometer","Frozen Egg 2"],"acts_visited":["Exordium"],"potions_floor_usage":[5],"damage_taken":[{"damage":1,"enemies":"2 Louse","floor":1,"turns":5},{"damage":15,"enemies":"Small Slimes","floor":5,"turns":6},{"damage":83,"enemies":"3 Sentries","floor":7,"turns":11}],"seed_played":"-8246318829772989444","potions_obtained":[{"floor":1,"key":"Swift Potion"}],"is_trial":false,"path_per_floor":["M","?","?","?","M","R","E"],"character_chosen":"CHRONO_CLASS","items_purchased":[],"campfire_rested":1,"item_purchase_floors":[],"current_hp_per_floor":[70,63,63,63,48,69,0,0],"gold":124,"neow_bonus":"TEN_PERCENT_HP_BONUS","is_daily":false,"chose_seed":false,"campfire_upgraded":0,"win_rate":0.0,"timestamp":1614436934,"path_taken":["M","?","?","?","M","R","E"],"items_purchased_type":[],"build_version":"2020-12-22","purchased_purges":0,"victory":false,"max_hp_per_floor":[71,71,71,71,71,71,71,71],"relic_stats":{"counters":[3,22],"obtain_stats":[{"Chronometer":0,"Frozen Egg 2":4},{"Chronometer":0,"Frozen Egg 2":1},{"Chronometer":0,"Frozen Egg 2":5}]},"card_choices":[{"not_picked":["Goo","BlueShift"],"picked":"LockedUrn","floor":1},{"not_picked":["Parity","Accruing"],"picked":"LockedBlood+1","floor":5}],"player_experience":48575,"relics_obtained":[],"event_choices":[{"cards_removed":["Strike_Br"],"damage_healed":0,"gold_gain":0,"player_choice":"Card Removal","damage_taken":7,"max_hp_gain":0,"max_hp_loss":0,"event_name":"Golden Wing","floor":2,"gold_loss":0},{"damage_healed":0,"gold_gain":0,"cards_transformed":["Strike_Br"],"player_choice":"Change","damage_taken":0,"max_hp_gain":0,"max_hp_loss":0,"event_name":"Living Wall","floor":3,"gold_loss":0,"cards_obtained":["OracleForm"]}],"is_beta":false,"boss_relics":[],"items_purged_floors":[],"is_endless":false,"potions_floor_spawned":[1],"killed_by":"3 Sentries","ascension_level":0}}