{"host":"1avr1135to2copjv","time":1614458108,"event":{"mods":["BaseMod","Colored Map","Colored Powertips","Filter the Spire","Minty Spire (QoL Compilation)","Relic Stats","StSLib"],"gold_per_floor":[112,128,147,72,84,84,118,118,163,238,238,238],"floor_reached":11,"language":"ENG","playtime":412,"items_purged":[],"score":146,"play_id":"ed9e61b3-fe02-4fa5-aed6-65bef9742b21","local_time":"20210227233508","is_ascension_mode":true,"campfire_choices":[{"data":"Zap","floor":6,"key":"SMITH"},{"floor":8,"key":"REST"}],"circlet_count":0,"master_deck":["AscendersBane","Strike_B","Strike_B","Strike_B","Defend_B","Defend_B","Defend_B","Defend_B","Zap+1","Dualcast","Tempest","Sweeping Beam","Consume","Barrage"],"relics":["Inserter","Pantograph","Centennial Puzzle"],"acts_visited":["Exordium"],"potions_floor_usage":[3,7,11],"damage_taken":[{"damage":8,"enemies":"Small Slimes","floor":1,"turns":4},{"damage":6,"enemies":"Jaw Worm","floor":2,"turns":5},{"damage":7,"enemies":"2 Louse","floor":3,"turns":3},{"damage":11,"enemies":"Looter","floor":5,"turns":5},{"damage":20,"enemies":"Lagavulin","floor":7,"turns":6},{"damage":23,"enemies":"3 Sentries","floor":11,"turns":5}],"seed_played":"600401644404616069","potions_obtained":[{"floor":2,"key":"DuplicationPotion"},{"floor":3,"key":"Explosive Potion"},{"floor":7,"key":"Block Potion"}],"is_trial":false,"path_per_floor":["M","M","M","?","M","R","E","R","T","?","E"],"character_chosen":"DEFECT","items_purchased":[],"campfire_rested":1,"item_purchase_floors":[],"current_hp_per_floor":[56,50,43,43,32,32,12,33,33,22,0,0],"gold":238,"neow_bonus":"BOSS_RELIC","is_daily":false,"chose_seed":false,"campfire_upgraded":1,"win_rate":0.0,"timestamp":1614458108,"path_taken":["M","M","M","?","M","R","E","R","T","?","E"],"items_purchased_type":[],"build_version":"2020-12-22","purchased_purges":0,"victory":false,"max_hp_per_floor":[71,71,71,71,71,71,71,71,71,71,71,71],"relic_stats":{"Centennial Puzzle":[3],"Inserter":[14],"counters":[6,28],"Pantograph":0,"obtain_stats":[{"Centennial Puzzle":9,"Inserter":0,"Pantograph":7,"Cracked Core":0},{"Centennial Puzzle":5,"Inserter":0,"Pantograph":5,"Cracked Core":0},{"Centennial Puzzle":23,"Inserter":0,"Pantograph":23,"Cracked Core":0}]},"card_choices":[{"not_picked":["Compile Driver","Go for the Eyes"],"picked":"Tempest","floor":1},{"not_picked":["Go for the Eyes","Scrape"],"picked":"Sweeping Beam","floor":2},{"not_picked":["Steam Power","Stack"],"picked":"Consume","floor":3},{"not_picked":["Gash","Multi-Cast"],"picked":"Barrage","floor":5},{"not_picked":["Sweeping Beam","Compile Driver","Streamline"],"picked":"SKIP","floor":7}],"player_experience":1083613,"relics_obtained":[{"floor":7,"key":"Pantograph"},{"floor":9,"key":"Centennial Puzzle"}],"event_choices":[{"cards_removed":["Strike_B"],"damage_healed":0,"gold_gain":0,"player_choice":"Card Removal","damage_taken":0,"max_hp_gain":0,"max_hp_loss":0,"event_name":"The Cleric","floor":4,"gold_loss":75},{"damage_healed":0,"gold_gain":75,"player_choice":"Gather Gold","damage_taken":11,"max_hp_gain":0,"max_hp_loss":0,"event_name":"World of Goop","floor":10,"gold_loss":0}],"is_beta":false,"boss_relics":[],"items_purged_floors":[],"is_endless":false,"potions_floor_spawned":[2,3,7],"killed_by":"3 Sentries","ascension_level":20}}