{"host":"c83fcgyuu74iknko","time":1614411036,"event":{"mods":["BaseMod","BetterRewards","Colored Map","Colored Powertips","Minty Spire (QoL Compilation)","Quick Restart","StSLib","The Animator","The Senshi"],"gold_per_floor":[123,154,154,79,154,154,181,131,154,154,165,189,221,240,240,240,240],"floor_reached":16,"language":"ENG","playtime":957,"items_purged":["animator:Strike"],"score":162,"play_id":"e3c4bd41-4656-4f2c-8403-40212eda559a","local_time":"20210226233036","is_ascension_mode":true,"campfire_choices":[{"data":"animator:MumenRider","floor":6.0,"key":"SMITH"},{"data":"animator:CrowleyEusford","floor":15,"key":"SMITH"}],"circlet_count":0,"master_deck":["animator:Strike_OnePunchMan","animator:Defend_OnePunchMan","animator:Defend","animator:Defend","animator:Genos","animator:MumenRider+1","animator:HiiragiShinya","animator:Sonic","animator:CrowleyEusford+1","animator:SilverFang","animator:Geryuganshoop","animator:Boros","animator:YaoHaDucy"],"relics":["animator:LivingPicture","animator:TheMissingPiece","NeowsBlessing","Regal Pillow","Centennial Puzzle","Blue Candle"],"acts_visited":["Exordium"],"potions_floor_usage":[16],"damage_taken":[{"damage":0.0,"enemies":"2 Louse","floor":1.0,"turns":2.0},{"damage":0.0,"enemies":"Jaw Worm","floor":2.0,"turns":1.0},{"damage":0.0,"enemies":"Gremlin Nob","floor":7.0,"turns":1.0},{"damage":0.0,"enemies":"Small Slimes","floor":11.0,"turns":3.0},{"damage":8.0,"enemies":"3 Louse","floor":12.0,"turns":2.0},{"damage":19.0,"enemies":"Lagavulin","floor":13.0,"turns":8.0},{"damage":0,"enemies":"Large Slime","floor":14,"turns":4},{"damage":46,"enemies":"The Guardian","floor":16,"turns":17}],"seed_played":"-1717896369868284386","potions_obtained":[{"floor":1.0,"key":"Explosive Potion"},{"floor":2.0,"key":"BlessingOfTheForge"},{"floor":7.0,"key":"Dexterity Potion"},{"floor":14,"key":"animator:FalseLifePotion"}],"is_trial":false,"path_per_floor":["M","M","?","$","?","R","E","?","T","?","M","M","E","M","R","B"],"character_chosen":"THE_ANIMATOR","items_purchased":[],"campfire_rested":0,"item_purchase_floors":[],"current_hp_per_floor":[66,66,66,66,55,55,56,56,56,56,57,49,31,36,36,0,0],"gold":240,"neow_bonus":"THREE_ENEMY_KILL","is_daily":false,"chose_seed":false,"campfire_upgraded":2,"win_rate":0.0,"timestamp":1614411036,"path_taken":["M","M","?","$","?","R","E","?","T","?","?","M","E","?","R","BOSS"],"items_purchased_type":[],"build_version":"2020-12-22","purchased_purges":1,"victory":false,"max_hp_per_floor":[66,66,66,66,66,66,67,67,67,67,68,68,69,69,69,69,69],"card_choices":[{"not_picked":["animator:Shichika","animator:DolaStephanie"],"picked":"animator:HiiragiShinya","floor":1.0},{"not_picked":["animator:HiiragiShinya","animator:Konayuki"],"picked":"animator:Sonic","floor":2.0},{"not_picked":["animator:Tyuule","animator:ChlammyZell"],"picked":"animator:CrowleyEusford","floor":7.0},{"not_picked":["animator:MumenRider","animator:Sonic"],"picked":"animator:SilverFang","floor":11.0},{"not_picked":["animator:TukaLunaMarceau","animator:Shuna"],"picked":"animator:Geryuganshoop","floor":12.0},{"not_picked":["animator:Mitsuba","animator:RoryMercury"],"picked":"animator:Boros","floor":13},{"not_picked":["animator:Arpeggio","animator:UneriGinkaku"],"picked":"animator:YaoHaDucy","floor":14}],"player_experience":281985,"relics_obtained":[{"floor":7.0,"key":"Regal Pillow"},{"floor":9.0,"key":"Centennial Puzzle"},{"floor":13,"key":"Blue Candle"}],"event_choices":[{"cards_removed":["animator:Strike"],"damage_healed":0.0,"max_hp_gain":0.0,"max_hp_loss":0.0,"gold_gain":0.0,"event_name":"Living Wall","player_choice":"Forget","floor":3.0,"gold_loss":0.0,"damage_taken":0.0},{"damage_healed":0.0,"max_hp_gain":0.0,"max_hp_loss":0.0,"gold_gain":75.0,"event_name":"World of Goop","player_choice":"Gather Gold","floor":5.0,"gold_loss":0.0,"damage_taken":11.0},{"cards_removed":["animator:Strike"],"damage_healed":0.0,"max_hp_gain":0.0,"max_hp_loss":0.0,"gold_gain":0.0,"event_name":"The Cleric","player_choice":"Card Removal","floor":8.0,"gold_loss":50.0,"damage_taken":0.0},{"cards_removed":["animator:Defend"],"damage_healed":0.0,"max_hp_gain":0.0,"max_hp_loss":0.0,"gold_gain":0.0,"event_name":"Purifier","player_choice":"Purged","floor":10.0,"gold_loss":0.0,"damage_taken":0.0}],"is_beta":false,"boss_relics":[],"items_purged_floors":[4],"is_endless":false,"potions_floor_spawned":[1,2,7,13,14],"killed_by":"The Guardian","ascension_level":4}}