{"host":"bxn2em57qlx5u4i0","time":1614385653,"event":{"mods":["BaseMod","Colored Map","Colored Powertips","Highlight Path","Minty Spire (QoL Compilation)","Random Character Button","Relic Sorter","Relic Stats","StSLib","SuperFastMode"],"gold_per_floor":[113,113,130,150,75,75,75,75],"floor_reached":7,"language":"ENG","playtime":211,"items_purged":["Pain"],"score":82,"play_id":"5ba69c1b-3fc4-4256-88e4-1ba58e5bc3cc","local_time":"20210226192733","is_ascension_mode":true,"campfire_choices":[{"floor":6,"key":"REST"}],"circlet_count":0,"master_deck":["AscendersBane","Strike_G","Strike_G","Strike_G","Strike_G","Strike_G","Defend_G","Defend_G","Defend_G","Defend_G","Defend_G","Survivor","Neutralize","Noxious Fumes","Footwork","PiercingWail"],"relics":["Ring of the Snake","The Specimen"],"acts_visited":["Exordium"],"potions_floor_usage":[4,7,7,7],"damage_taken":[{"damage":27,"enemies":"Jaw Worm","floor":1,"turns":9},{"damage":24,"enemies":"Cultist","floor":3,"turns":6},{"damage":7,"enemies":"2 Louse","floor":4,"turns":5},{"damage":22,"enemies":"3 Sentries","floor":7,"turns":8}],"seed_played":"5708632666482089118","potions_obtained":[{"floor":2,"key":"SneckoOil"},{"floor":2,"key":"EntropicBrew"},{"floor":4,"key":"SpeedPotion"}],"is_trial":false,"path_per_floor":["M","?","M","M","$","R","E"],"character_chosen":"THE_SILENT","items_purchased":[],"campfire_rested":1,"item_purchase_floors":[],"current_hp_per_floor":[32,32,8,1,1,20,0,0],"gold":75,"neow_bonus":"ONE_RARE_RELIC","is_daily":false,"chose_seed":false,"campfire_upgraded":0,"win_rate":0.0,"timestamp":1614385653,"path_taken":["M","?","M","M","$","R","E"],"items_purchased_type":[],"build_version":"2020-12-22","purchased_purges":1,"victory":false,"max_hp_per_floor":[66,66,66,66,66,66,66,66],"relic_stats":{"counters":[4,28],"obtain_stats":[{"The Specimen":0,"Ring of the Snake":0},{"The Specimen":0,"Ring of the Snake":0},{"The Specimen":0,"Ring of the Snake":0}],"Ring of the Snake":[8]},"card_choices":[{"not_picked":["Acrobatics","Expertise"],"picked":"Noxious Fumes","floor":1},{"not_picked":["Choke","Dagger Spray"],"picked":"Footwork","floor":3},{"not_picked":["Outmaneuver","Slice"],"picked":"PiercingWail","floor":4}],"player_experience":3062426,"relics_obtained":[],"event_choices":[{"damage_healed":0,"gold_gain":0,"player_choice":"Got Potions","damage_taken":0,"max_hp_gain":0,"max_hp_loss":0,"event_name":"Lab","floor":2,"gold_loss":0}],"is_beta":false,"boss_relics":[],"items_purged_floors":[5],"is_endless":false,"potions_floor_spawned":[3,4],"killed_by":"3 Sentries","ascension_level":20}}