{"host":"rmu5lyz1fk95wg3z","time":1614440950,"event":{"mods":["BaseMod","Bestiary","Curses Come First","Minty Spire (QoL Compilation)","Relic Stats","StSLib"],"gold_per_floor":[12,23,39,55,55,55,84,102,102,121,155,155,2,31,31,31,31],"floor_reached":16,"language":"ENG","playtime":1177,"items_purged":["Strike_R"],"score":244,"play_id":"c9fa6fe1-99d5-4a59-9076-5908cf005123","local_time":"20210227104910","is_ascension_mode":true,"campfire_choices":[{"data":"Thinking Ahead","floor":6.0,"key":"SMITH"},{"floor":15.0,"key":"REST"}],"circlet_count":0,"master_deck":["AscendersBane","Strike_R","Strike_R","Strike_R","Strike_R","Defend_R","Defend_R","Defend_R","Defend_R","Bash","Thinking Ahead+1","Entrench","Armaments+1","Flex","Searing Blow","Disarm","Immolate","Iron Wave","Inflame"],"relics":["Burning Blood","Juzu Bracelet","Potion Belt","Nunchaku","Ornamental Fan"],"acts_visited":["Exordium"],"potions_floor_usage":[],"damage_taken":[{"damage":2.0,"enemies":"Cultist","floor":1.0,"turns":4.0},{"damage":11.0,"enemies":"Jaw Worm","floor":2.0,"turns":5.0},{"damage":3.0,"enemies":"2 Louse","floor":3.0,"turns":6.0},{"damage":22.0,"enemies":"Blue Slaver","floor":4.0,"turns":5.0},{"damage":30.0,"enemies":"3 Sentries","floor":7.0,"turns":10.0},{"damage":5.0,"enemies":"Red Slaver","floor":8.0,"turns":5.0},{"damage":1.0,"enemies":"Exordium Thugs","floor":10.0,"turns":3.0},{"damage":8.0,"enemies":"Gremlin Nob","floor":11.0,"turns":3.0},{"damage":15.0,"enemies":"3 Sentries","floor":14.0,"turns":5.0},{"damage":43,"enemies":"The Guardian","floor":16,"turns":11}],"seed_played":"-1493095855139445003","potions_obtained":[{"floor":1.0,"key":"Explosive Potion"},{"floor":3.0,"key":"PowerPotion"},{"floor":7.0,"key":"LiquidMemories"}],"is_trial":false,"path_per_floor":["M","M","M","M","?","R","E","M","T","M","E","T","$","E","R","B"],"character_chosen":"IRONCLAD","items_purchased":["Inflame"],"campfire_rested":1,"item_purchase_floors":[13],"current_hp_per_floor":[72,67,70,54,54,54,30,31,31,36,34,34,34,25,47,4,4],"gold":31,"neow_bonus":"RANDOM_COLORLESS_2","is_daily":false,"chose_seed":false,"campfire_upgraded":1,"win_rate":0.0,"timestamp":1614440950,"path_taken":["M","M","M","?","?","R","E","M","T","M","E","?","$","E","R","BOSS"],"items_purchased_type":["Card"],"build_version":"2020-12-22","purchased_purges":1,"victory":false,"max_hp_per_floor":[75,75,75,75,75,75,75,75,75,75,75,75,75,75,75,75,75],"relic_stats":{"Nunchaku":[1],"counters":[10,57],"Ornamental Fan":[0],"Juzu Bracelet":0,"obtain_stats":[{"Potion Belt":9,"Nunchaku":11,"Ornamental Fan":14,"Juzu Bracelet":7,"Burning Blood":0},{"Potion Belt":6,"Nunchaku":8,"Ornamental Fan":9,"Juzu Bracelet":5,"Burning Blood":0},{"Potion Belt":35,"Nunchaku":41,"Ornamental Fan":46,"Juzu Bracelet":30,"Burning Blood":0}],"Burning Blood":54},"card_choices":[{"not_picked":["Magnetism","Transmutation"],"picked":"Thinking Ahead","floor":0.0},{"not_picked":["Anger","Body Slam"],"picked":"Entrench","floor":1.0},{"not_picked":["Flex","Havoc"],"picked":"Armaments","floor":2.0},{"not_picked":["Sentinel","Perfected Strike"],"picked":"Flex","floor":3.0},{"not_picked":["Combust","Perfected Strike"],"picked":"Searing Blow","floor":4.0},{"not_picked":["Carnage","Second Wind","Dual Wield"],"picked":"SKIP","floor":7.0},{"not_picked":["Anger","True Grit"],"picked":"Disarm","floor":8.0},{"not_picked":["Flex","Warcry"],"picked":"Immolate","floor":10.0},{"not_picked":["Sever Soul","Heavy Blade"],"picked":"Iron Wave","floor":11.0},{"not_picked":["Iron Wave","Clothesline","Offering"],"picked":"SKIP","floor":14.0}],"player_experience":1375657,"relics_obtained":[{"floor":7.0,"key":"Juzu Bracelet"},{"floor":9.0,"key":"Potion Belt"},{"floor":11.0,"key":"Nunchaku"},{"floor":14.0,"key":"Ornamental Fan"}],"event_choices":[{"damage_healed":0.0,"max_hp_gain":0.0,"max_hp_loss":0.0,"gold_gain":0.0,"event_name":"Living Wall","player_choice":"Grow","floor":5.0,"gold_loss":0.0,"damage_taken":0.0,"cards_upgraded":["Armaments"]}],"is_beta":false,"boss_relics":[],"items_purged_floors":[13],"is_endless":false,"potions_floor_spawned":[1,3,7],"killed_by":"The Guardian","ascension_level":20}}