{"host":"bplbr8uekuotory4","time":1614423294,"event":{"mods":["Act Like it!","BaseMod","GungeonMod","Hermit","KinomotoSakuraMod(木之本樱)","Marisa（F雨　魔理沙）","Minty Spire (QoL Compilation)","Prisma Mod","Quick Restart","Reimu（博丽灵梦）","SOS（斯巴达之子）","Spicy Shops","StSLib","TestMod","The Blackbeard","The Cursed","The Mystic","The Saiyan","The Senshi","The Servant 0.9.4","Yuri Mod","[IsaacMod]以撒尖塔"],"gold_per_floor":[109,109,59,59,59,84,103,119,143,143,63,63,5,13,13,108,108,121,144,244,244,251,248,248],"floor_reached":23,"language":"ZHS","playtime":396,"items_purged":["ManaGlint:ReiMu+1"],"score":393,"play_id":"bb8f9f5e-9184-4202-9665-942adbf21834","local_time":"20210227185454","is_ascension_mode":true,"campfire_choices":[{"data":"DoubleButterfly:ReiMu","floor":10,"key":"SMITH"},{"data":"ManaGlint:ReiMu","floor":15,"key":"SMITH"}],"circlet_count":0,"master_deck":["AscendersBane","Strike_Lin:ReiMu","Strike_Lin:ReiMu","Strike_Lin:ReiMu","Strike_Lin:ReiMu","Defend_Lin:ReiMu","Defend_Lin:ReiMu","Defend_Lin:ReiMu","Defend_Lin:ReiMu","NB:ReiMu","Stagnation:ReiMu","DoubleButterfly:ReiMu+1","Authority:ReiMu","NineCharacters:ReiMu"],"relics":["FlyPower:ReiMu","testmod-TestBox","HushsDoor","Damocles","testmod-Déjàvu","NeowsBlessing","DemoMod:DecoyRelic","YidongShenshe:ReiMu","Letter Opener","HowToJump","testmod-ThousandKnives","Omamori","testmod-Alchemist","SalivaCoin","testmod-BlackFramedGlasses","Bronze Scales","Juzu Bracelet","DonationBox:ReiMu","GuppysHairball","Damocles","KaguraBell:ReiMu","DemoMod:ClearGuonStone","CeramicFish","DemoMod:Bottle"],"acts_visited":["Exordium","TheCity"],"potions_floor_usage":[16,16,23],"damage_taken":[{"damage":0,"enemies":"Jaw Worm","floor":1,"turns":1},{"damage":0,"enemies":"Lagavulin","floor":6,"turns":1},{"damage":0,"enemies":"Small Slimes","floor":7,"turns":1},{"damage":0,"enemies":"2 Louse","floor":8,"turns":2},{"damage":0,"enemies":"2 Fungi Beasts","floor":14,"turns":3},{"damage":0,"enemies":"Slime Boss","floor":16,"turns":3},{"damage":0,"enemies":"Spheric Guardian","floor":18,"turns":3},{"damage":2,"enemies":"2 Thieves","floor":19,"turns":4},{"damage":0,"enemies":"Gremlin Leader","floor":23,"turns":4}],"seed_played":"-5491709760248748820","potions_obtained":[{"floor":6,"key":"SteroidPotion"},{"floor":7,"key":"SteroidPotion"},{"floor":8,"key":"ZuzhouPotion:ReiMu"},{"floor":18,"key":"AttackPotion"}],"is_trial":false,"path_per_floor":["M","?","?","?","?","E","M","M","T","R","$","T","$","M","R","B",null,"M","M","?","?","?","E"],"character_chosen":"REIMU","items_purchased":["testmod-BlackFramedGlasses","ManaGlint:ReiMu","GuppysHairball","Damocles"],"campfire_rested":0,"item_purchase_floors":[11,13,17,17],"current_hp_per_floor":[59,59,59,34,19,19,19,19,19,19,19,19,19,22,22,25,36,39,40,40,40,35,39,39],"gold":248,"neow_bonus":"THREE_ENEMY_KILL","is_daily":false,"chose_seed":false,"campfire_upgraded":2,"win_rate":0.0,"timestamp":1614423294,"path_taken":["M","?","?","?","?","E","M","M","T","R","$","?","$","M","R","BOSS","M","M","?","?","?","E"],"items_purchased_type":["Relic","Card","Relic","Relic"],"build_version":"2020-12-22","purchased_purges":1,"victory":false,"max_hp_per_floor":[65,65,65,65,65,65,65,65,65,65,65,65,65,65,65,65,40,40,40,40,40,45,45,45],"card_choices":[{"not_picked":["AlertArray:ReiMu","Mountainwind:ReiMu","Meditation:ReiMu"],"picked":"SKIP","floor":1},{"not_picked":["OctopathBindingBorder2:ReiMu","ManaGlint:ReiMu"],"picked":"DoubleButterfly:ReiMu","floor":6},{"not_picked":["TightArray:ReiMu","ForcedLanding:ReiMu"],"picked":"Authority:ReiMu","floor":7},{"not_picked":["SpringWay:ReiMu","AirStrike:ReiMu","SubcavityInstant:ReiMu"],"picked":"SKIP","floor":8},{"not_picked":["CareerPray:ReiMu","PayForSelf:ReiMu"],"picked":"Bomb","floor":14},{"not_picked":["AirStrike:ReiMu","FantasyMoon:ReiMu","AlertArray:ReiMu"],"picked":"SKIP","floor":18},{"not_picked":["EmergencyTakeOff:ReiMu","InherentArray:ReiMu"],"picked":"NineCharacters:ReiMu","floor":19}],"player_experience":1204617,"relics_obtained":[{"floor":1,"key":"DemoMod:DecoyRelic"},{"floor":6,"key":"testmod-ThousandKnives"},{"floor":6,"key":"Omamori"},{"floor":7,"key":"testmod-Alchemist"},{"floor":8,"key":"SalivaCoin"},{"floor":12,"key":"Bronze Scales"},{"floor":14,"key":"Juzu Bracelet"},{"floor":18,"key":"KaguraBell:ReiMu"},{"floor":18,"key":"DemoMod:ClearGuonStone"},{"floor":19,"key":"CeramicFish"},{"floor":19,"key":"DemoMod:Bottle"}],"event_choices":[{"damage_healed":0,"gold_gain":0,"player_choice":"带走神社","damage_taken":0,"relics_obtained":["YidongShenshe:ReiMu"],"max_hp_gain":0,"max_hp_loss":0,"event_name":"yidonshenshe","floor":2,"gold_loss":0,"cards_obtained":["Poor:ReiMu"]},{"cards_removed":["Poor:ReiMu"],"damage_healed":0,"gold_gain":0,"player_choice":"Card Removal","damage_taken":0,"max_hp_gain":0,"max_hp_loss":0,"event_name":"The Cleric","floor":3,"gold_loss":50},{"damage_healed":0,"gold_gain":0,"player_choice":"Success","damage_taken":25,"relics_obtained":["Letter Opener"],"max_hp_gain":0,"max_hp_loss":0,"event_name":"Scrap Ooze","floor":4,"gold_loss":0},{"damage_healed":0,"gold_gain":100,"player_choice":"Pray","damage_taken":0,"max_hp_gain":0,"max_hp_loss":0,"event_name":"Golden Shrine","floor":20,"gold_loss":0},{"damage_healed":0,"gold_gain":0,"player_choice":"Ignored","damage_taken":0,"max_hp_gain":0,"max_hp_loss":0,"event_name":"Ghosts","floor":21,"gold_loss":0},{"damage_healed":0,"gold_gain":0,"player_choice":"Shed Blood","damage_taken":10,"max_hp_gain":5,"max_hp_loss":0,"event_name":"Forgotten Altar","floor":22,"gold_loss":0}],"is_beta":false,"boss_relics":[{"not_picked":["Astrolabe","testmod-DreamHouse"],"picked":"DonationBox:ReiMu"},{"not_picked":[]}],"items_purged_floors":[17],"is_endless":false,"potions_floor_spawned":[6,7,8,18],"killed_by":"Gremlin Leader","ascension_level":10}}