{"host":"3sqvgza1l4ip9ny1","time":1614386202,"event":{"mods":["BaseMod","Minty Spire (QoL Compilation)"],"gold_per_floor":[112,212,227,227,227,227,256,266,266,292,292,308,319,319,319,418,418,434,434,453,453,453],"floor_reached":21,"language":"ENG","playtime":1239,"items_purged":[],"score":217,"play_id":"9f87dc90-d839-46c6-8c41-a183ac93524c","local_time":"20210227003642","is_ascension_mode":true,"campfire_choices":[{"data":"Chill","floor":6,"key":"SMITH"},{"data":"Redo","floor":11,"key":"SMITH"},{"data":"Storm","floor":15,"key":"SMITH"}],"circlet_count":0,"master_deck":["Strike_B","Strike_B","Strike_B","Defend_B","Defend_B","Defend_B","Defend_B","Zap","Dualcast","Deep Breath","Capacitor","Chill+1","Blizzard","Storm+1","Cold Snap","Redo+1","Rebound","Rainbow","Fission","Redo","Storm","Rebound"],"relics":["Cracked Core","White Beast Statue","Cables","Meat on the Bone","Black Star"],"acts_visited":["Exordium","TheCity"],"potions_floor_usage":[12,13,16,20,21],"damage_taken":[{"damage":0,"enemies":"2 Louse","floor":1,"turns":2},{"damage":1,"enemies":"Cultist","floor":3,"turns":3},{"damage":35,"enemies":"Lagavulin","floor":7,"turns":9},{"damage":9,"enemies":"Jaw Worm","floor":8,"turns":5},{"damage":4,"enemies":"3 Sentries","floor":10,"turns":10},{"damage":0,"enemies":"Large Slime","floor":12,"turns":4},{"damage":9,"enemies":"Exordium Thugs","floor":13,"turns":4},{"damage":18,"enemies":"Hexaghost","floor":16,"turns":7},{"damage":28,"enemies":"Shell Parasite","floor":18,"turns":11},{"damage":18,"enemies":"Spheric Guardian","floor":20,"turns":4},{"damage":62,"enemies":"Cultist and Chosen","floor":21,"turns":6}],"seed_played":"-8479532964031479079","potions_obtained":[{"floor":7,"key":"Explosive Potion"},{"floor":8,"key":"Swift Potion"},{"floor":10,"key":"PowerPotion"},{"floor":12,"key":"PowerPotion"},{"floor":13,"key":"SteroidPotion"},{"floor":16,"key":"Regen Potion"},{"floor":20,"key":"Weak Potion"}],"is_trial":false,"path_per_floor":["M","?","M","?","?","R","E","M","T","E","R","M","M","?","R","B",null,"M","?","M","M"],"character_chosen":"DEFECT","items_purchased":[],"campfire_rested":0,"item_purchase_floors":[],"current_hp_per_floor":[75,75,74,74,74,74,39,30,30,26,26,38,41,46,46,40,80,52,52,51,0,0],"gold":453,"neow_bonus":"RANDOM_COLORLESS","is_daily":false,"chose_seed":false,"campfire_upgraded":3,"win_rate":0.0,"timestamp":1614386202,"path_taken":["M","?","?","?","?","R","E","M","T","E","R","M","?","?","R","BOSS","M","?","M","M"],"items_purchased_type":[],"build_version":"2020-12-22","purchased_purges":0,"victory":false,"max_hp_per_floor":[75,75,75,75,75,75,75,75,75,75,75,75,75,80,80,80,80,80,80,80,80,80],"card_choices":[{"not_picked":["Finesse","Forethought"],"picked":"Deep Breath","floor":0},{"not_picked":["Chill","Ball Lightning"],"picked":"Capacitor","floor":1},{"not_picked":["Barrage","Turbo"],"picked":"Chill","floor":3},{"not_picked":["Lockon","Sunder"],"picked":"Storm","floor":7},{"not_picked":["Hologram","Ball Lightning"],"picked":"Cold Snap","floor":8},{"not_picked":["Force Field","Go for the Eyes"],"picked":"Redo","floor":10},{"not_picked":["Steam Power","Stack"],"picked":"Rebound","floor":12},{"not_picked":["Gash","Doom and Gloom"],"picked":"Rainbow","floor":13},{"not_picked":["Reboot","Hyperbeam"],"picked":"Fission","floor":16},{"not_picked":["Go for the Eyes+1","Sweeping Beam"],"picked":"Redo","floor":18},{"not_picked":["Ball Lightning","Meteor Strike"],"picked":"Rebound","floor":20}],"player_experience":242393,"relics_obtained":[{"floor":7,"key":"White Beast Statue"},{"floor":9,"key":"Cables"},{"floor":10,"key":"Meat on the Bone"}],"event_choices":[{"damage_healed":0,"gold_gain":100,"player_choice":"Pray","damage_taken":0,"max_hp_gain":0,"max_hp_loss":0,"event_name":"Golden Shrine","floor":2,"gold_loss":0},{"damage_healed":0,"gold_gain":0,"player_choice":"Ignored","damage_taken":0,"max_hp_gain":0,"max_hp_loss":0,"event_name":"Liars Game","floor":4,"gold_loss":0},{"damage_healed":0,"gold_gain":0,"cards_transformed":["Strike_B"],"player_choice":"Transformed","damage_taken":0,"max_hp_gain":0,"max_hp_loss":0,"event_name":"Transmorgrifier","floor":5,"gold_loss":0,"cards_obtained":["Blizzard"]},{"damage_healed":0,"gold_gain":0,"player_choice":"Donut","damage_taken":0,"max_hp_gain":5,"max_hp_loss":0,"event_name":"Big Fish","floor":14,"gold_loss":0},{"damage_healed":0,"gold_gain":0,"player_choice":"Read","damage_taken":0,"max_hp_gain":0,"max_hp_loss":0,"event_name":"The Library","floor":19,"gold_loss":0,"cards_obtained":["Storm"]}],"is_beta":false,"boss_relics":[{"not_picked":["Astrolabe","Calling Bell"],"picked":"Black Star"}],"items_purged_floors":[],"is_endless":false,"potions_floor_spawned":[7,8,10,12,13,16,18,20],"killed_by":"Cultist and Chosen","ascension_level":3}}