{"host":"h0d4vuzvk6m4sr1m","time":1614444358,"event":{"mods":["AchievementEnabler","BaseMod","Block Reminder","Colored Powertips","Hermit","Highlight Path","Minty Spire (QoL Compilation)","Quick Restart","StSLib","The Cursed","The Runesmith"],"gold_per_floor":[116,116,116,127,139,169,169,180,180,192,192,208,172,190,190,289,339,353,353,365,60,75,75,102,6,6,6,6,18,18,29,29,128,128,146,160,160,160,510,510,510,537,537,537,537,537,556,580,580,580,580],"floor_reached":50,"language":"ENG","playtime":3061,"items_purged":[],"score":541,"play_id":"9d4c786e-ee18-4f18-829e-c67a2d3316b7","local_time":"20210227174558","is_ascension_mode":false,"campfire_choices":[{"floor":11.0,"key":"REST"},{"floor":15.0,"key":"REST"},{"data":"Runesmith:Empowerment","floor":23.0,"key":"SMITH"},{"floor":27.0,"key":"REST"},{"floor":32.0,"key":"REST"},{"floor":40,"key":"REST"},{"floor":44,"key":"REST"},{"data":"Runesmith:Firewall","floor":46,"key":"SMITH"},{"floor":49,"key":"REST"}],"circlet_count":0,"master_deck":["Runesmith:Strike_RS","Runesmith:Strike_RS+1","Runesmith:Strike_RS","Runesmith:Strike_RS","Runesmith:Defend_RS","Runesmith:Defend_RS","Runesmith:Defend_RS","Runesmith:Defend_RS","Runesmith:CraftFirestone+1","Runesmith:Fortify","Runesmith:UnstableHammer","Runesmith:Empowerment+1","Runesmith:HammerThrow","Runesmith:HeatedChisel","Runesmith:PerfectChisel+1","Runesmith:ChiselStab+1","Runesmith:FieryHammer+1","Runesmith:CraftProtectio","Runesmith:UnlimitedPower+1","Runesmith:HeatedChisel+1","Runesmith:EnergizedChisel+1","Runesmith:HeatedChisel+1","Runesmith:CraftMagma","Runesmith:ChiselStab+1","Runesmith:CraftReservo","Runesmith:HammerThrow+1","Runesmith:CraftIncendium+1","Runesmith:BackupBattery","Runesmith:ChiselStab+1","Runesmith:Duplicate","Runesmith:CraftMagma","Runesmith:EnergizedChisel+1","Runesmith:Firewall+1","Runesmith:FissionHammer+1"],"relics":["Runesmith:BrokenRuby","NeowsBlessing","Mercury Hourglass","Vajra","Molten Egg 2","Tiny House","Juzu Bracelet","Akabeko","Oddly Smooth Stone","MutagenicStrength","Black Star","Spirit Poop","Old Coin","Gremlin Horn","Lantern","Incense Burner","Potion Belt"],"acts_visited":["Exordium","TheCity","TheBeyond"],"potions_floor_usage":[45,50],"damage_taken":[{"damage":0.0,"enemies":"Jaw Worm","floor":1.0,"turns":1.0},{"damage":0.0,"enemies":"Cultist","floor":4.0,"turns":1.0},{"damage":0.0,"enemies":"Small Slimes","floor":5.0,"turns":1.0},{"damage":19.0,"enemies":"Lagavulin","floor":6.0,"turns":7.0},{"damage":14.0,"enemies":"Exordium Thugs","floor":8.0,"turns":3.0},{"damage":2.0,"enemies":"Blue Slaver","floor":10.0,"turns":3.0},{"damage":21.0,"enemies":"Red Slaver","floor":12.0,"turns":4.0},{"damage":0.0,"enemies":"3 Louse","floor":14.0,"turns":2.0},{"damage":0.0,"enemies":"Slime Boss","floor":16.0,"turns":7.0},{"damage":19.0,"enemies":"3 Byrds","floor":18.0,"turns":4.0},{"damage":9.0,"enemies":"Spheric Guardian","floor":20.0,"turns":4.0},{"damage":10.0,"enemies":"Snecko","floor":22.0,"turns":3.0},{"damage":23.0,"enemies":"Gremlin Leader","floor":24.0,"turns":6.0},{"damage":0.0,"enemies":"Cultist and Chosen","floor":29.0,"turns":4.0},{"damage":20.0,"enemies":"Sentry and Sphere","floor":31.0,"turns":4.0},{"damage":51.0,"enemies":"Collector","floor":33.0,"turns":7.0},{"damage":29.0,"enemies":"3 Darklings","floor":35.0,"turns":4.0},{"damage":5.0,"enemies":"Orb Walker","floor":36.0,"turns":2.0},{"damage":12,"enemies":"Mind Bloom Boss Battle","floor":39,"turns":5},{"damage":28,"enemies":"Reptomancer","floor":42,"turns":7},{"damage":0,"enemies":"3 Darklings","floor":45,"turns":1},{"damage":12,"enemies":"4 Shapes","floor":47,"turns":4},{"damage":58,"enemies":"Time Eater","floor":50,"turns":11}],"seed_played":"-6863505622977353207","potions_obtained":[{"floor":6.0,"key":"DuplicationPotion"},{"floor":8.0,"key":"LiquidMemories"},{"floor":10.0,"key":"Fire Potion"},{"floor":12.0,"key":"DuplicationPotion"},{"floor":17.0,"key":"Ancient Potion"},{"floor":18.0,"key":"DistilledChaos"},{"floor":22.0,"key":"Energy Potion"},{"floor":31.0,"key":"Explosive Potion"},{"floor":42,"key":"PowerPotion"}],"is_trial":false,"path_per_floor":["M","?","?","M","M","E","?","M","T","M","R","M","$","M","R","B",null,"M","?","M","$","M","R","E","$","T","R","?","M","?","M","R","B",null,"M","M","?","?","?","R","?","E","T","R","M","R","M","T","R","B"],"character_chosen":"RUNESMITH_CLASS","items_purchased":["Runesmith:FieryHammer+1","Juzu Bracelet","Runesmith:CraftMagma","Runesmith:ChiselStab+1","Runesmith:CraftReservo","SmokeBomb"],"campfire_rested":7,"item_purchase_floors":[13,21,21,21,21,25],"current_hp_per_floor":[70,56,56,56,56,37,37,23,23,21,42,21,21,21,42,42,75,56,75,66,66,56,56,33,33,33,55,55,55,55,35,57,6,75,46,41,41,41,29,51,51,23,23,45,45,45,33,33,55,0,0],"gold":580,"neow_bonus":"THREE_ENEMY_KILL","is_daily":false,"chose_seed":false,"campfire_upgraded":2,"win_rate":0.0,"timestamp":1614444358,"path_taken":["M","?","?","?","M","E","?","M","T","M","R","?","?","M","R","BOSS","M","?","M","$","M","R","E","$","T","R","?","M","?","M","R","BOSS","M","M","?","?","?","R","?","E","T","R","M","R","M","?","R","BOSS"],"items_purchased_type":["Card","Relic","Card","Card","Card","Potion"],"build_version":"2020-12-22","purchased_purges":0,"victory":false,"max_hp_per_floor":[70,70,70,70,70,70,70,70,70,70,70,70,70,70,70,70,75,75,75,75,75,75,75,75,75,75,75,75,75,75,75,75,75,75,75,75,75,75,75,75,75,75,75,75,75,75,75,75,75,75,75],"card_choices":[{"not_picked":["Runesmith:CraftProtectio","Runesmith:ChiselStab"],"picked":"Runesmith:UnstableHammer","floor":1.0},{"not_picked":["Runesmith:RuneHurl","Runesmith:StaticCage"],"picked":"Runesmith:Empowerment","floor":4.0},{"not_picked":["Runesmith:Grindstone","Runesmith:Augment"],"picked":"Runesmith:HammerThrow","floor":5.0},{"not_picked":["Runesmith:LastStand","Runesmith:CraftMagma"],"picked":"Runesmith:HeatedChisel","floor":6.0},{"not_picked":["Runesmith:HammerThrow","Runesmith:ShiftingStrike"],"picked":"Runesmith:BackupBattery","floor":8.0},{"not_picked":["Runesmith:ArcReactor","Runesmith:CraftObretio"],"picked":"Runesmith:PerfectChisel+1","floor":10.0},{"not_picked":["Runesmith:Attraction","Runesmith:Retool"],"picked":"Runesmith:ChiselStab+1","floor":12.0},{"not_picked":["Runesmith:Grindstone","Runesmith:PoweredAnvil"],"picked":"Runesmith:CraftProtectio","floor":14.0},{"not_picked":["Runesmith:ArcReactor","Runesmith:MetallurgicalResearch"],"picked":"Runesmith:UnlimitedPower","floor":16.0},{"not_picked":["Runesmith:PoweredAnvil","Runesmith:Terraform"],"picked":"Runesmith:HeatedChisel+1","floor":17.0},{"not_picked":["Runesmith:ChiselStab+1","Runesmith:CraftMagma"],"picked":"Runesmith:EnergizedChisel+1","floor":18.0},{"not_picked":["Runesmith:LithiumIon+1","Runesmith:Overpower+1"],"picked":"Runesmith:HeatedChisel+1","floor":20.0},{"not_picked":["Runesmith:PoweredAnvil","Runesmith:Discharge+1"],"picked":"Runesmith:HammerThrow+1","floor":22.0},{"not_picked":["Runesmith:UnlimitedPower","Runesmith:ChaoticBlast+1"],"picked":"Runesmith:CraftIncendium+1","floor":24.0},{"not_picked":["Runesmith:CraftMagma","Runesmith:HammerAndChisel"],"picked":"Runesmith:BackupBattery","floor":29.0},{"not_picked":["Runesmith:Refine","Runesmith:RuneHurl+1"],"picked":"Runesmith:ChiselStab+1","floor":31.0},{"not_picked":["Runesmith:LightningRod","Runesmith:GrandSlam+1"],"picked":"Runesmith:Duplicate","floor":33.0},{"not_picked":["Runesmith:Refine","Runesmith:PoweredAnvil+1","Runesmith:ChaoticBlast+1"],"picked":"SKIP","floor":35.0},{"not_picked":["Runesmith:ShiftingStrike+1","Runesmith:ElementalConversion+1"],"picked":"Runesmith:CraftMagma","floor":36.0},{"not_picked":["Runesmith:Attraction","Runesmith:CraftReservo+1"],"picked":"Runesmith:EnergizedChisel+1","floor":39},{"not_picked":["Runesmith:Electrocute+1","Runesmith:ChiselStab+1"],"picked":"Runesmith:Firewall","floor":42},{"not_picked":["Runesmith:Malloc+1","Runesmith:Attraction"],"picked":"Runesmith:FissionHammer+1","floor":47}],"player_experience":92638,"relics_obtained":[{"floor":6.0,"key":"Mercury Hourglass"},{"floor":9.0,"key":"Molten Egg 2"},{"floor":24.0,"key":"Akabeko"},{"floor":26.0,"key":"Oddly Smooth Stone"},{"floor":39,"key":"Old Coin"},{"floor":42,"key":"Gremlin Horn"},{"floor":42,"key":"Lantern"},{"floor":43,"key":"Incense Burner"},{"floor":48,"key":"Potion Belt"}],"event_choices":[{"damage_healed":0.0,"max_hp_gain":0.0,"max_hp_loss":0.0,"gold_gain":0.0,"event_name":"Shining Light","player_choice":"Entered Light","floor":2.0,"gold_loss":0.0,"damage_taken":14.0,"cards_upgraded":["Runesmith:CraftFirestone","Runesmith:Strike_RS"]},{"damage_healed":0.0,"max_hp_gain":0.0,"max_hp_loss":0.0,"gold_gain":0.0,"event_name":"The Woman in Blue","player_choice":"Bought 0 Potions","floor":3.0,"gold_loss":0.0,"damage_taken":0.0},{"damage_healed":0.0,"max_hp_gain":0.0,"max_hp_loss":0.0,"gold_gain":0.0,"event_name":"WeMeetAgain","player_choice":"Gave Potion","floor":7.0,"gold_loss":0.0,"damage_taken":0.0,"relics_obtained":["Vajra"]},{"damage_healed":25.0,"max_hp_gain":0.0,"max_hp_loss":0.0,"gold_gain":0.0,"event_name":"The Library","player_choice":"Heal","floor":19.0,"gold_loss":0.0,"damage_taken":0.0},{"damage_healed":0.0,"max_hp_gain":0.0,"max_hp_loss":0.0,"gold_gain":0.0,"event_name":"Wheel of Change","player_choice":"Cursed","floor":28.0,"gold_loss":0.0,"damage_taken":0.0,"cards_obtained":["Decay"]},{"damage_healed":0.0,"max_hp_gain":0.0,"max_hp_loss":0.0,"gold_gain":0.0,"event_name":"Drug Dealer","player_choice":"Inject Mutagens","floor":30.0,"gold_loss":0.0,"damage_taken":0.0,"relics_obtained":["MutagenicStrength"]},{"cards_removed":["Decay"],"damage_healed":0.0,"max_hp_gain":0.0,"max_hp_loss":0.0,"gold_gain":0.0,"event_name":"Bonfire Elementals","player_choice":"Offered Curse","floor":37.0,"gold_loss":0.0,"damage_taken":0.0,"relics_obtained":["Spirit Poop"]},{"damage_healed":0,"gold_gain":0,"player_choice":"Ignored","damage_taken":0,"max_hp_gain":0,"max_hp_loss":0,"event_name":"Mysterious Sphere","floor":38,"gold_loss":0},{"damage_healed":0,"gold_gain":0,"player_choice":"Fight","damage_taken":0,"max_hp_gain":0,"max_hp_loss":0,"event_name":"MindBloom","floor":39,"gold_loss":0},{"cards_removed":["Runesmith:BackupBattery"],"damage_healed":0,"gold_gain":0,"player_choice":"Removed Skill","damage_taken":0,"max_hp_gain":0,"max_hp_loss":0,"event_name":"Falling","floor":41,"gold_loss":0}],"is_beta":false,"boss_relics":[{"not_picked":["Velvet Choker","Philosopher\u0027s Stone"],"picked":"Tiny House"},{"not_picked":["Runesmith:UraniumAnvil","Runesmith:PocketReactor"],"picked":"Black Star"}],"items_purged_floors":[],"is_endless":false,"potions_floor_spawned":[6,8,10,12,18,22,31,42,45],"killed_by":"Time Eater","ascension_level":0}}