{"host":"n605f8gctjc87d7h","time":1614407226,"event":{"mods":["Aspiration","Bard","BaseMod","Bestiary","Better Match","Better Note","Better Skull","Better Third Choice","Conspire","Downfall","Halation","Hermit","Infinite Spire","JesterMod","Minty Spire (QoL Compilation)","Reliquary","Replay The Spire","Retaliation","Shade Mod","Spicy Shops","StS++","StSLib","The Blue Laboratory","The IronCluck","The Jungle","The Runesmith","TheSurvivalist"],"gold_per_floor":[117,117,129,15,15,48,62,62,62,88,88,103,113,113,113,192,192,204,204,35,37,37,37],"floor_reached":22,"language":"ENG","playtime":1275,"items_purged":["Injury"],"score":359,"play_id":"6655b493-c1ee-4e6e-9e7f-b4586357fb63","local_time":"20210226222706","is_ascension_mode":true,"campfire_choices":[{"data":"ReplayTheSpireMod:Muscle Training","floor":8,"key":"SMITH"},{"data":"Second Wind","floor":11,"key":"SMITH"},{"floor":15,"key":"REST"}],"circlet_count":0,"master_deck":["AscendersBane","Strike_R","Strike_R","Strike_R","Strike_R","Strike_R+1","Defend_R","Defend_R","Defend_R+1","Defend_R","Second Wind+1","Pommel Strike+1","ReplayTheSpireMod:Muscle Training+1","Warcry","Pommel Strike+1","Twin Strike+1","DDmod:EasePowerCard","Limit Break","Rupture"],"relics":["Burning Blood","reliquary:ExpiredCoupon","Molten Egg 2","Runesmith:AutoHammer","Bottled Lightning","infinitespire:Lucky Rock","Replay:Wax Seal","Simple Rune"],"acts_visited":["Exordium","TheCity"],"potions_floor_usage":[6,7,16,18],"damage_taken":[{"damage":7,"enemies":"Cultist","floor":1,"turns":4},{"damage":9,"enemies":"Jaw Worm","floor":3,"turns":6},{"damage":12,"enemies":"3 Sentries","floor":6,"turns":7},{"damage":1,"enemies":"Small Slimes","floor":7,"turns":3},{"damage":15,"enemies":"Gremlin Nob","floor":10,"turns":4},{"damage":2,"enemies":"Looter","floor":12,"turns":3},{"damage":4,"enemies":"2 Fungi Beasts","floor":13,"turns":4},{"damage":35,"enemies":"Hexaghost","floor":16,"turns":9},{"damage":16,"enemies":"conspire:FuzzyDice","floor":18,"turns":8},{"damage":35,"enemies":"2 Thieves","floor":21,"turns":5},{"damage":48,"enemies":"Cultist and Chosen","floor":22,"turns":3}],"seed_played":"3143280209645798701","potions_obtained":[{"floor":3,"key":"SneckoOil"},{"floor":6,"key":"blueLaboratory:FrostheartPotion"},{"floor":10,"key":"blueLaboratory:SmithPotion"},{"floor":16,"key":"FearPotion"}],"is_trial":false,"path_per_floor":["M","?","M","$","?","E","M","R","T","E","R","M","M","?","R","B",null,"M","?","$","M","M"],"character_chosen":"IRONCLAD","items_purchased":["ReplayTheSpireMod:Muscle Training","Simple Rune"],"campfire_rested":1,"item_purchase_floors":[4,20],"current_hp_per_floor":[67,67,64,64,64,58,63,63,63,54,54,58,60,49,71,49,69,66,66,66,40,0,0],"gold":37,"neow_bonus":"RANDOM_COMMON_RELIC","is_daily":false,"chose_seed":false,"campfire_upgraded":2,"win_rate":0.0,"timestamp":1614407226,"path_taken":["M","?","M","$","?","E","M","R","T","E","R","?","M","?","R","BOSS","M","?","$","M","M"],"items_purchased_type":["Card","Relic"],"build_version":"2020-12-22","purchased_purges":1,"victory":false,"max_hp_per_floor":[75,75,75,75,75,75,75,75,75,75,75,75,75,75,75,75,75,75,75,75,75,75,75],"card_choices":[{"not_picked":["Defy Death","DDmod:CallousedSkill"],"picked":"Second Wind","floor":1},{"not_picked":["Body Slam+1","Disarm"],"picked":"Pommel Strike+1","floor":3},{"not_picked":["Whirlwind+1","Cleave+1"],"picked":"Pommel Strike+1","floor":6},{"not_picked":["DDmod:ScaleUpSkill","DDmod:PlatedThornsSkill","Warcry"],"picked":"SKIP","floor":7},{"not_picked":["Dark Embrace","DDmod:PlatedThornsSkill"],"picked":"Twin Strike+1","floor":10},{"not_picked":["Pommel Strike+1","Havoc","Clothesline+1"],"picked":"SKIP","floor":12},{"not_picked":["Metallicize","Dark Embrace"],"picked":"DDmod:EasePowerCard","floor":13},{"not_picked":["DDmod:SpikeShotSkill","DDmod:PlatedThornsSkill"],"picked":"Limit Break","floor":16},{"not_picked":["Headbutt+1","Cleave+1"],"picked":"Rupture","floor":18},{"not_picked":["Clothesline+1","DDmod:ScaleUpSkill","Entrench"],"picked":"SKIP","floor":21}],"player_experience":927052,"relics_obtained":[{"floor":6,"key":"Runesmith:AutoHammer"},{"floor":9,"key":"Bottled Lightning"},{"floor":10,"key":"infinitespire:Lucky Rock"}],"event_choices":[{"damage_healed":0,"gold_gain":0,"cards_transformed":["Bash"],"player_choice":"Transformed","damage_taken":0,"max_hp_gain":0,"max_hp_loss":0,"event_name":"Transmorgrifier","floor":5,"gold_loss":0,"cards_obtained":["Warcry"]},{"damage_healed":0,"gold_gain":0,"player_choice":"Relic ","damage_taken":11,"max_hp_gain":0,"max_hp_loss":0,"event_name":"betterThird:BetterScrap","floor":14,"gold_loss":0,"cards_obtained":["Reboot"]},{"damage_healed":0,"gold_gain":0,"player_choice":"Ignored","damage_taken":0,"max_hp_gain":0,"max_hp_loss":0,"event_name":"Ghosts","floor":19,"gold_loss":0}],"is_beta":false,"boss_relics":[{"not_picked":["Snecko Heart","Cursed Key","halation:PinkAlligatorPlush"]}],"items_purged_floors":[4],"is_endless":false,"potions_floor_spawned":[3,6,10,16],"killed_by":"Cultist and Chosen","ascension_level":17}}