{"host":"w2kjv12xyhtt0cv2","time":1614428591,"event":{"mods":["10 clothes from DAL","100% Spire Juice","Act Like it!","BaseMod","Colored Map","Friendly Minions","Gensokyo","GifTheSpireLib","Highlight Path","Hubris","Library of Ruina","Minty Spire (QoL Compilation)","Quick Restart","Relic Stats","Reliquary","Replay The Spire","Ring Of Destiny","Robot Space Explorer","Shop Mod","Spicy Shops","StSLib","The Dragon Tamer","UnlockEverythingMod","Waifu the Spire","[IsaacMod]以撒尖塔","[功能]功能增强和修复MOD","【功能Mod】Neow奖励","【遗物卡牌】REMEMod","没有小屋子和绿帽子啦"],"gold_per_floor":[113,113,45,58,58,58,127,127,127,156,167,167,200,225,225,356,356,377,377,377,377,9,9,22,54,54,54,89,89,119,131,131,228,228,239,257,281,291,1,63,63,121,146,210,210,100,169,252,252,286,286,286,346,418,19,19],"floor_reached":55,"language":"ZHS","playtime":3969,"items_purged":["RingOfDestiny:Strike_SU","Regret","RingOfDestiny:Defend_SU"],"score":1310,"play_id":"8f8b5fa9-47ff-4d14-bd8b-9cc45b80896c","local_time":"20210227202311","is_ascension_mode":true,"campfire_choices":[{"data":"RingOfDestiny:NightPendant","floor":6.0,"key":"SMITH"},{"data":"RingOfDestiny:MaliciousBlade+1","floor":15.0,"key":"SMITH"},{"data":"RitualDagger","floor":23.0,"key":"SMITH"},{"data":"RingOfDestiny:MaliciousBlade+2","floor":27.0,"key":"SMITH"},{"data":"RingOfDestiny:MaliciousBlade+3","floor":29.0,"key":"SMITH"},{"data":"RingOfDestiny:MaliciousBlade+4","floor":32.0,"key":"SMITH"},{"floor":49,"key":"RECALL"},{"data":"BloodyBrimstone","floor":52,"key":"SMITH"}],"circlet_count":0,"master_deck":["RingOfDestiny:Defend_SU+1","RingOfDestiny:Defend_SU","RingOfDestiny:MaliciousBarrier+1","RingOfDestiny:DoomsdayStrike","RingOfDestiny:PowerOfGreed","RingOfDestiny:PowerOfEnvy","BloodyBrimstone+1","RingOfDestiny:NightPendant+1","RingOfDestiny:MaliciousBlade+5","RingOfDestiny:HegemonyOfDevil","RingOfDestiny:CostOfSoul+1","RitualDagger+1","RingOfDestiny:DoomsdayProphecy","RingOfDestiny:FairDealing","RingOfDestiny:ConqueringBlade","RingOfDestiny:DoomsdayProphecy","RingOfDestiny:PowerOfEnvy+1","RingOfDestiny:AbyssOfDesire+1","BloodyBrimstone+1","HandOfGreedExtend"],"relics":["REME_ComplimentaryCards","HushsDoor","DeadEye","hubris:RunicObelisk","reliquary:TuningFork","Replay:Bottled Flurry","DALC_WAN","PageOfBloodbath","Bloody Idol","RingOfDestiny:RingOfSoul","hubris:Backtick","RingOfDestiny:ShadowKunai","hubris:Towel","hubris:BottledRain","Potion Belt","Bottled Lightning","PageOfAspirationHeart","EdensBlessing","Replay:Grab Bag","Coffee Dripper","SlaversCollar","GuppysCollar","reliquary:TatteredRug","Replay:Bandana","Mango","reliquary:Sideboard","Lizard Tail","reliquary:RoseTintedGlasses","Blue Doll","reliquary:OuijaBoard","Membership Card","DollysMirror","hubris:SlimyHat","hubris:NiceRug","War Paint","BookOfRevelations","TuHaoJin","PageOfGalaxyChild"],"acts_visited":["Exordium","RingOfDestiny:KnowledgeHall","TheBeyond","TheEnding"],"potions_floor_usage":[47,55,55,55,55,55],"damage_taken":[{"damage":0.0,"enemies":"Cultist","floor":1.0,"turns":2.0},{"damage":2.0,"enemies":"Small Slimes","floor":4.0,"turns":2.0},{"damage":10.0,"enemies":"3 Sentries","floor":7.0,"turns":5.0},{"damage":1.0,"enemies":"Lagavulin","floor":10.0,"turns":5.0},{"damage":0.0,"enemies":"Jaw Worm","floor":11.0,"turns":1.0},{"damage":12.0,"enemies":"3 Sentries","floor":13.0,"turns":3.0},{"damage":0.0,"enemies":"Large Slime","floor":14.0,"turns":3.0},{"damage":40.0,"enemies":"Fading Forest","floor":16.0,"turns":11.0},{"damage":12.0,"enemies":"2 Thieves","floor":18.0,"turns":3.0},{"damage":5.0,"enemies":"Spheric Guardian","floor":24.0,"turns":3.0},{"damage":25.0,"enemies":"Gremlin Leader","floor":25.0,"turns":4.0},{"damage":27.0,"enemies":"Book of Stabbing","floor":28.0,"turns":4.0},{"damage":27.0,"enemies":"Slavers","floor":30.0,"turns":3.0},{"damage":17.0,"enemies":"Centurion and Healer","floor":31.0,"turns":2.0},{"damage":38.0,"enemies":"Champ","floor":33.0,"turns":9.0},{"damage":21.0,"enemies":"3 Shapes","floor":35.0,"turns":3.0},{"damage":0.0,"enemies":"Orb Walker","floor":36.0,"turns":1.0},{"damage":6.0,"enemies":"3 Darklings","floor":38.0,"turns":3.0},{"damage":21.0,"enemies":"Giant Head","floor":40.0,"turns":6.0},{"damage":0.0,"enemies":"R_Hoarder","floor":42.0,"turns":5.0},{"damage":17.0,"enemies":"Giant Head","floor":44.0,"turns":6.0},{"damage":6,"enemies":"Reptomancer","floor":47,"turns":4},{"damage":0,"enemies":"2 Orb Walkers","floor":48,"turns":3},{"damage":0,"enemies":"hubris:GrandSnecko","floor":50,"turns":8},{"damage":4,"enemies":"hubris:Merchant","floor":53,"turns":4},{"damage":67,"enemies":"Shield and Spear","floor":54,"turns":5},{"damage":0,"enemies":"Delirium","floor":55,"turns":15}],"seed_played":"4112275920151286999","potions_obtained":[{"floor":1.0,"key":"ColorlessPotion"},{"floor":7.0,"key":"ColorlessPotion"},{"floor":14.0,"key":"FearPotion"},{"floor":16.0,"key":"Dexterity Potion"},{"floor":18.0,"key":"LiquidBronze"},{"floor":24.0,"key":"EntropicBrew"},{"floor":33.0,"key":"SneckoOil"},{"floor":35.0,"key":"LiquidBronze"},{"floor":40.0,"key":"Adrenaline Potion"},{"floor":53,"key":"DistilledChaos"},{"floor":53,"key":"GamblersBrew"},{"floor":53,"key":"AttackPotion"},{"floor":53,"key":"LiquidMemories"}],"is_trial":false,"path_per_floor":["M","?","$","M","?","R","E","?","T","E","M","?","E","M","R","B",null,"M","?","?","?","$","R","M","E","T","R","E","R","E","M","R","B",null,"M","M","T","M","$","E","?","E","T","E","?","$","E","?","R_BF","B",null,"R","$","E","B"],"character_chosen":"Summoner","items_purchased":["RingOfDestiny:DoomsdayProphecy","hubris:BottledRain","GuppysCollar","RingOfDestiny:DoomsdayProphecy","Replay:Bandana","Mango","Adrenaline Potion","SpeedPotion","Membership Card","DollysMirror","hubris:SlimyHat","HandOfGreedExtend"],"campfire_rested":0,"item_purchase_floors":[22,22,34,34,39,39,46,46,53,53,53,53],"current_hp_per_floor":[79,79,79,77,77,77,70,70,70,73,77,77,66,70,70,57,75,72,72,72,66,66,66,75,75,75,75,75,75,66,74,74,93,76,63,76,76,76,90,90,90,90,90,90,90,90,90,90,90,87,87,87,87,41,81,81],"gold":19,"neow_bonus":"BOSS_RELIC","is_daily":false,"chose_seed":false,"campfire_upgraded":7,"win_rate":0.0,"timestamp":1614428591,"path_taken":["M","?","$","M","?","R","E","?","T","E","M","?","E","M","R","BOSS","M","?","?","?","$","R","M","E","T","R","E","R","E","M","R","BOSS","M","?","?","M","$","E","?","E","T","E","?","?","E","?","R_BF","BOSS","R","$","E","BOSS"],"items_purchased_type":["Card","Relic","Relic","Card","Relic","Relic","Potion","Potion","Relic","Relic","Relic","Card"],"build_version":"2020-12-22","purchased_purges":3,"victory":false,"max_hp_per_floor":[88,88,88,88,88,88,88,88,88,88,88,81,81,81,81,81,81,81,81,81,81,81,81,81,81,81,81,93,93,93,93,93,93,76,76,76,76,76,90,90,90,90,90,90,90,90,90,90,90,87,87,87,87,87,81,81],"relic_stats":{"Lizard Tail":0,"counters":[27,122],"Bloody Idol":42,"War Paint":["RingOfDestiny:Defend_SU","RingOfDestiny:MaliciousBarrier"],"obtain_stats":[{"reliquary:OuijaBoard":48,"Mango":39,"Blue Doll":47,"hubris:SlimyHat":53,"DeadEye":0,"hubris:RunicObelisk":0,"Replay:Bandana":39,"Lizard Tail":42,"hubris:Backtick":17,"DollysMirror":53,"RingOfDestiny:RingOfSoul":13,"reliquary:RoseTintedGlasses":44,"TuHaoJin":53,"Replay:Bottled Flurry":8,"KeepersGift":0,"Potion Belt":25,"Golden Idol":12,"reliquary:Sideboard":40,"Replay:Grab Bag":34,"BookOfRevelations":53,"DALC_WAN":9,"PageOfBloodbath":10,"RingOfDestiny:ShadowKunai":17,"reliquary:TatteredRug":37,"hubris:Towel":20,"War Paint":53,"RingOfDestiny:DemonicContract":0,"PageOfAspirationHeart":28,"SlaversCollar":34,"PageOfGalaxyChild":54,"Bloody Idol":19,"reliquary:TuningFork":7,"Coffee Dripper":34,"Bottled Lightning":26,"Membership Card":53,"EdensBlessing":30,"HushsDoor":0,"GuppysCollar":34,"REME_ComplimentaryCards":0,"hubris:BottledRain":22,"hubris:NiceRug":53},{"reliquary:OuijaBoard":23,"Mango":18,"Blue Doll":22,"hubris:SlimyHat":24,"DeadEye":0,"hubris:RunicObelisk":0,"Replay:Bandana":18,"Lizard Tail":20,"hubris:Backtick":8,"DollysMirror":24,"RingOfDestiny:RingOfSoul":6,"reliquary:RoseTintedGlasses":21,"TuHaoJin":25,"Replay:Bottled Flurry":3,"KeepersGift":0,"Potion Belt":11,"Golden Idol":5,"reliquary:Sideboard":19,"Replay:Grab Bag":15,"BookOfRevelations":25,"DALC_WAN":3,"PageOfBloodbath":4,"RingOfDestiny:ShadowKunai":8,"reliquary:TatteredRug":17,"hubris:Towel":9,"War Paint":25,"RingOfDestiny:DemonicContract":0,"PageOfAspirationHeart":12,"SlaversCollar":15,"PageOfGalaxyChild":26,"Bloody Idol":9,"reliquary:TuningFork":3,"Coffee Dripper":15,"Bottled Lightning":11,"Membership Card":24,"EdensBlessing":13,"HushsDoor":0,"GuppysCollar":15,"REME_ComplimentaryCards":0,"hubris:BottledRain":9,"hubris:NiceRug":25},{"reliquary:OuijaBoard":91,"Mango":67,"Blue Doll":88,"hubris:SlimyHat":99,"DeadEye":0,"hubris:RunicObelisk":0,"Replay:Bandana":67,"Lizard Tail":78,"hubris:Backtick":32,"DollysMirror":99,"RingOfDestiny:RingOfSoul":18,"reliquary:RoseTintedGlasses":84,"TuHaoJin":103,"Replay:Bottled Flurry":9,"KeepersGift":0,"Potion Belt":42,"Golden Idol":15,"reliquary:Sideboard":73,"Replay:Grab Bag":60,"BookOfRevelations":103,"DALC_WAN":9,"PageOfBloodbath":14,"RingOfDestiny:ShadowKunai":32,"reliquary:TatteredRug":64,"hubris:Towel":35,"War Paint":103,"RingOfDestiny:DemonicContract":0,"PageOfAspirationHeart":46,"SlaversCollar":60,"PageOfGalaxyChild":108,"Bloody Idol":35,"reliquary:TuningFork":9,"Coffee Dripper":60,"Bottled Lightning":42,"Membership Card":99,"EdensBlessing":49,"HushsDoor":0,"GuppysCollar":60,"REME_ComplimentaryCards":0,"hubris:BottledRain":35,"hubris:NiceRug":103}]},"card_choices":[{"not_picked":[],"picked":"BloodyBrimstone","floor":0.0},{"not_picked":["RingOfDestiny:ManaEnhance","RingOfDestiny:MaliciousBarrier","RingOfDestiny:CupOfDesire"],"picked":"SKIP","floor":1.0},{"not_picked":["RingOfDestiny:MaliciousLeakage","RingOfDestiny:DemonGovernor","RingOfDestiny:TortureBlade"],"picked":"SKIP","floor":4.0},{"not_picked":["RingOfDestiny:TemptingFruits","RingOfDestiny:CupOfDesire","RingOfDestiny:CrownOfPride"],"picked":"SKIP","floor":7.0},{"not_picked":["RingOfDestiny:MaliciousFang","RingOfDestiny:MaliciousBlade","RingOfDestiny:SoulAccumulation"],"picked":"SKIP","floor":10.0},{"not_picked":["RingOfDestiny:AbyssOfDesire","RingOfDestiny:PowerOfEnvy","RingOfDestiny:RingOfGreed"],"picked":"SKIP","floor":11.0},{"not_picked":["RingOfDestiny:RingOfGreed","RingOfDestiny:EnvyNecklace","RingOfDestiny:MaliciousBlade"],"picked":"SKIP","floor":13.0},{"not_picked":["RingOfDestiny:PowerOfEnvy","RingOfDestiny:DoomsdayStrike","RingOfDestiny:CupOfDesire"],"picked":"SKIP","floor":14.0},{"not_picked":["RingOfDestiny:PowerOfWrath","RingOfDestiny:DoomsdayLava"],"picked":"RingOfDestiny:HegemonyOfDevil","floor":16.0},{"not_picked":["RingOfDestiny:CupOfDesire","RingOfDestiny:FairDealing"],"picked":"RingOfDestiny:CostOfSoul+1","floor":18.0},{"not_picked":["RingOfDestiny:TortureBlade","RingOfDestiny:GreedySummon"],"picked":"RingOfDestiny:FairDealing","floor":24.0},{"not_picked":["RingOfDestiny:LazyCloak","RingOfDestiny:DoomsdayProtection"],"picked":"RingOfDestiny:ConqueringBlade","floor":25.0},{"not_picked":["RingOfDestiny:DoomsdayMeteorite","RingOfDestiny:SoulDiversion","RingOfDestiny:Demonic"],"picked":"SKIP","floor":28.0},{"not_picked":["RingOfDestiny:EnvyNecklace+1","RingOfDestiny:SoulDiversion","RingOfDestiny:MaliciousErode"],"picked":"SKIP","floor":30.0},{"not_picked":["RingOfDestiny:GreedySummon","RingOfDestiny:MaliciousBarrier","RingOfDestiny:SoulAccumulation"],"picked":"SKIP","floor":31.0},{"not_picked":["RingOfDestiny:EnvyNecklace+1","RingOfDestiny:SoulDiversion+1"],"picked":"RingOfDestiny:PowerOfEnvy+1","floor":35.0},{"not_picked":["RingOfDestiny:MaliciousRelease+1","RingOfDestiny:TemptingFruits+1","RingOfDestiny:CostOfSoul"],"picked":"SKIP","floor":36.0},{"not_picked":["RingOfDestiny:DemonVanguard+1","RingOfDestiny:Demonic+1"],"picked":"RingOfDestiny:AbyssOfDesire+1","floor":38.0},{"not_picked":["RingOfDestiny:GreedySummon","RingOfDestiny:CupOfDesire"],"picked":"RingOfDestiny:MaliciousSuppress+1","floor":40.0},{"not_picked":["RingOfDestiny:PowerOfEnvy","RingOfDestiny:DemonVanguard","RingOfDestiny:DoomsdayProtection"],"picked":"SKIP","floor":42.0},{"not_picked":["RingOfDestiny:PowerOfGluttony+1","RingOfDestiny:MaliciousBarrier+1","RingOfDestiny:PowerOfWrath"],"picked":"SKIP","floor":44},{"not_picked":["RingOfDestiny:FairDealing+1","RingOfDestiny:Demonic+1"],"picked":"RingOfDestiny:AbyssOfDesire+1","floor":47},{"not_picked":[],"picked":"RingOfDestiny:DoomsdayProphecy","floor":53},{"not_picked":[],"picked":"ReplayTheSpireMod:Brewmster","floor":53},{"not_picked":["RingOfDestiny:SarcasticSword+1"],"picked":"SKIP","floor":53},{"not_picked":["RingOfDestiny:PowerOfEnvy"],"picked":"SKIP","floor":53},{"not_picked":["RingOfDestiny:SoulAccumulation"],"picked":"SKIP","floor":53},{"not_picked":["RingOfDestiny:AngerSword"],"picked":"SKIP","floor":53},{"not_picked":["RingOfDestiny:EnvyNecklace+1","RingOfDestiny:PowerOfGreed+1","RingOfDestiny:MaliciousRelease+1"],"picked":"SKIP","floor":54}],"player_experience":98754,"relics_obtained":[{"floor":7.0,"key":"reliquary:TuningFork"},{"floor":9.0,"key":"DALC_WAN"},{"floor":10.0,"key":"PageOfBloodbath"},{"floor":13.0,"key":"RingOfDestiny:RingOfSoul"},{"floor":25.0,"key":"Potion Belt"},{"floor":26.0,"key":"Bottled Lightning"},{"floor":28.0,"key":"PageOfAspirationHeart"},{"floor":30.0,"key":"EdensBlessing"},{"floor":37.0,"key":"reliquary:TatteredRug"},{"floor":40.0,"key":"reliquary:Sideboard"},{"floor":42.0,"key":"Lizard Tail"},{"floor":44,"key":"reliquary:RoseTintedGlasses"},{"floor":47,"key":"Blue Doll"},{"floor":48,"key":"reliquary:OuijaBoard"},{"floor":53,"key":"War Paint"},{"floor":53,"key":"BookOfRevelations"},{"floor":53,"key":"TuHaoJin"},{"floor":54,"key":"PageOfGalaxyChild"}],"event_choices":[{"damage_healed":0.0,"max_hp_gain":0.0,"max_hp_loss":0.0,"gold_gain":0.0,"event_name":"Big Fish","player_choice":"Box","floor":8.0,"gold_loss":0.0,"damage_taken":0.0,"relics_obtained":["Replay:Bottled Flurry"],"cards_obtained":["Regret"]},{"damage_healed":0.0,"max_hp_gain":0.0,"max_hp_loss":7.0,"gold_gain":0.0,"event_name":"Golden Idol","player_choice":"Lose Max HP","floor":12.0,"gold_loss":0.0,"damage_taken":0.0,"relics_obtained":["Golden Idol"]},{"damage_healed":0.0,"max_hp_gain":0.0,"max_hp_loss":0.0,"gold_gain":0.0,"event_name":"Forgotten Altar","player_choice":"Gave Idol","floor":19.0,"relics_lost":["Golden Idol"],"gold_loss":0.0,"damage_taken":0.0,"relics_obtained":["Bloody Idol"]},{"damage_healed":0.0,"max_hp_gain":0.0,"max_hp_loss":0.0,"gold_gain":0.0,"event_name":"Nest","player_choice":"Joined the Cult","floor":21.0,"gold_loss":0.0,"damage_taken":6.0,"cards_obtained":["RitualDagger"]},{"cards_removed":["RingOfDestiny:Strike_SU"],"damage_healed":0.0,"max_hp_gain":0.0,"max_hp_loss":0.0,"gold_gain":0.0,"event_name":"Purifier","player_choice":"Purged","floor":41.0,"gold_loss":0.0,"damage_taken":0.0},{"damage_healed":0,"gold_gain":0,"player_choice":"Ignored","damage_taken":0,"max_hp_gain":0,"max_hp_loss":0,"event_name":"Tomb of Lord Red Mask","floor":45,"gold_loss":0},{"damage_healed":0,"gold_gain":0,"player_choice":"Fight","damage_taken":0,"max_hp_gain":0,"max_hp_loss":0,"event_name":"Mysterious Sphere","floor":48,"gold_loss":0}],"is_beta":false,"boss_relics":[{"not_picked":["Runic Dome","reliquary:WritOfMandamus"],"picked":"hubris:Backtick"},{"not_picked":[]},{"not_picked":["MagicMushroom","Empty Cage"],"picked":"Replay:Grab Bag"},{"not_picked":["hubris:CrackedHourglass","ChewingGum"],"picked":"Coffee Dripper"},{"not_picked":["Sozu","Fusion Hammer"],"picked":"SlaversCollar"},{"not_picked":[]}],"items_purged_floors":[3,39,46],"is_endless":false,"potions_floor_spawned":[1,7,14,16,18,24,33,35,40],"killed_by":"Delirium","ascension_level":7}}