{"host":"9l4mw5jqza9qz9hr","time":1614436561,"event":{"mods":["AchievementEnabler","Always Whale","BaseMod","Colored Map","Minty Spire (QoL Compilation)","StSLib","SuperFastMode"],"gold_per_floor":[112,62,80,80,80,115,115,139,139,139,154,170,188,60,60,154,154,177,177,177,201,221,259,282,326,326,68,68,193,217,233,233,327,327,351,372,372,120,186,230,250,250,276,312,351,372,416,416,416,416],"floor_reached":51,"language":"KOR","playtime":2293,"items_purged":["Strike_R","Headbutt"],"score":1574,"play_id":"77250366-f7f7-439c-9a5c-cf29ab621f71","local_time":"20210227233601","is_ascension_mode":true,"campfire_choices":[{"data":"Body Slam","floor":7,"key":"SMITH"},{"data":"Second Wind","floor":10,"key":"SMITH"},{"data":"Armaments","floor":15,"key":"SMITH"},{"data":"Dark Embrace","floor":32,"key":"SMITH"},{"data":"Feel No Pain","floor":42,"key":"SMITH"},{"floor":49,"key":"REST"}],"circlet_count":0,"master_deck":["AscendersBane","Body Slam+1","Second Wind+1","Disarm","Armaments+1","Wild Strike","Impervious","Power Through","Evolve","Burning Pact","Uppercut","Disarm","Battle Trance+1","Corruption","Body Slam+1","Shockwave+1","Sentinel","Entrench+1","Apotheosis+1","Feel No Pain+1","Power Through+1","Ghostly Armor+1","Fire Breathing+1","Dark Embrace+1","Offering+1","Shrug It Off+1","Madness+1","Madness+1","Shrug It Off+1","Offering+1"],"relics":["Burning Blood","NeowsBlessing","Golden Idol","Mango","Sundial","Pandora\u0027s Box","Centennial Puzzle","Toy Ornithopter","Toxic Egg 2","Magic Flower","Molten Egg 2","Empty Cage","Orrery","WingedGreaves","Omamori","Darkstone Periapt","Kunai","Gambling Chip"],"acts_visited":["Exordium","TheCity","TheBeyond"],"potions_floor_usage":[21,23,41,50],"damage_taken":[{"damage":0,"enemies":"2 Louse","floor":1,"turns":2},{"damage":0,"enemies":"Small Slimes","floor":3,"turns":1},{"damage":0,"enemies":"Gremlin Nob","floor":6,"turns":1},{"damage":2,"enemies":"Jaw Worm","floor":8,"turns":3},{"damage":19,"enemies":"Blue Slaver","floor":11,"turns":4},{"damage":14,"enemies":"Red Slaver","floor":12,"turns":5},{"damage":19,"enemies":"Large Slime","floor":13,"turns":7},{"damage":41,"enemies":"Hexaghost","floor":16,"turns":13},{"damage":12,"enemies":"Shell Parasite","floor":18,"turns":9},{"damage":20,"enemies":"3 Byrds","floor":21,"turns":7},{"damage":4,"enemies":"Snake Plant","floor":22,"turns":5},{"damage":14,"enemies":"Slavers","floor":23,"turns":4},{"damage":13,"enemies":"3 Cultists","floor":24,"turns":5},{"damage":5,"enemies":"Book of Stabbing","floor":25,"turns":5},{"damage":0,"enemies":"Colosseum Slavers","floor":29,"turns":6},{"damage":0,"enemies":"Colosseum Nobs","floor":29,"turns":5},{"damage":0,"enemies":"Shelled Parasite and Fungi","floor":30,"turns":5},{"damage":13,"enemies":"Snecko","floor":31,"turns":5},{"damage":11,"enemies":"Collector","floor":33,"turns":8},{"damage":6,"enemies":"3 Shapes","floor":35,"turns":4},{"damage":10,"enemies":"Orb Walker","floor":36,"turns":4},{"damage":12,"enemies":"2 Orb Walkers","floor":39,"turns":4},{"damage":20,"enemies":"Reptomancer","floor":40,"turns":4},{"damage":12,"enemies":"Spire Growth","floor":41,"turns":2},{"damage":12,"enemies":"Giant Head","floor":44,"turns":3},{"damage":12,"enemies":"Reptomancer","floor":45,"turns":1},{"damage":15,"enemies":"Maw","floor":46,"turns":3},{"damage":28,"enemies":"Nemesis","floor":47,"turns":4},{"damage":14,"enemies":"Donu and Deca","floor":50,"turns":5}],"seed_played":"-3457047754756357179","potions_obtained":[{"floor":3,"key":"SteroidPotion"},{"floor":8,"key":"ColorlessPotion"},{"floor":16,"key":"Fire Potion"},{"floor":22,"key":"LiquidMemories"},{"floor":24,"key":"Energy Potion"},{"floor":41,"key":"BlessingOfTheForge"},{"floor":44,"key":"Weak Potion"}],"is_trial":false,"path_per_floor":["M","?","M","?","?","E","R","M","T","R","M","M","M","$","R","B",null,"M","?","?","M","M","E","M","E","T","$","?","?","M","M","R","B",null,"M","M","?","$","?","E","M","R","T","E","E","M","E","?","R","B",null],"character_chosen":"IRONCLAD","items_purchased":["Wild Strike","Apotheosis+1","Feel No Pain","Orrery"],"campfire_rested":1,"item_purchase_floors":[14,27,27,38],"current_hp_per_floor":[74,74,75,57,62,82,82,86,86,86,73,65,52,52,52,17,75,69,69,69,55,57,49,42,43,43,43,43,55,64,60,60,58,85,88,87,75,75,72,61,66,66,66,63,60,54,35,35,63,66],"gold":416,"neow_bonus":"THREE_ENEMY_KILL","is_daily":false,"chose_seed":false,"campfire_upgraded":5,"win_rate":0.0,"timestamp":1614436561,"path_taken":["M","?","M","?","?","E","R","M","T","R","M","M","M","?","R","BOSS","M","?","?","M","?","E","M","E","T","$","?","?","M","M","R","BOSS","M","M","?","$","?","E","M","R","T","E","E","M","E","?","R","BOSS"],"items_purchased_type":["Card","Card","Card","Relic"],"build_version":"2020-12-22","purchased_purges":2,"victory":true,"max_hp_per_floor":[75,75,75,75,80,94,94,94,94,94,94,94,94,94,94,94,94,94,94,94,94,94,94,94,94,94,94,94,94,94,94,94,94,94,94,94,94,94,94,94,94,94,94,94,94,94,94,94,94,94],"card_choices":[{"not_picked":["Cleave","Armaments"],"picked":"Body Slam","floor":1},{"not_picked":["Warcry","Clothesline"],"picked":"Headbutt","floor":3},{"not_picked":["Body Slam","True Grit"],"picked":"Second Wind","floor":6},{"not_picked":["Rage","Headbutt","Whirlwind"],"picked":"SKIP","floor":8},{"not_picked":["Uppercut","Pommel Strike"],"picked":"Disarm","floor":11},{"not_picked":["Clash","Brutality","Headbutt"],"picked":"SKIP","floor":12},{"not_picked":["Blood for Blood","Rupture"],"picked":"Armaments","floor":13},{"not_picked":["Corruption","Bludgeon"],"picked":"Impervious","floor":16},{"not_picked":["Headbutt","Anger"],"picked":"Battle Trance+1","floor":18},{"not_picked":["Anger","Clash"],"picked":"Shockwave+1","floor":21},{"not_picked":["Body Slam","Clash","Disarm"],"picked":"SKIP","floor":22},{"not_picked":["Fiend Fire","Clash"],"picked":"Sentinel","floor":23},{"not_picked":["Perfected Strike+1","Spot Weakness","Battle Trance"],"picked":"SKIP","floor":24},{"not_picked":["True Grit","Heavy Blade+1"],"picked":"Entrench+1","floor":25},{"not_picked":["Perfected Strike+1","Rampage+1"],"picked":"Ghostly Armor+1","floor":29},{"not_picked":["Power Through+1","Armaments+1"],"picked":"Fire Breathing+1","floor":30},{"not_picked":["Infernal Blade+1","Flame Barrier+1"],"picked":"Dark Embrace","floor":31},{"not_picked":["Exhume+1","Reaper+1"],"picked":"Offering+1","floor":33},{"not_picked":["Wild Strike+1","Havoc+1"],"picked":"Shrug It Off+1","floor":35},{"not_picked":["Iron Wave+1","Wild Strike+1","Anger+1"],"picked":"SKIP","floor":36},{"not_picked":["Armaments+1","Inflame"],"picked":"Shrug It Off+1","floor":38},{"not_picked":["Heavy Blade+1","Pommel Strike+1"],"picked":"Shrug It Off+1","floor":38},{"not_picked":["Second Wind+1","Anger+1"],"picked":"Offering+1","floor":38},{"not_picked":["Bludgeon+1","Whirlwind+1","Clothesline+1"],"picked":"SKIP","floor":40},{"not_picked":["Perfected Strike+1","Heavy Blade+1","Anger+1"],"picked":"SKIP","floor":41},{"not_picked":["Whirlwind+1","Feed+1","Dropkick+1"],"picked":"SKIP","floor":44},{"not_picked":["Sentinel+1","Dropkick+1","Flex+1"],"picked":"SKIP","floor":45},{"not_picked":["Perfected Strike+1","Cleave+1","Armaments+1"],"picked":"SKIP","floor":46},{"not_picked":["Headbutt+1","Perfected Strike+1","Blood for Blood+1"],"picked":"SKIP","floor":47}],"player_experience":272576,"relics_obtained":[{"floor":6,"key":"Mango"},{"floor":9,"key":"Sundial"},{"floor":23,"key":"Centennial Puzzle"},{"floor":25,"key":"Toy Ornithopter"},{"floor":26,"key":"Toxic Egg 2"},{"floor":29,"key":"Magic Flower"},{"floor":29,"key":"Molten Egg 2"},{"floor":39,"key":"WingedGreaves"},{"floor":40,"key":"Omamori"},{"floor":44,"key":"Darkstone Periapt"},{"floor":45,"key":"Kunai"},{"floor":47,"key":"Gambling Chip"}],"event_choices":[{"cards_removed":["Strike_R"],"damage_healed":0,"gold_gain":0,"player_choice":"Card Removal","damage_taken":0,"max_hp_gain":0,"max_hp_loss":0,"event_name":"The Cleric","floor":2,"gold_loss":50},{"damage_healed":0,"gold_gain":0,"player_choice":"Take Damage","damage_taken":18,"relics_obtained":["Golden Idol"],"max_hp_gain":0,"max_hp_loss":0,"event_name":"Golden Idol","floor":4,"gold_loss":0},{"damage_healed":0,"gold_gain":0,"player_choice":"Donut","damage_taken":0,"max_hp_gain":5,"max_hp_loss":0,"event_name":"Big Fish","floor":5,"gold_loss":0},{"damage_healed":0,"gold_gain":0,"cards_transformed":["Flex","Armaments"],"player_choice":"Became Test Subject","damage_taken":0,"max_hp_gain":0,"max_hp_loss":0,"event_name":"Drug Dealer","floor":19,"gold_loss":0,"cards_obtained":["Corruption","Burning Pact"]},{"damage_healed":0,"gold_gain":0,"player_choice":"Copied","damage_taken":0,"max_hp_gain":0,"max_hp_loss":0,"event_name":"Duplicator","floor":20,"gold_loss":0,"cards_obtained":["Body Slam"]},{"damage_healed":0,"gold_gain":0,"player_choice":"Read","damage_taken":0,"max_hp_gain":0,"max_hp_loss":0,"event_name":"The Library","floor":28,"gold_loss":0,"cards_obtained":["Power Through"]},{"damage_healed":0,"gold_gain":0,"player_choice":"Fight","damage_taken":0,"max_hp_gain":0,"max_hp_loss":0,"event_name":"Colosseum","floor":29,"gold_loss":0},{"damage_healed":0,"gold_gain":0,"player_choice":"Fought Nobs","damage_taken":0,"max_hp_gain":0,"max_hp_loss":0,"event_name":"Colosseum","floor":29,"gold_loss":0},{"damage_healed":0,"gold_gain":0,"player_choice":"Embrace Madness","damage_taken":12,"max_hp_gain":0,"max_hp_loss":0,"event_name":"Winding Halls","floor":37,"gold_loss":0,"cards_obtained":["Madness","Madness"]},{"damage_healed":0,"gold_gain":0,"player_choice":"Fight","damage_taken":0,"max_hp_gain":0,"max_hp_loss":0,"event_name":"Mysterious Sphere","floor":39,"gold_loss":0},{"cards_removed":["Shrug It Off"],"damage_healed":0,"gold_gain":0,"player_choice":"Removed Skill","damage_taken":0,"max_hp_gain":0,"max_hp_loss":0,"event_name":"Falling","floor":48,"gold_loss":0}],"is_beta":false,"boss_relics":[{"not_picked":["SacredBark","Cursed Key"],"picked":"Pandora\u0027s Box"},{"not_picked":["Runic Cube","Velvet Choker"],"picked":"Empty Cage"}],"items_purged_floors":[14,38],"is_endless":false,"potions_floor_spawned":[3,8,16,22,24,29,30,41,44,45],"ascension_level":14}}