{"host":"pke0xxyzw0teju56","time":1614456385,"event":{"mods":["BaseMod","Bestiary","Colored Powertips","Highlight Path","Minty Spire (QoL Compilation)","Relic Stats","Slay the Relics Exporter","StSLib"],"gold_per_floor":[112,131,131,147,158,158,168,183,232,232,242,268,268,282,282,356,356,372,383,403,13,25,25,25,25],"floor_reached":24,"language":"ENG","playtime":1572,"items_purged":["Strike_G"],"score":408,"play_id":"2744de61-3d14-4ead-adc6-067d1382f477","local_time":"20210227150625","is_ascension_mode":true,"campfire_choices":[{"data":"Dagger Spray","floor":6,"key":"SMITH"},{"floor":10,"key":"REST"},{"data":"Catalyst","floor":13,"key":"SMITH"},{"floor":15,"key":"REST"},{"floor":23,"key":"REST"}],"circlet_count":0,"master_deck":["AscendersBane","Strike_G","Strike_G","Strike_G","Defend_G","Defend_G","Defend_G","Defend_G","Defend_G","Survivor","Neutralize","Backstab","Dagger Spray+1","Deadly Poison","PiercingWail","Cloak And Dagger","Catalyst+1","Blade Dance","Bouncing Flask","Well Laid Plans","After Image","Catalyst","Blade Dance+1","Deflect"],"relics":["Ring of the Snake","Akabeko","Smiling Mask","Cursed Key","Paper Crane"],"acts_visited":["Exordium","TheCity"],"potions_floor_usage":[5,7,16,22,24],"damage_taken":[{"damage":2,"enemies":"Cultist","floor":1,"turns":5},{"damage":7,"enemies":"Jaw Worm","floor":2,"turns":4},{"damage":0,"enemies":"Small Slimes","floor":4,"turns":2},{"damage":12,"enemies":"Exordium Wildlife","floor":5,"turns":6},{"damage":12,"enemies":"Gremlin Gang","floor":7,"turns":4},{"damage":2,"enemies":"2 Fungi Beasts","floor":8,"turns":5},{"damage":5,"enemies":"Large Slime","floor":11,"turns":7},{"damage":13,"enemies":"Lagavulin","floor":12,"turns":6},{"damage":3,"enemies":"Blue Slaver","floor":14,"turns":3},{"damage":32,"enemies":"Slime Boss","floor":16,"turns":10},{"damage":0,"enemies":"Chosen","floor":18,"turns":3},{"damage":11,"enemies":"Shell Parasite","floor":19,"turns":4},{"damage":42,"enemies":"Sentry and Sphere","floor":20,"turns":8},{"damage":1,"enemies":"Snecko","floor":22,"turns":4},{"damage":29,"enemies":"Book of Stabbing","floor":24,"turns":3}],"seed_played":"8142100850829829898","potions_obtained":[{"floor":1,"key":"Explosive Potion"},{"floor":4,"key":"SkillPotion"},{"floor":5,"key":"EssenceOfSteel"},{"floor":16,"key":"AttackPotion"}],"is_trial":false,"path_per_floor":["M","M","?","M","M","R","M","M","T","R","M","E","R","M","R","B",null,"M","M","M","$","M","R","E"],"character_chosen":"THE_SILENT","items_purchased":["Paper Crane","AttackPotion"],"campfire_rested":3,"item_purchase_floors":[21,21],"current_hp_per_floor":[63,56,49,49,37,37,25,23,23,44,39,26,26,23,44,12,57,57,46,4,4,3,24,0,0],"gold":25,"neow_bonus":"TEN_PERCENT_HP_BONUS","is_daily":false,"chose_seed":false,"campfire_upgraded":2,"win_rate":0.0,"timestamp":1614456385,"path_taken":["M","M","?","M","M","R","M","M","T","R","M","E","R","M","R","BOSS","M","M","M","$","M","R","E"],"items_purchased_type":["Relic","Potion"],"build_version":"2020-12-22","purchased_purges":1,"victory":false,"max_hp_per_floor":[72,72,72,72,72,72,72,72,72,72,72,72,72,72,72,72,72,72,72,72,72,72,72,72,72],"relic_stats":{"counters":[15,74],"Smiling Mask":25,"Cursed Key":0,"obtain_stats":[{"Paper Crane":21,"Smiling Mask":12,"Cursed Key":17,"Akabeko":9,"Ring of the Snake":0},{"Paper Crane":13,"Smiling Mask":8,"Cursed Key":10,"Akabeko":6,"Ring of the Snake":0},{"Paper Crane":67,"Smiling Mask":39,"Cursed Key":52,"Akabeko":26,"Ring of the Snake":0}],"Ring of the Snake":[30]},"card_choices":[{"not_picked":["Reflex","Masterful Stab"],"picked":"Backstab","floor":1},{"not_picked":["Deadly Poison","Cloak And Dagger"],"picked":"Dagger Spray","floor":2},{"not_picked":["Acrobatics","Backflip"],"picked":"Deadly Poison","floor":4},{"not_picked":["Calculated Gamble","Deadly Poison"],"picked":"PiercingWail","floor":5},{"not_picked":["Sucker Punch","Deflect"],"picked":"Cloak And Dagger","floor":7},{"not_picked":["Slice","Poisoned Stab"],"picked":"Catalyst","floor":8},{"not_picked":["Deflect","Grand Finale"],"picked":"Blade Dance","floor":11},{"not_picked":["Backstab","Dagger Throw"],"picked":"Bouncing Flask","floor":12},{"not_picked":["Deadly Poison","Quick Slash"],"picked":"Well Laid Plans","floor":14},{"not_picked":["Storm of Steel","Malaise"],"picked":"After Image","floor":16},{"not_picked":["Blade Dance","Quick Slash+1","Underhanded Strike"],"picked":"SKIP","floor":18},{"not_picked":["Backflip","Slice"],"picked":"Catalyst","floor":19},{"not_picked":["Dagger Throw","Acrobatics"],"picked":"Blade Dance+1","floor":20},{"not_picked":["Flying Knee","Quick Slash+1"],"picked":"Deflect","floor":22}],"player_experience":5396978,"relics_obtained":[{"floor":9,"key":"Akabeko"},{"floor":12,"key":"Smiling Mask"}],"event_choices":[{"cards_removed":["Strike_G"],"damage_healed":0,"gold_gain":0,"player_choice":"Card Removal","damage_taken":7,"max_hp_gain":0,"max_hp_loss":0,"event_name":"Golden Wing","floor":3,"gold_loss":0}],"is_beta":false,"boss_relics":[{"not_picked":["Empty Cage","Ring of the Serpent"],"picked":"Cursed Key"}],"items_purged_floors":[21],"is_endless":false,"potions_floor_spawned":[1,4,5,16],"killed_by":"Book of Stabbing","ascension_level":20}}