{"host":"3498uni0c31c9bdm","time":1614395223,"event":{"mods":["BaseMod","Better Match","Better Note","Better Sensory Stone","Better Skull","Better Third Choice","Colored Map","Minty Spire (QoL Compilation)","Quick Restart","RNG Fix","Random Character Button","Replay The Spire","Shop Mod","Smile Girya","StSLib","Unceasing Turn Reminder"],"gold_per_floor":[118,131,131,147,158,158,158,193,193,221,235,249,278,288,288,364,364,383,50,67,77,92,92,92,92,92,92,109,135,135,151,151,228,228,243,243,254,254,52,52,52,52,52,66,66,66,66],"floor_reached":46,"language":"ENG","playtime":2276,"items_purged":[],"score":1326,"play_id":"49043496-7385-4357-819a-2d4fc17f5f1c","local_time":"20210227140703","is_ascension_mode":true,"campfire_choices":[{"data":"Trip","floor":6,"key":"SMITH"},{"floor":15,"key":"REST"},{"floor":23,"key":"RECALL"},{"floor":25,"key":"REST"},{"data":"TalkToTheHand","floor":27,"key":"SMITH"},{"floor":32,"key":"REST"},{"floor":40,"key":"REST"},{"floor":42,"key":"REST"}],"circlet_count":0,"master_deck":["AscendersBane","Strike_P","Strike_P","Strike_P","Strike_P","Defend_P","Defend_P","Defend_P","Eruption","Vigilance","Trip+1","Crescendo","SashWhip","Devotion","TalkToTheHand+1","Wallop+1","Protect","SignatureMove","BowlingBash","Collect+1","FlurryOfBlows","Establishment","ReplayTheSpireMod:Splinters","ReplayTheSpireMod:Splinters","Injury","FlyingSleeves","EmptyBody","ClearTheMind","FlyingSleeves+1","Prostrate","LessonLearned","Wish","FollowUp","Protect","ReplayTheSpireMod:IOU","ReplayTheSpireMod:IOU","ReplayTheSpireMod:IOU","Dash","Parasite"],"relics":["PureWater","Pen Nib","Replay:Wax Seal","Iron Hammer","PreservedInsect","Replay:WaspNest","Replay:Ancient Bell","Blood Vial","Kunai","TungstenRod","ReplayFunnel","Bronze Scales","InkBottle","Pet Ghost","Fusion Hammer","Unceasing Top","Bag of Marbles","Blue Doll","PrismaticShard","ReplayTheSpireMod:Ring of Collecting"],"acts_visited":["Exordium","TheCity","TheBeyond"],"potions_floor_usage":[10,12,13,22,33,33,37,46],"damage_taken":[{"damage":1,"enemies":"Cultist","floor":1,"turns":3},{"damage":6,"enemies":"Jaw Worm","floor":2,"turns":4},{"damage":0,"enemies":"2 Louse","floor":4,"turns":3},{"damage":7,"enemies":"Looter","floor":5,"turns":3},{"damage":30,"enemies":"Gremlin Nob","floor":8,"turns":5},{"damage":5,"enemies":"3 Sentries","floor":10,"turns":10},{"damage":0,"enemies":"Red Slaver","floor":11,"turns":4},{"damage":0,"enemies":"2 Fungi Beasts","floor":12,"turns":2},{"damage":0,"enemies":"Lagavulin","floor":13,"turns":5},{"damage":0,"enemies":"Exordium Thugs","floor":14,"turns":4},{"damage":0,"enemies":"Slime Boss","floor":16,"turns":6},{"damage":1,"enemies":"Spheric Guardian","floor":18,"turns":2},{"damage":2,"enemies":"3 Byrds","floor":20,"turns":4},{"damage":7,"enemies":"Snake Plant","floor":21,"turns":3},{"damage":14,"enemies":"Cultist and Chosen","floor":22,"turns":7},{"damage":41,"enemies":"Centurion and Healer","floor":28,"turns":6},{"damage":10,"enemies":"3 Cultists","floor":31,"turns":5},{"damage":22,"enemies":"Pondfish","floor":33,"turns":7},{"damage":4,"enemies":"3 Shapes","floor":35,"turns":6},{"damage":25,"enemies":"3 Darklings","floor":37,"turns":7},{"damage":5,"enemies":"Sphere and 2 Shapes","floor":44,"turns":4},{"damage":81,"enemies":"Transient","floor":46,"turns":5}],"seed_played":"-1837877382372927036","potions_obtained":[{"floor":1,"key":"Energy Potion"},{"floor":4,"key":"Energy Potion"},{"floor":8,"key":"LifebloodPotion"},{"floor":11,"key":"SpeedPotion"},{"floor":12,"key":"AttackPotion"},{"floor":21,"key":"SneckoOil"},{"floor":31,"key":"AttackPotion"},{"floor":33,"key":"SneckoOil"},{"floor":44,"key":"Energy Potion"}],"is_trial":false,"path_per_floor":["M","M","?","M","M","R","?","E","T","E","M","M","E","M","R","B",null,"M","$","M","M","M","R","$","R","T","R","M","T","?","M","R","B",null,"M","T","M","?","$","R","?","R","T","M","?","M"],"character_chosen":"WATCHER","items_purchased":["ReplayFunnel","Bronze Scales","Bag of Marbles","Blue Doll","PrismaticShard"],"campfire_rested":5,"item_purchase_floors":[19,19,39,39,39],"current_hp_per_floor":[60,54,54,54,47,47,36,6,6,1,1,1,1,1,21,21,56,57,57,57,52,40,40,40,60,60,60,21,21,21,13,33,13,54,52,52,29,29,29,49,49,68,68,63,63,0,0],"gold":66,"neow_bonus":"RANDOM_COLORLESS","is_daily":false,"chose_seed":false,"campfire_upgraded":2,"win_rate":0.0,"timestamp":1614395223,"path_taken":["M","M","?","M","M","R","?","E","T","E","M","?","E","M","R","BOSS","M","$","?","M","?","R","?","R","T","R","M","?","?","M","R","BOSS","M","?","M","?","?","R","?","R","T","M","?","M"],"items_purchased_type":["Relic","Relic","Relic","Relic","Relic"],"build_version":"2020-12-22","purchased_purges":0,"victory":false,"max_hp_per_floor":[68,68,68,68,68,68,68,68,68,68,68,68,68,68,68,68,68,68,68,68,68,68,68,68,68,68,68,68,68,68,68,68,68,68,68,68,68,68,68,68,68,68,68,68,68,68,68],"card_choices":[{"not_picked":["Finesse","Purity"],"picked":"Trip","floor":0},{"not_picked":["Replay:AtTheReady","ClearTheMind"],"picked":"Crescendo","floor":1},{"not_picked":["FlyingSleeves","Consecrate"],"picked":"SashWhip","floor":2},{"not_picked":["InnerPeace","JustLucky"],"picked":"TalkToTheHand","floor":4},{"not_picked":["Vengeance","CrushJoints"],"picked":"Replay:ManipulateFuture","floor":5},{"not_picked":["Swivel","ConjureBlade"],"picked":"Wallop","floor":8},{"not_picked":["JustLucky","Conclude"],"picked":"Protect","floor":10},{"not_picked":["Prostrate","JustLucky"],"picked":"SignatureMove","floor":11},{"not_picked":["Sanctity","SashWhip"],"picked":"BowlingBash","floor":12},{"not_picked":["ClearTheMind","DeceiveReality"],"picked":"Collect","floor":13},{"not_picked":["LikeWater","Crescendo"],"picked":"FlurryOfBlows","floor":14},{"not_picked":["Scrawl","Devotion"],"picked":"Establishment","floor":16},{"not_picked":["CommonCold","ReplayTheSpireMod:Faulty Equipment"],"picked":"ReplayTheSpireMod:Splinters","floor":17},{"not_picked":["ReplayTheSpireMod:Doomed","Pain"],"picked":"ReplayTheSpireMod:Splinters","floor":17},{"not_picked":["Writhe","Parasite"],"picked":"Injury","floor":17},{"not_picked":["ClearTheMind","FollowUp"],"picked":"FlyingSleeves","floor":18},{"not_picked":["ConjureBlade","CutThroughFate"],"picked":"EmptyBody","floor":20},{"not_picked":["Replay:BluntJabs","SashWhip"],"picked":"ClearTheMind","floor":21},{"not_picked":["Collect","Replay:BluntJabs"],"picked":"FlyingSleeves","floor":22},{"not_picked":["ThirdEye","CutThroughFate"],"picked":"Prostrate","floor":28},{"not_picked":["Indignation","FollowUp"],"picked":"LessonLearned","floor":31},{"not_picked":["LessonLearned","DeusExMachina"],"picked":"Wish","floor":33},{"not_picked":["BowlingBash","SashWhip"],"picked":"FollowUp","floor":35},{"not_picked":["Swivel","CrushJoints+1"],"picked":"Protect","floor":37},{"not_picked":["EmptyFist","ReplayTheSpireMod:Tripwire"],"picked":"Dash","floor":44}],"player_experience":949908,"relics_obtained":[{"floor":8,"key":"Replay:Wax Seal"},{"floor":9,"key":"Iron Hammer"},{"floor":10,"key":"PreservedInsect"},{"floor":13,"key":"Replay:WaspNest"},{"floor":26,"key":"InkBottle"},{"floor":29,"key":"Pet Ghost"},{"floor":36,"key":"Unceasing Top"},{"floor":45,"key":"ReplayTheSpireMod:Ring of Collecting"}],"event_choices":[{"damage_healed":0,"gold_gain":0,"cards_transformed":["Defend_P"],"player_choice":"Transformed","damage_taken":0,"max_hp_gain":0,"max_hp_loss":0,"event_name":"Transmorgrifier","floor":3,"gold_loss":0,"cards_obtained":["Devotion"]},{"damage_healed":0,"gold_gain":0,"player_choice":"Relic ","damage_taken":11,"max_hp_gain":0,"max_hp_loss":0,"event_name":"betterThird:BetterScrap","floor":7,"gold_loss":0,"cards_obtained":["Hemokinesis"]},{"damage_healed":0,"gold_gain":0,"player_choice":"Upgraded","damage_taken":0,"max_hp_gain":0,"max_hp_loss":0,"event_name":"Upgrade Shrine","floor":30,"gold_loss":0,"cards_upgraded":["Wallop"]},{"cards_removed":["Replay:ManipulateFuture"],"damage_healed":0,"gold_gain":0,"player_choice":"Removed Skill","damage_taken":0,"max_hp_gain":0,"max_hp_loss":0,"event_name":"Falling","floor":38,"gold_loss":0},{"damage_healed":0,"gold_gain":0,"player_choice":"Upgraded","damage_taken":0,"max_hp_gain":0,"max_hp_loss":0,"event_name":"Upgrade Shrine","floor":41,"gold_loss":0,"cards_upgraded":["Collect"]}],"is_beta":false,"boss_relics":[{"not_picked":["Ectoplasm","Calling Bell"],"picked":"Replay:Ancient Bell"},{"not_picked":["MawBank","Lantern"],"picked":"Blood Vial"},{"not_picked":["Divine Protection","Replay:Bottled Steam"],"picked":"Kunai"},{"not_picked":["Prayer Wheel","GoldenEye"],"picked":"TungstenRod"},{"not_picked":["ReplayTheSpireMod:DimensionalGlitch","Kintsugi"],"picked":"Fusion Hammer"}],"items_purged_floors":[],"is_endless":false,"potions_floor_spawned":[1,4,8,11,12,21,31,33,44],"killed_by":"Transient","ascension_level":16}}