{"host":"iv6gl6c7ntz4x6py","time":1614414701,"event":{"mods":["BaseMod","Challenge The Spire","Minty Spire (QoL Compilation)","Shop Mod","Spicy Shops","StSLib"],"gold_per_floor":[111,111,155,193,231,231,231,231,267,301,340,340,22,22,64,106,140,170],"floor_reached":19,"language":"RUS","playtime":917,"items_purged":["Strike_R","Defend_R","Strike_R"],"score":445,"play_id":"69fce447-9fe4-4ddd-b277-ae1baed5a155","local_time":"20210227153141","daily_mods":["challengethespire:Bronze Difficulty","challengethespire:Elite Rush","Uncertain Future"],"is_ascension_mode":false,"campfire_choices":[{"data":"Inflame","floor":2,"key":"SMITH"},{"data":"Bludgeon","floor":7,"key":"SMITH"},{"data":"Seeing Red","floor":8,"key":"SMITH"}],"circlet_count":0,"master_deck":["Strike_R","Strike_R","Strike_R","Defend_R","Defend_R","Defend_R","Bash","Immolate","Inflame+1","Bludgeon+1","Seeing Red+1","Flex","Rampage+1","Carnage+1","Iron Wave+1","Ghostly Armor+1","Seeing Red+1","Anger+1"],"relics":["Burning Blood","Black Star","Sling","PreservedInsect","Vajra","HornCleat","Membership Card","HandDrill","Paper Frog","CeramicFish","Oddly Smooth Stone","Molten Egg 2","Champion Belt","The Courier","MealTicket","Blood Vial","Strawberry","Nunchaku","Sozu","Boot","MerchantsRug","Bag of Marbles","Toxic Egg 2","Happy Flower","Frozen Egg 2","Meat on the Bone","Pen Nib","Shuriken","Sundial","Regal Pillow","Bag of Preparation","Charon\u0027s Ashes"],"acts_visited":["Exordium"],"potions_floor_usage":[9,11],"damage_taken":[{"damage":0,"enemies":"Gremlin Nob","floor":3,"turns":2},{"damage":0,"enemies":"3 Sentries","floor":4,"turns":2},{"damage":0,"enemies":"Lagavulin","floor":5,"turns":2},{"damage":9,"enemies":"Book of Stabbing","floor":9,"turns":3},{"damage":29,"enemies":"Slavers","floor":10,"turns":5},{"damage":6,"enemies":"Gremlin Leader","floor":11,"turns":3},{"damage":0,"enemies":"Reptomancer","floor":15,"turns":2},{"damage":11,"enemies":"Nemesis","floor":16,"turns":3},{"damage":0,"enemies":"Giant Head","floor":17,"turns":4},{"damage":2,"enemies":"Shield and Spear","floor":18,"turns":2}],"seed_played":"-590794267709479161","potions_obtained":[{"floor":5,"key":"Weak Potion"},{"floor":10,"key":"Block Potion"},{"floor":11,"key":"Dexterity Potion"}],"is_trial":true,"path_per_floor":["$","R","E","E","E","T","R","R","E","E","E","T","$","$","E","E","E","E",null],"character_chosen":"IRONCLAD","items_purchased":["Vajra","HornCleat","Membership Card","HandDrill","Immolate","Inflame","Boot","MerchantsRug","Bag of Marbles","Toxic Egg 2","Happy Flower"],"campfire_rested":0,"item_purchase_floors":[1,1,1,1,1,1,13,13,13,13,13],"current_hp_per_floor":[80,80,80,80,80,80,80,80,77,54,68,68,83,87,87,82,87,87],"gold":170,"neow_bonus":"","is_daily":false,"chose_seed":false,"campfire_upgraded":3,"win_rate":0.0,"timestamp":1614414701,"path_taken":["$","R","E","E","E","T","R","R","E","E","E","T","$","$","E","E","E","E"],"items_purchased_type":["Relic","Relic","Relic","Relic","Card","Card","Relic","Relic","Relic","Relic","Relic"],"build_version":"2020-12-22","purchased_purges":3,"victory":true,"max_hp_per_floor":[80,80,80,80,80,80,80,80,80,80,87,87,87,87,87,87,87,87],"card_choices":[],"player_experience":106358,"relics_obtained":[{"floor":3,"key":"Paper Frog"},{"floor":3,"key":"CeramicFish"},{"floor":4,"key":"Toy Ornithopter"},{"floor":4,"key":"Potion Belt"},{"floor":5,"key":"Oddly Smooth Stone"},{"floor":5,"key":"Molten Egg 2"},{"floor":9,"key":"Champion Belt"},{"floor":9,"key":"The Courier"},{"floor":10,"key":"MealTicket"},{"floor":10,"key":"Blood Vial"},{"floor":11,"key":"Strawberry"},{"floor":11,"key":"Nunchaku"},{"floor":15,"key":"Frozen Egg 2"},{"floor":15,"key":"Meat on the Bone"},{"floor":16,"key":"Pen Nib"},{"floor":16,"key":"Shuriken"},{"floor":17,"key":"Sundial"},{"floor":17,"key":"Regal Pillow"},{"floor":18,"key":"Bag of Preparation"},{"floor":18,"key":"Charon\u0027s Ashes"}],"event_choices":[],"is_beta":false,"boss_relics":[{"not_picked":["Astrolabe","Fusion Hammer"],"picked":"Sozu"}],"items_purged_floors":[1,1,13],"is_endless":false,"potions_floor_spawned":[5,10,11,18],"ascension_level":0}}