{"host":"bc298c4gavna5tx2","time":1614425493,"event":{"mods":["ATMod(阿瑾Mod)","Act Like it!","BaseMod","Challenge The Spire","Energized Spire","Library of Ruina","Library of Ruina Extra","Lobotomy","LobotomyExtend","Minty Spire (QoL Compilation)","MostiFishMod","Quarter Circle Forward PUNCH!","Quick Restart","Replay The Spire","Spicy Shops","StSLib","TestMod","The Marked","【功能Mod】混沌之环修复补丁","【功能Mod】聪明的最终Boss","【遗物卡牌】REMEMod"],"gold_per_floor":[114,514,514,514,527,558,558,568,617,631,651,668,668,683,683,784,784,784,734,734,745,760,777,777,777,777,808,826,845,845,865,865,965,965,980,980,1000,1150,1161,1194,1194,1220,1268,1279,1179,1197,1250,1250,1250,1274,1306,1306,1306,1306,1343,1349],"floor_reached":57,"language":"ZHS","playtime":2472,"items_purged":["Regret","Pain","LightDefense","LightAttack","FocusedStrikes","LightAttack+1","Dodge+1"],"score":1716,"play_id":"bc3a1fb2-1e3a-4287-bf01-103c7a320623","local_time":"20210227193133","is_ascension_mode":false,"campfire_choices":[{"floor":15,"key":"RECALL"},{"data":"Dodge","floor":24,"key":"SMITH"},{"data":"ChargeAndCover","floor":32,"key":"SMITH"},{"data":"LightAttack","floor":41,"key":"SMITH"},{"floor":49,"key":"REST"},{"floor":53,"key":"REST"}],"circlet_count":0,"master_deck":["Tttonst+1","MostiFishMod:TheLastGuard+1","UnforgettableMelody+1","testmod-Recap+1","TrashDisposal+1","REME_HeartOfCthun+1","TieShanKao+1","SwordOfVolition+1","testmod-Recap+1","testmod-PowerStrike+1"],"relics":["PageOfLibrarian","AT_ATBox","REME_ComplimentaryCards","testmod-TestBox","DiscerningMonocle","SynthV:TestCard","LetterFromLob","PageOfWayBackHome","ChiLing","Chi","Ling","PageOfRedShoes","AT_RedTearstoneRing","MetatronsCube","AT_GuinsooRageblade","qcfpunch:Not_Strongest_Fighting_Style_Guidebook","War Paint","Bottled Tornado","testmod-Fortitude","BrkXgEgg","Lee\u0027s Waffle","Nunchaku","AT_ArchangelStaff","PageOfPinocchio","Potion Belt","Omamori","Civilization","InkBottle","Orrery","JellyFishMachine","Gaze_r","MagicBullet_r","Replay:Baseball","Akabeko","BargainBundle","qcfpunch:Chain_With_Nametags","AT_ChloranthyRing","testmod-OneHitWonder","ReplayTheSpireMod:Shallot","Blue Candle","Ying","testmod-TimeTraveler","testmod-AssaultLearning","Centennial Puzzle","BirthdayGift-Tetrahedron","Kunai","REME_HandOfSuture","ReplayTheSpireMod:CursedCoin","Lantern","MealTicket","REME_PuzzleBoxRelic","Membership Card","testmod-IndustrialRevolution","Replay:Bandana","Eternal Feather","Boot","DollysMirror","Replay:WaspNest","TheAbacus","testmod-ArcanaOfDestiny","PageOfSingingMachine","Bag of Preparation","Replay:Accelerometer","testmod-Antiphasic"],"acts_visited":["Exordium","TheCity","TheBeyond","TheEnding"],"potions_floor_usage":[12,16,40,40],"damage_taken":[{"damage":7,"enemies":"Jaw Worm","floor":1,"turns":3},{"damage":1,"enemies":"Cultist","floor":5,"turns":1},{"damage":8,"enemies":"3 Sentries","floor":6,"turns":3},{"damage":2,"enemies":"2 Louse","floor":8,"turns":1},{"damage":1,"enemies":"Blue Slaver","floor":10,"turns":2},{"damage":8,"enemies":"3 Louse","floor":11,"turns":2},{"damage":4,"enemies":"2 Fungi Beasts","floor":12,"turns":2},{"damage":1,"enemies":"Red Slaver","floor":14,"turns":2},{"damage":3,"enemies":"The Guardian","floor":16,"turns":2},{"damage":1,"enemies":"Shell Parasite","floor":18,"turns":2},{"damage":0,"enemies":"Shell Parasite","floor":21,"turns":1},{"damage":0,"enemies":"2 Thieves","floor":22,"turns":2},{"damage":0,"enemies":"Shelled Parasite and Fungi","floor":23,"turns":1},{"damage":1,"enemies":"Book of Stabbing","floor":27,"turns":2},{"damage":0,"enemies":"Snake Plant","floor":28,"turns":1},{"damage":0,"enemies":"Centurion and Healer","floor":29,"turns":1},{"damage":8,"enemies":"Cultist and Chosen","floor":31,"turns":1},{"damage":0,"enemies":"Collector","floor":33,"turns":3},{"damage":0,"enemies":"3 Darklings","floor":35,"turns":1},{"damage":0,"enemies":"3 Shapes","floor":37,"turns":1},{"damage":0,"enemies":"3 Darklings","floor":39,"turns":1},{"damage":0,"enemies":"R_Hoarder","floor":40,"turns":1},{"damage":1,"enemies":"Giant Head","floor":42,"turns":1},{"damage":8,"enemies":"Maw","floor":44,"turns":2},{"damage":0,"enemies":"Writhing Mass","floor":46,"turns":1},{"damage":0,"enemies":"R_Hoarder","floor":47,"turns":1},{"damage":0,"enemies":"Time Eater","floor":50,"turns":1},{"damage":1,"enemies":"Time Eater","floor":51,"turns":1},{"damage":0,"enemies":"Shield and Spear","floor":55,"turns":1},{"damage":0,"enemies":"The Heart","floor":56,"turns":1}],"seed_played":"-8809342875723101124","potions_obtained":[{"floor":12,"key":"Milkshake"},{"floor":27,"key":"DistilledChaos"},{"floor":33,"key":"PowerPotion"}],"is_trial":false,"path_per_floor":["M","?","$","?","M","E","$","M","T","M","M","M","$","M","R","B",null,"M","?","$","M","M","M","R","?","T","E","M","M","$","M","R","B",null,"M","?","M","$","M","E","R","E","T","M","$","M","E","?","R","B",null,null,"R","$","E","B",null],"character_chosen":"Librarian","items_purchased":["PageOfWayBackHome","ChiLing","PageOfRedShoes","AT_RedTearstoneRing","MetatronsCube","AT_GuinsooRageblade","LifebloodPotion","SteroidPotion","Milkshake","War Paint","Bottled Tornado","testmod-Fortitude","BrkXgEgg","Lee\u0027s Waffle","Nunchaku","MostiFishMod:TheLastGuard+1","testmod-Automaton","Flashbang","PageOfPinocchio","Potion Belt","Omamori","Civilization","InkBottle","Block Potion","Explosive Potion","Orrery","Replay:Baseball","Akabeko","BargainBundle","testmod-Recap+1","Block Potion","AT_ChloranthyRing","testmod-OneHitWonder","ReplayTheSpireMod:Shallot","Blue Candle","Ying","testmod-FightingIntention+1","testmod-AssaultLearning","Centennial Puzzle","BirthdayGift-Tetrahedron","Kunai","REME_HandOfSuture","ReplayTheSpireMod:CursedCoin","REME_HeartOfCthun+1","Membership Card","testmod-IndustrialRevolution","Replay:Bandana","Eternal Feather","Boot","DollysMirror","PowerPotion","DuplicationPotion","TheAbacus","testmod-ArcanaOfDestiny","PageOfSingingMachine","Bag of Preparation","Replay:Accelerometer","testmod-PowerStrike+1"],"campfire_rested":2,"item_purchase_floors":[3,3,3,3,3,3,3,3,3,7,7,7,7,7,7,7,7,7,13,13,13,13,13,13,13,13,20,20,20,20,20,30,30,30,30,30,30,38,38,38,38,38,38,38,45,45,45,45,45,45,45,45,54,54,54,54,54,54],"current_hp_per_floor":[59,59,59,59,58,50,81,79,79,76,68,64,64,64,64,63,93,69,69,69,77,82,87,87,66,66,70,79,92,92,93,93,102,135,140,143,137,137,142,151,151,154,154,151,159,161,166,166,193,198,203,203,203,203,208,213],"gold":1349,"neow_bonus":"TEN_PERCENT_HP_BONUS","is_daily":false,"chose_seed":false,"campfire_upgraded":3,"win_rate":0.0,"timestamp":1614425493,"path_taken":["M","?","$","?","M","E","$","M","T","?","M","M","$","M","R","BOSS","M","?","$","?","M","M","R","?","T","E","M","M","$","M","R","BOSS","M","?","M","$","M","E","R","E","T","M","$","M","E","?","R","BOSS","R","$","E","BOSS"],"items_purchased_type":["Relic","Relic","Relic","Relic","Relic","Relic","Potion","Potion","Potion","Relic","Relic","Relic","Relic","Relic","Relic","Card","Card","Potion","Relic","Relic","Relic","Relic","Relic","Potion","Potion","Relic","Relic","Relic","Relic","Card","Potion","Relic","Relic","Relic","Relic","Relic","Card","Relic","Relic","Relic","Relic","Relic","Relic","Card","Relic","Relic","Relic","Relic","Relic","Relic","Potion","Potion","Relic","Relic","Relic","Relic","Relic","Card"],"build_version":"2020-12-22","purchased_purges":7,"victory":true,"max_hp_per_floor":[68,68,68,68,71,74,81,81,81,76,77,84,84,93,93,93,93,96,96,96,87,90,104,104,109,109,112,111,116,116,122,122,135,135,143,143,137,137,150,169,169,154,154,159,159,161,193,193,193,198,203,203,203,203,208,213],"card_choices":[{"not_picked":["FierceCharge","StrikeDown","Concentration","QuickSuppression","RulesOfTheBackstreets","FormingStorm","Laceration","SinglePointStab"],"picked":"BlindFaith","floor":1},{"not_picked":["SnakeSlit","Pound","Wallop_lor","CumulusWall","FeatherShield","GuidanceOfTheGears","SunsetBlade","ForTheFamily","EnergyShield","MultiBlock"],"picked":"SavageMode","floor":5},{"not_picked":["FleetFootsteps","IllEndYou","SpearedSweep","Faith","SummaryJudgment","WillOfThePrescript","SkyClearingCut","GrazeTheGrass","ShrineToMusic","Track"],"picked":"ChargeUp","floor":6},{"not_picked":["StrongStrike","FleshFillet+1","Riposte","TheRedNotes","ExtractFuel","BlowItUp","Guardian_lor","UnavoidableGaze","CutIn","DestructiveImpact","AsThePrescriptOrders"],"picked":"SKIP","floor":8},{"not_picked":["WildCard","FierceCharge","UncannyStrike","StrongStrike","EnergyStrike","BalefulBrand+1","HiddenBlade","TendonChords","SwordOfVolition","ElectricShock"],"picked":"Observe+1","floor":10},{"not_picked":["QuickAttack","SmokingPipe","StartinOutLightly","Wallop_lor","StrikeDown","BladeWhirl","FlyingSword","Faith","Thrust","SparkingSpear"],"picked":"Unlock1","floor":11},{"not_picked":["WillProduceFineSilk+1","AsThePrescriptOrders","Faith","BlindFaith","QuickAttack","ClassAndRespect","MultiBlock","Retaliate","GrazeTheGrass","EnergyCycle","CookingPrep"],"picked":"SKIP","floor":12},{"not_picked":["WillProduceFineSilk+1","AsThePrescriptOrders","Faith","BlindFaith","QuickAttack","ClassAndRespect","MultiBlock","Retaliate","GrazeTheGrass","EnergyCycle","CookingPrep"],"picked":"SKIP","floor":12},{"not_picked":["QuickAttack","ViolentFlame","DeepDrag","CoordinatedAssault","AGoldenOpportunity","Multislash","SpearedSweep","Parry2","OpportunitySpotted","SinglePointStab"],"picked":"UnforgettableMelody+1","floor":13},{"not_picked":["TheRedNotes","HandleRequest","SinglePointStab","FieryWaltz","CoordinatedAssault","FleetEdge","PuppetBlockade","StructuralAnalysis","Slice_lor","GrazeTheGrass","UnforgettableMelody+1"],"picked":"SKIP","floor":14},{"not_picked":["TheRedNotes","HandleRequest","SinglePointStab","FieryWaltz","CoordinatedAssault","FleetEdge","PuppetBlockade","StructuralAnalysis","Slice_lor","GrazeTheGrass","UnforgettableMelody+1"],"picked":"SKIP","floor":14},{"not_picked":["TheRedNotes","HandleRequest","SinglePointStab","FieryWaltz","CoordinatedAssault","FleetEdge","PuppetBlockade","StructuralAnalysis","Slice_lor","GrazeTheGrass","UnforgettableMelody+1"],"picked":"SKIP","floor":14},{"not_picked":["TieShanKao+1","Transpierce+1","GroundSmash+1","FlamingDragonFist+1"],"picked":"SilentNight+1","floor":16},{"not_picked":["HandleRequest","TendonChords","NonstopAssault","FrontalAssault","BackstreetsDash","KeepItFresh+1","Eradication+1","GatherIntel+1","Parry2","Tailoring+1","SkyClearingCut"],"picked":"SKIP","floor":21},{"not_picked":["HandleRequest","TendonChords","NonstopAssault","FrontalAssault","BackstreetsDash","KeepItFresh+1","Eradication+1","GatherIntel+1","Parry2","Tailoring+1","SkyClearingCut"],"picked":"SKIP","floor":21},{"not_picked":["WillBeTasty","MultiHit","DefenseOrder","GroundSmash+1","HighKick","UpbeatPerformance","Track","ReadyUp","BackAttack","DarkCloud+1","Faith"],"picked":"SKIP","floor":22},{"not_picked":["WillBeTasty","MultiHit","DefenseOrder","GroundSmash+1","HighKick","UpbeatPerformance","Track","ReadyUp","BackAttack","DarkCloud+1","Faith"],"picked":"SKIP","floor":22},{"not_picked":["AGoldenOpportunity","SharpenedBlade","Ripple+1","UnavoidableGaze","RapidGashes+1","DirtyBlow","Diversion","RepressedFlesh+1","ViolentFlame","MultiHit","HandleRequest+1"],"picked":"SKIP","floor":23},{"not_picked":["AGoldenOpportunity","SharpenedBlade","Ripple+1","UnavoidableGaze","RapidGashes+1","DirtyBlow","Diversion","RepressedFlesh+1","ViolentFlame","MultiHit","HandleRequest+1"],"picked":"SKIP","floor":23},{"not_picked":["WrathOfTorment","Endure","HandleRequest","SuppressingShot+1","TheWillOfTheCity+1","ScratchThat+1","BlowItUp","ToWhereThePrescriptPoints","ExtractFuel+1","StrongStrike+1"],"picked":"TrashDisposal+1","floor":27},{"not_picked":["SinglePointStab+1","EnergyShield","SerpentineBarrier","UpbeatPerformance","TrimTheIngredients","TendonChords","ToWhereThePrescriptPoints","TraceOfFumes+1","Rewind","HandleRequest+1","ForTheFamily"],"picked":"SKIP","floor":28},{"not_picked":["SinglePointStab+1","EnergyShield","SerpentineBarrier","UpbeatPerformance","TrimTheIngredients","TendonChords","ToWhereThePrescriptPoints","TraceOfFumes+1","Rewind","HandleRequest+1","ForTheFamily"],"picked":"SKIP","floor":28},{"not_picked":["GreatSerpentsImpact","HighKick","AbsorbImpact+1","DefenseOrder","SunsetBlade","InnerArdor","Outburst","Collision","Riposte+1","QuickAttack+1","BlindFaith"],"picked":"SKIP","floor":29},{"not_picked":["MultiBlock+1","SinglePointStab+1","FervidEmotions","SteelKnuckles","Fence+1","SenseQuarry+1","EnergyCycle+1","Gigigig+1","Multislash","SearingSword","IdentifyWeakpoint+1"],"picked":"SKIP","floor":31},{"not_picked":["EmotionalTurbulence+1","ChargeUp+1","UnforgettableMelody+1","Castigation+1"],"picked":"CrackOfDawn+1","floor":33},{"not_picked":["Multislash","Diversion+1","PuppetBlockade+1","FormingStorm+1","Faith+1","GuardingStance+1","WillOfThePrescript","PreemptiveStrike+1","Thrust","ReadyUp+1","SkitterAway"],"picked":"SKIP","floor":35},{"not_picked":["Multislash","Diversion+1","PuppetBlockade+1","FormingStorm+1","Faith+1","GuardingStance+1","WillOfThePrescript","PreemptiveStrike+1","Thrust","ReadyUp+1","SkitterAway"],"picked":"SKIP","floor":35},{"not_picked":["FrontalAssault+1","Thrust","GrazeTheGrass","Reload","Observe+1","Diversion+1","ForcefulGesture+1","DimensionalRift","AsThePrescriptOrders+1","Mutilate","HiddenBlade+1"],"picked":"SKIP","floor":37},{"not_picked":["FrontalAssault+1","Thrust","GrazeTheGrass","Reload","Observe+1","Diversion+1","ForcefulGesture+1","DimensionalRift","AsThePrescriptOrders+1","Mutilate","HiddenBlade+1"],"picked":"SKIP","floor":37},{"not_picked":["Outburst","DesperateStruggle+1","BindingArms","Tailoring","SilentMist+1","Laceration","StrongStrike+1","StructuralAnalysis","NonstopAssault+1","Duel_lor","MirageStorm+1"],"picked":"SKIP","floor":39},{"not_picked":["Outburst","DesperateStruggle+1","BindingArms","Tailoring","SilentMist+1","Laceration","StrongStrike+1","StructuralAnalysis","NonstopAssault+1","Duel_lor","MirageStorm+1"],"picked":"SKIP","floor":39},{"not_picked":["Ripple+1","MultiBlock+1","BattleCommand+1","Endure","GrazeTheGrass+1","MultiHit","GuardingStance+1","FleetEdge+1","PinpointShot","EnergyStrike+1"],"picked":"TieShanKao+1","floor":40},{"not_picked":["SunsetBlade","Overcharge","BiAn","Diversion+1","StayCalm","GaleKick+1","HiddenBlade+1","EnergyCycle","FrontalAssault","FormingStorm+1"],"picked":"Cruelty+1","floor":42},{"not_picked":["SmokingPipe","BurningFlash+1","FieryDragonSlash+1","HandleRequest+1","EnergyShield","GuardingStance+1","QuickAttack","Tttonst+1","TheWillOfTheCity","UnavoidableGaze+1"],"picked":"SwordOfVolition+1","floor":44},{"not_picked":["SinglePointStab+1","SuppressingShot","CumulusWall+1","Standoff+1","RapidGashes+1","Tailoring+1","FrontalAssault","GuardingStance","Parry2+1","InnerArdor","SilentMist+1"],"picked":"SKIP","floor":46},{"not_picked":["HiddenBlade","SunsetBlade+1","EnergyCycle+1","BackAttack","WillOfThePrescript","Multislash","TheWillOfTheCity+1","ICanCookAnything+1","SavageMode+1","TraceOfFumes","SmokingPipe"],"picked":"SKIP","floor":47},{"not_picked":["HiddenBlade","SunsetBlade+1","EnergyCycle+1","BackAttack","WillOfThePrescript","Multislash","TheWillOfTheCity+1","ICanCookAnything+1","SavageMode+1","TraceOfFumes","SmokingPipe"],"picked":"SKIP","floor":47},{"not_picked":["Rewind","SharpSwipe+1","ElectricShock+1","Transpierce+1","Bvapour+1","Standoff+1","SomberProcuration","TrashDisposal+1","StrongStrike+1","AutonomousRush+1","FocusFire"],"picked":"SKIP","floor":55}],"player_experience":168305,"relics_obtained":[{"floor":1,"key":"SynthV:TestCard"},{"floor":1,"key":"LetterFromLob"},{"floor":6,"key":"qcfpunch:Not_Strongest_Fighting_Style_Guidebook"},{"floor":9,"key":"AT_ArchangelStaff"},{"floor":27,"key":"qcfpunch:Chain_With_Nametags"},{"floor":40,"key":"Lantern"},{"floor":42,"key":"MealTicket"},{"floor":43,"key":"REME_PuzzleBoxRelic"},{"floor":47,"key":"Replay:WaspNest"},{"floor":55,"key":"testmod-Antiphasic"}],"event_choices":[{"damage_healed":0,"gold_gain":400,"player_choice":"Sell","damage_taken":0,"max_hp_gain":0,"max_hp_loss":0,"event_name":"恩洛斯的盘子","floor":2,"relics_lost":["DaveBox"],"gold_loss":0},{"damage_healed":0,"gold_gain":0,"player_choice":"Forge","damage_taken":0,"max_hp_gain":0,"max_hp_loss":0,"event_name":"Accursed Blacksmith","floor":4,"gold_loss":0,"cards_upgraded":["AT_MachinaRedman"]},{"damage_healed":0,"gold_gain":0,"player_choice":"Bet on Murderer","damage_taken":0,"max_hp_gain":0,"max_hp_loss":0,"event_name":"The Joust","floor":19,"gold_loss":50},{"damage_healed":0,"gold_gain":0,"player_choice":"Shed Blood","damage_taken":26,"max_hp_gain":5,"max_hp_loss":0,"event_name":"Forgotten Altar","floor":25,"gold_loss":0},{"cards_removed":["Cruelty"],"damage_healed":0,"gold_gain":0,"player_choice":"Removed Attack","damage_taken":0,"max_hp_gain":0,"max_hp_loss":0,"event_name":"Falling","floor":48,"gold_loss":0}],"is_beta":false,"boss_relics":[{"not_picked":["TimeKeys","Snecko Eye"],"picked":"JellyFishMachine"},{"not_picked":["testmod-KeyOfTheVoid","Pandora\u0027s Box"],"picked":"testmod-TimeTraveler"}],"items_purged_floors":[3,7,13,20,30,45,54],"is_endless":false,"potions_floor_spawned":[8,11,12,18,27,31,33,37,39,44],"ascension_level":0}}