{"host":"aovbmu76o5toxav1","time":1614437629,"event":{"mods":["BaseMod","Jorbs\u0027s Wanderer Trilogy","Marisa????????","Minty Spire (QoL Compilation)","StSLib","The Bug Knight","The Servant 0.9.4"],"gold_per_floor":[112,143,18,32,63,107,107,124,176,214,243,243,285,326,326,326,326],"floor_reached":16,"language":"ENG","playtime":1473,"items_purged":["Doubt"],"score":122,"play_id":"021c16a2-79f7-41a7-98b6-2b79c284b88d","local_time":"20210227095349","is_ascension_mode":true,"campfire_choices":[{"data":"CasketOfStar","floor":7,"key":"SMITH"},{"data":"CasketOfStar","floor":12,"key":"SMITH"},{"floor":15,"key":"REST"}],"circlet_count":0,"master_deck":["Strike_MRS","Strike_MRS","Strike_MRS","Strike_MRS","Defend_MRS","Defend_MRS","Defend_MRS","Defend_MRS","MasterSpark","UpSweep","CasketOfStar+1","Robbery","AsteroidBelt","EnergyRecoil","SporeBomb","ShootTheMoon","NonDirectionalLaser","IllusionStar","CasketOfStar+1","MilkyWay","RefractionSpark"],"relics":["MiniHakkero","Toy Ornithopter","Potion Belt","Gremlin Horn"],"acts_visited":["Exordium"],"potions_floor_usage":[6,13,13,16,16],"damage_taken":[{"damage":1,"enemies":"Cultist","floor":1,"turns":3},{"damage":5,"enemies":"Small Slimes","floor":2,"turns":3},{"damage":2,"enemies":"2 Louse","floor":4,"turns":3},{"damage":6,"enemies":"Exordium Wildlife","floor":5,"turns":4},{"damage":20,"enemies":"HollowMod:MossKnight","floor":6,"turns":13},{"damage":4,"enemies":"Looter","floor":8,"turns":3},{"damage":11,"enemies":"Blue Slaver","floor":10,"turns":3},{"damage":15,"enemies":"Lagavulin","floor":11,"turns":5},{"damage":0,"enemies":"Exordium Thugs","floor":13,"turns":3},{"damage":9,"enemies":"Gremlin Gang","floor":14,"turns":5},{"damage":44,"enemies":"The Guardian","floor":16,"turns":9}],"seed_played":"-4842835641828015519","potions_obtained":[{"floor":2,"key":"LiquidMemories"},{"floor":5,"key":"BottledSpark"},{"floor":6,"key":"Fruit Juice"},{"floor":10,"key":"BlessingOfTheForge"},{"floor":11,"key":"Block Potion"}],"is_trial":false,"path_per_floor":["M","M","$","M","M","E","R","M","T","M","E","R","M","M","R","B"],"character_chosen":"MARISA","items_purchased":["Block Potion"],"campfire_rested":1,"item_purchase_floors":[3],"current_hp_per_floor":[74,69,69,67,61,41,41,37,37,26,11,11,21,12,34,0,0],"gold":326,"neow_bonus":"THREE_RARE_CARDS","is_daily":false,"chose_seed":false,"campfire_upgraded":2,"win_rate":0.0,"timestamp":1614437629,"path_taken":["M","M","$","M","M","E","R","M","T","?","E","R","M","M","R","BOSS"],"items_purchased_type":["Potion"],"build_version":"2020-12-22","purchased_purges":1,"victory":false,"max_hp_per_floor":[75,75,75,75,75,75,75,75,75,75,75,75,75,75,75,75,75],"card_choices":[{"not_picked":["SatelliteIllusion","BigCrunch"],"picked":"CasketOfStar","floor":0},{"not_picked":["DarkMatter","GalacticHalo"],"picked":"Robbery","floor":1},{"not_picked":["SporeBomb","NonDirectionalLaser"],"picked":"AsteroidBelt","floor":2},{"not_picked":["PropBag","GasGiant"],"picked":"EnergyRecoil","floor":4},{"not_picked":["DoubleSpark","NonDirectionalLaser"],"picked":"SporeBomb","floor":5},{"not_picked":["NonDirectionalLaser","DC"],"picked":"ShootTheMoon","floor":6},{"not_picked":["ManaConvection","GravityBeat"],"picked":"NonDirectionalLaser","floor":8},{"not_picked":["DC","AbsoluteMagnitude"],"picked":"IllusionStar","floor":10},{"not_picked":["ShootingEcho","LuminesStrike"],"picked":"CasketOfStar","floor":11},{"not_picked":["Occultation","LuminesStrike"],"picked":"MilkyWay","floor":13},{"not_picked":["ChargingUp","NonDirectionalLaser"],"picked":"RefractionSpark","floor":14}],"player_experience":147038,"relics_obtained":[{"floor":6,"key":"Toy Ornithopter"},{"floor":9,"key":"Potion Belt"},{"floor":11,"key":"Gremlin Horn"}],"event_choices":[],"is_beta":false,"boss_relics":[],"items_purged_floors":[3],"is_endless":false,"potions_floor_spawned":[2,5,6,10,11],"killed_by":"The Guardian","ascension_level":1}}