{"host":"rantoq7h0pygex6x","time":1614430112,"event":{"mods":["AchievementEnabler","BaseMod","BetterRewards","Minty Spire (QoL Compilation)","SuperFastMode"],"gold_per_floor":[132,132,144,168,124,124,157,157,157,176,176,212,227,268,268,366,366,371,121,121,141,141,141,141,141],"floor_reached":24,"language":"ENG","playtime":553,"items_purged":["Strike_R","Strike_R","Strike_R"],"score":576,"play_id":"43267ca9-ac16-4cca-a505-3cb87c4228d3","local_time":"20210227204832","is_ascension_mode":true,"campfire_choices":[{"floor":6.0,"key":"REST"},{"data":"HandOfGreed","floor":8.0,"key":"SMITH"},{"data":"Rupture","floor":11.0,"key":"SMITH"},{"floor":15.0,"key":"REST"},{"floor":23,"key":"REST"}],"circlet_count":0,"master_deck":["AscendersBane","Strike_R","Defend_R","Defend_R","Defend_R","Defend_R","Bash","Fire Breathing","Bludgeon","HandOfGreed+1","Metallicize","Rupture+1","Combust","Infernal Blade","Shrug It Off","Power Through","Armaments","Berserk","Burning Pact","Anger","Uppercut","Sentinel","Reaper","Seeing Red","Evolve","Inflame","Iron Wave"],"relics":["Burning Blood","CaptainsWheel","Dream Catcher","Juzu Bracelet","Prayer Wheel","Busted Crown"],"acts_visited":["Exordium","TheCity"],"potions_floor_usage":[16,16,16],"damage_taken":[{"damage":5.0,"enemies":"Small Slimes","floor":1.0,"turns":3.0},{"damage":9.0,"enemies":"Jaw Worm","floor":3.0,"turns":4.0},{"damage":0.0,"enemies":"Cultist","floor":7.0,"turns":2.0},{"damage":15.0,"enemies":"Exordium Thugs","floor":10.0,"turns":4.0},{"damage":6.0,"enemies":"Exordium Wildlife","floor":12.0,"turns":2.0},{"damage":6.0,"enemies":"Blue Slaver","floor":13.0,"turns":3.0},{"damage":17.0,"enemies":"3 Louse","floor":14.0,"turns":3.0},{"damage":39,"enemies":"The Guardian","floor":16,"turns":10},{"damage":7,"enemies":"2 Thieves","floor":18,"turns":4},{"damage":53,"enemies":"3 Byrds","floor":21,"turns":7},{"damage":62,"enemies":"Slavers","floor":24,"turns":4}],"seed_played":"7365498607171706081","potions_obtained":[{"floor":10.0,"key":"PowerPotion"},{"floor":12.0,"key":"SneckoOil"},{"floor":14.0,"key":"EntropicBrew"},{"floor":16,"key":"EssenceOfSteel"},{"floor":22,"key":"Ancient Potion"}],"is_trial":false,"path_per_floor":["M","?","M","T","$","R","M","R","T","M","R","M","M","M","R","B",null,"M","$","?","M","?","R","E"],"character_chosen":"IRONCLAD","items_purchased":["CaptainsWheel","Fire Breathing","Bludgeon","HandOfGreed","Combust","Seeing Red","Evolve"],"campfire_rested":3,"item_purchase_floors":[0,0,0,0,5,19,19],"current_hp_per_floor":[29,18,15,15,15,37,43,43,43,34,34,34,34,23,45,12,59,58,58,58,20,20,42,0,0],"gold":141,"neow_bonus":"","is_daily":false,"chose_seed":false,"campfire_upgraded":2,"win_rate":0.0,"timestamp":1614430112,"path_taken":["M","?","M","?","$","R","M","R","T","M","R","M","M","M","R","BOSS","M","$","?","M","?","R","E"],"items_purchased_type":["Relic","Card","Card","Card","Card","Card","Card"],"build_version":"2020-12-22","purchased_purges":3,"victory":false,"max_hp_per_floor":[75,75,75,75,75,75,75,75,75,75,75,75,75,75,75,75,75,75,75,75,75,75,75,75,75],"card_choices":[{"not_picked":["Twin Strike","Headbutt"],"picked":"Metallicize","floor":1.0},{"not_picked":["Seeing Red","Flex"],"picked":"Rupture","floor":3.0},{"not_picked":["Sword Boomerang","Clothesline"],"picked":"Infernal Blade","floor":6.0},{"not_picked":["Iron Wave","True Grit"],"picked":"Shrug It Off","floor":7.0},{"not_picked":["Sever Soul","Clothesline"],"picked":"Power Through","floor":10.0},{"not_picked":["Disarm","Thunderclap"],"picked":"Armaments","floor":10.0},{"not_picked":["Disarm","Havoc"],"picked":"Berserk","floor":12.0},{"not_picked":["Sword Boomerang","Body Slam"],"picked":"Burning Pact","floor":12.0},{"not_picked":["Fire Breathing","Iron Wave"],"picked":"Anger","floor":13.0},{"not_picked":["Disarm","Clash"],"picked":"Uppercut","floor":13.0},{"not_picked":["Havoc","Body Slam","Searing Blow"],"picked":"SKIP","floor":14.0},{"not_picked":["Heavy Blade","Perfected Strike","Clothesline"],"picked":"SKIP","floor":14.0},{"not_picked":["Fire Breathing","Impervious"],"picked":"Sentinel","floor":15.0},{"not_picked":["Offering","Impervious"],"picked":"Reaper","floor":16},{"not_picked":["Pummel"],"picked":"SKIP","floor":18},{"not_picked":["Uppercut"],"picked":"SKIP","floor":18},{"not_picked":[],"picked":"Iron Wave","floor":21},{"not_picked":["Thunderclap"],"picked":"SKIP","floor":21}],"player_experience":1014318,"relics_obtained":[{"floor":4.0,"key":"Juzu Bracelet"},{"floor":9.0,"key":"Prayer Wheel"}],"event_choices":[{"damage_healed":0.0,"max_hp_gain":0.0,"max_hp_loss":0.0,"gold_gain":0.0,"event_name":"Scrap Ooze","player_choice":"Success","floor":2.0,"gold_loss":0.0,"damage_taken":11.0,"relics_obtained":["Dream Catcher"]},{"damage_healed":0,"gold_gain":0,"cards_transformed":["Strike_R"],"player_choice":"Transformed","damage_taken":0,"max_hp_gain":0,"max_hp_loss":0,"event_name":"Transmorgrifier","floor":20,"gold_loss":0,"cards_obtained":["Inflame"]},{"damage_healed":0,"gold_gain":0,"player_choice":"Got Potions","damage_taken":0,"max_hp_gain":0,"max_hp_loss":0,"event_name":"Lab","floor":22,"gold_loss":0}],"is_beta":false,"boss_relics":[{"not_picked":["Fusion Hammer","Coffee Dripper"],"picked":"Busted Crown"}],"items_purged_floors":[0,0,19],"is_endless":false,"potions_floor_spawned":[10,12,14,16,21],"killed_by":"Slavers","ascension_level":20}}