{"host":"tr0r177cvmpvg89h","time":1614439535,"event":{"mods":["BaseMod","Colored Map","DeckTracker","Minty Spire (QoL Compilation)","StSLib","SuperFastMode"],"gold_per_floor":[363,363,186,186,199,199,213,213,288,298,316,140,150,165,165,264,264,275,275,291,291,166,166,16,16,16,34,66,66,66],"floor_reached":29,"language":"KOR","playtime":1186,"items_purged":["Strike_B","Strike_B","Strike_B","Strike_B"],"score":235,"play_id":"69cd2c7f-259c-498f-9b72-2e23f49c3450","local_time":"20210228002535","is_ascension_mode":false,"campfire_choices":[{"data":"Consume","floor":6,"key":"SMITH"},{"data":"White Noise","floor":8,"key":"SMITH"},{"floor":15,"key":"REST"},{"data":"Defragment","floor":23,"key":"SMITH"},{"floor":25,"key":"REST"}],"circlet_count":0,"master_deck":["Defend_B","Defend_B","Defend_B","Defend_B","Zap","Dualcast","Consume+1","Static Discharge","White Noise+1","Ball Lightning","Self Repair","Force Field","Gash","Defragment+1","Reboot","Necronomicurse"],"relics":["Cracked Core","Shuriken","Runic Pyramid","Nloth\u0027s Gift","Necronomicon","PreservedInsect","Bag of Marbles"],"acts_visited":["Exordium","TheCity"],"potions_floor_usage":[13,29,29],"damage_taken":[{"damage":1,"enemies":"Cultist","floor":1,"turns":3},{"damage":8,"enemies":"Jaw Worm","floor":5,"turns":3},{"damage":0,"enemies":"Small Slimes","floor":7,"turns":2},{"damage":10,"enemies":"Looter","floor":10,"turns":2},{"damage":16,"enemies":"2 Fungi Beasts","floor":11,"turns":3},{"damage":32,"enemies":"Exordium Thugs","floor":13,"turns":4},{"damage":14,"enemies":"Blue Slaver","floor":14,"turns":3},{"damage":8,"enemies":"Slime Boss","floor":16,"turns":6},{"damage":35,"enemies":"2 Thieves","floor":18,"turns":4},{"damage":12,"enemies":"Spheric Guardian","floor":20,"turns":5},{"damage":17,"enemies":"Snecko","floor":27,"turns":4},{"damage":18,"enemies":"Book of Stabbing","floor":28,"turns":3},{"damage":28,"enemies":"Centurion and Healer","floor":29,"turns":4}],"seed_played":"8589185008183767544","potions_obtained":[{"floor":1,"key":"ColorlessPotion"},{"floor":10,"key":"PowerPotion"},{"floor":16,"key":"DistilledChaos"},{"floor":18,"key":"SpeedPotion"},{"floor":28,"key":"ColorlessPotion"}],"is_trial":false,"path_per_floor":["M","?","$","?","M","R","M","R","T","M","M","$","M","M","R","B",null,"M","?","M","?","$","R","$","R","T","M","E","M"],"character_chosen":"DEFECT","items_purchased":["Static Discharge","White Noise","Defragment"],"campfire_rested":2,"item_purchase_floors":[3,3,12],"current_hp_per_floor":[74,74,74,74,66,66,66,66,66,63,47,47,22,15,37,36,75,47,47,42,26,26,26,26,48,48,38,27,0,0],"gold":66,"neow_bonus":"TWO_FIFTY_GOLD","is_daily":false,"chose_seed":false,"campfire_upgraded":3,"win_rate":0.0,"timestamp":1614439535,"path_taken":["M","?","$","?","M","R","?","R","T","M","M","$","M","M","R","BOSS","M","?","?","?","?","R","$","R","T","M","E","?"],"items_purchased_type":["Card","Card","Card"],"build_version":"2020-12-22","purchased_purges":4,"victory":false,"max_hp_per_floor":[75,75,75,75,75,75,75,75,75,75,75,75,75,75,75,75,75,75,75,75,75,75,75,75,75,75,75,75,75,75],"card_choices":[{"not_picked":["Coolheaded","Rebound"],"picked":"Consume","floor":1},{"not_picked":["Static Discharge","Gash"],"picked":"Ball Lightning","floor":5},{"not_picked":["Auto Shields","Static Discharge"],"picked":"Self Repair","floor":7},{"not_picked":["Steam","Consume"],"picked":"Force Field","floor":10},{"not_picked":["Stack","Compile Driver"],"picked":"Gash","floor":11},{"not_picked":["Rebound","Skim","Reprogram"],"picked":"SKIP","floor":13},{"not_picked":["Barrage","Hello World","Compile Driver"],"picked":"SKIP","floor":14},{"not_picked":["Amplify","Seek"],"picked":"Reboot","floor":16},{"not_picked":["Cold Snap+1","Steam Power+1","Hologram"],"picked":"SKIP","floor":18},{"not_picked":["BootSequence","Cold Snap","Compile Driver"],"picked":"SKIP","floor":20},{"not_picked":["Scrape+1","Redo","Reboot"],"picked":"SKIP","floor":27},{"not_picked":["Static Discharge","Heatsinks","Leap"],"picked":"SKIP","floor":28}],"player_experience":151148,"relics_obtained":[{"floor":9,"key":"Bottled Flame"},{"floor":21,"key":"Necronomicon"},{"floor":26,"key":"PreservedInsect"},{"floor":28,"key":"Bag of Marbles"}],"event_choices":[{"cards_removed":["Clumsy"],"damage_healed":0,"gold_gain":0,"player_choice":"Forget","damage_taken":0,"max_hp_gain":0,"max_hp_loss":0,"event_name":"Living Wall","floor":2,"gold_loss":0},{"damage_healed":0,"gold_gain":0,"player_choice":"Gave Potion","damage_taken":0,"relics_obtained":["Shuriken"],"max_hp_gain":0,"max_hp_loss":0,"event_name":"WeMeetAgain","floor":4,"gold_loss":0},{"damage_healed":0,"gold_gain":0,"player_choice":"Traded Relic","damage_taken":0,"relics_obtained":["Nloth\u0027s Gift"],"max_hp_gain":0,"max_hp_loss":0,"event_name":"N\u0027loth","floor":19,"relics_lost":["Bottled Flame"],"gold_loss":0},{"damage_healed":0,"gold_gain":0,"player_choice":"Obtained Book","damage_taken":16,"max_hp_gain":0,"max_hp_loss":0,"event_name":"Cursed Tome","floor":21,"gold_loss":0}],"is_beta":false,"boss_relics":[{"not_picked":["Velvet Choker","SacredBark"],"picked":"Runic Pyramid"}],"items_purged_floors":[3,12,22,24],"is_endless":false,"potions_floor_spawned":[1,10,16,18,28],"killed_by":"Centurion and Healer","ascension_level":0}}