{"host":"p4yrwepmrl4g8pul","time":1614418037,"event":{"mods":["Act Like it!","BaseMod","BetterRewards","Colored Map","Custom Start","Downfall","Gensokyo","Marisa£®ÏF”Í°°ƒß¿Ì…≥£©","Minty Spire (QoL Compilation)","Quick Restart","Rare Cards Sparkle","Reimu£®≤©¿ˆ¡È√Œ£©","Remilia£®¿Ÿ√◊¿Ú—«£©","Remove Card Discount Mod","Shop Mod","StSLib","Thieving Mod"],"gold_per_floor":[9999,10012,10012,10023,10023,10023,10095,10105,9035,9067,9081,9093,8255,8255,8267,8372,8372,8372,8385,8485,8513,8530,8530,8602,8630,8630,8630,8648,8678,4126,4126,4137,4241,4241,4141,4155,4205,4560,4560,4560,4560,4560,4586,4602,2954,2413,2413,2080,2095,2095],"floor_reached":51,"language":"ZHS","playtime":2475,"items_purged":["downfall:Malfunctioning","bronze:Strike","bronze:Strike","bronze:Defend","bronze:Defend","bronze:Strike+1","bronze:Defend","bronze:Defend","bronze:Strike+1","bronze:FineTuning","bronze:Optimize","bronze:Optimize","downfall:Malfunctioning"],"score":1210,"play_id":"542f0ece-3728-4faf-b53e-637da65a0848","local_time":"20210227172717","is_ascension_mode":true,"campfire_choices":[{"data":"bronze:Goto","floor":1.0,"key":"SMITH"},{"data":"bronze:Replicate","floor":6.0,"key":"SMITH"},{"data":"bronze:TinkerersToolbox","floor":18.0,"key":"SMITH"},{"data":"bronze:Terminator","floor":23.0,"key":"SMITH"},{"data":"bronze:FineTuning","floor":27.0,"key":"SMITH"},{"data":"bronze:CleanCode","floor":35.0,"key":"SMITH"},{"data":"1","floor":40.0,"key":"LIFT"},{"data":"2","floor":42.0,"key":"LIFT"}],"circlet_count":0,"master_deck":["bronze:Replicate+1","bronze:Goto+1","bronze:Safeguard+1","bronze:FineTuning+1","bronze:WhirlingStrike+1","bronze:TinkerersToolbox+1","Flash of Steel+1","bronze:Constructor+1","bronze:Philosophize","bronze:ChildClass","bronze:Terminator+1","bronze:DelayedGuard+1","bronze:CleanCode+1","bronze:Terminator+1"],"relics":["bronze:PlatinumCore","Shuriken","TheAbacus","Omamori","Question Card","MerchantsRug","Mummified Hand","FossilizedHelix","Happy Flower","Sling","Cursed Key","WingedGreaves","StrikeDummy","Frozen Eye","War Paint","The Courier","Pantograph","Strawberry","Mastiff:ReiMu","Ancient Tea Set","Art of War","Incense Burner","Unceasing Top","Potion Belt","Whetstone","Oddly Smooth Stone","Juzu Bracelet","Turnip","Tiny Chest","Lizard Tail","Thread and Needle","Bottled Lightning","Bottled Flame","Pocketwatch","Centennial Puzzle","Regal Pillow","Bag of Marbles","Dream Catcher","Kunai","Nunchaku","Ginger","Girya","ScarletDevilRocket","Letter Opener","bronze:ProtectiveGoggles","downfall:HeartBlessingGreen","Mango","Old Coin","Ice Cream","Orichalcum","Anchor","Lantern","PreservedInsect","Blue Candle","TungstenRod","Sundial","Mercury Hourglass","MealTicket","Gremlin Horn","Shovel","Bronze Scales","Frozen Egg 2","Boot","DollysMirror"],"acts_visited":["Exordium","TheCity","TheBeyond"],"potions_floor_usage":[50,50,50,50],"damage_taken":[{"damage":6.0,"enemies":"Jaw Worm","floor":2.0,"turns":3.0},{"damage":15.0,"enemies":"Small Slimes","floor":4.0,"turns":3.0},{"damage":0.0,"enemies":"Cultist","floor":8.0,"turns":3.0},{"damage":10.0,"enemies":"downfall:FleeingMerchant","floor":9.0,"turns":4.0},{"damage":0.0,"enemies":"Lagavulin","floor":10.0,"turns":3.0},{"damage":13.0,"enemies":"Exordium Thugs","floor":11.0,"turns":3.0},{"damage":0.0,"enemies":"Exordium Wildlife","floor":12.0,"turns":3.0},{"damage":2.0,"enemies":"downfall:FleeingMerchant","floor":13.0,"turns":4.0},{"damage":0.0,"enemies":"2 Fungi Beasts","floor":15.0,"turns":2.0},{"damage":0.0,"enemies":"IC_STATUS_ARCHETYPE","floor":16.0,"turns":3.0},{"damage":0.0,"enemies":"Chosen","floor":19.0,"turns":2.0},{"damage":33.0,"enemies":"Colosseum Nobs","floor":20.0,"turns":4.0},{"damage":0.0,"enemies":"downfall:FleeingMerchant","floor":21.0,"turns":3.0},{"damage":0.0,"enemies":"Spheric Guardian","floor":22.0,"turns":3.0},{"damage":0.0,"enemies":"Book of Stabbing","floor":25.0,"turns":3.0},{"damage":0.0,"enemies":"Chosen and Byrds","floor":28.0,"turns":2.0},{"damage":0.0,"enemies":"Gremlin Leader","floor":29.0,"turns":3.0},{"damage":0.0,"enemies":"Sentry and Sphere","floor":32.0,"turns":2.0},{"damage":0.0,"enemies":"DF_ARCHETYPE_CLAW","floor":33.0,"turns":2.0},{"damage":0.0,"enemies":"3 Darklings","floor":36.0,"turns":1.0},{"damage":0.0,"enemies":"3 Darklings","floor":37.0,"turns":2.0},{"damage":0.0,"enemies":"2 Orb Walkers","floor":38.0,"turns":2.0},{"damage":0.0,"enemies":"Nemesis","floor":43.0,"turns":3.0},{"damage":0.0,"enemies":"3 Shapes","floor":44.0,"turns":2.0},{"damage":0.0,"enemies":"Writhing Mass","floor":49.0,"turns":2.0},{"damage":0,"enemies":"WA_ARCHETYPE_DIVINITY","floor":50,"turns":2}],"seed_played":"485703936242452240","potions_obtained":[{"floor":5.0,"key":"FairyPotion"},{"floor":5.0,"key":"GrandPatriotsElixir:ReiMu"},{"floor":5.0,"key":"Dexterity Potion"},{"floor":11.0,"key":"bronze:FreeFunctionsPotion"},{"floor":16.0,"key":"SkillPotion"},{"floor":20.0,"key":"bronze:FreeFunctionsPotion"},{"floor":32.0,"key":"CultistPotion"},{"floor":38.0,"key":"Strength Potion"}],"is_trial":false,"path_per_floor":["R","M","?","M","?","R","T","M","$","E","M","M","$","?","M","B",null,"R","M","?","$","M","R","T","E","?","R","M","E","$","?","M","B",null,"R","M","?","?","T","R","T","R","E","M","?","$","?","?","M","B",null],"character_chosen":"THE_AUTOMATON","items_purchased":["TheAbacus","Omamori","Question Card","bronze:WhirlingStrike","bronze:TinkerersToolbox","MerchantsRug","LiquidBronze","Flash of Steel","bronze:Constructor","FossilizedHelix","Happy Flower","Sling","bronze:Terminator","bronze:Assembly","Frozen Eye","War Paint","Mastiff:ReiMu","Ancient Tea Set","Art of War","Incense Burner","Unceasing Top","Potion Belt","Whetstone","Oddly Smooth Stone","Juzu Bracelet","Turnip","Tiny Chest","Lizard Tail","Thread and Needle","Bottled Lightning","Bottled Flame","Pocketwatch","Centennial Puzzle","Regal Pillow","Bag of Marbles","Dream Catcher","Kunai","Nunchaku","Ginger","Girya","ScarletDevilRocket","Letter Opener","bronze:ProtectiveGoggles","Lantern","PreservedInsect","Blue Candle","TungstenRod","Sundial","Mercury Hourglass","MealTicket","Gremlin Horn","Shovel","Bronze Scales","Frozen Egg 2","Boot","DollysMirror"],"campfire_rested":0,"item_purchase_floors":[9,9,9,9,9,9,9,9,9,13,13,13,13,13,21,21,30,30,30,30,30,30,30,30,30,30,30,30,30,30,30,30,30,30,30,30,30,30,30,30,30,30,30,45,45,45,45,45,45,45,45,45,46,46,46,46],"current_hp_per_floor":[70,64,64,49,49,49,49,49,39,39,26,26,24,80,80,80,80,80,80,47,47,47,47,47,47,47,47,47,54,54,54,54,79,87,87,87,101,101,101,101,101,101,101,101,101,101,101,114,114,114],"gold":2095,"neow_bonus":"HUNDRED_GOLD","is_daily":false,"chose_seed":false,"campfire_upgraded":6,"win_rate":0.0,"timestamp":1614418037,"path_taken":["R","M","?","M","?","R","T","M","$","E","M","?","$","?","M","BOSS","R","M","?","$","M","R","T","E","?","R","?","E","$","?","M","BOSS","R","M","?","?","?","R","T","R","E","M","?","$","?","?","M","BOSS"],"items_purchased_type":["Relic","Relic","Relic","Card","Card","Relic","Potion","Card","Card","Relic","Relic","Relic","Card","Card","Relic","Relic","Relic","Relic","Relic","Relic","Relic","Relic","Relic","Relic","Relic","Relic","Relic","Relic","Relic","Relic","Relic","Relic","Relic","Relic","Relic","Relic","Relic","Relic","Relic","Relic","Relic","Relic","Relic","Relic","Relic","Relic","Relic","Relic","Relic","Relic","Relic","Relic","Relic","Relic","Relic","Relic"],"build_version":"2020-12-22","purchased_purges":13,"victory":true,"max_hp_per_floor":[70,70,70,70,70,70,70,70,70,70,70,70,70,80,80,80,80,80,80,80,80,80,80,80,80,80,80,80,87,87,87,87,87,87,87,87,101,101,101,101,101,101,101,101,101,101,101,114,114,114],"card_choices":[{"not_picked":["bronze:BitShift","bronze:OilSpill"],"picked":"bronze:Safeguard","floor":2.0},{"not_picked":["bronze:BronzeOrb","bronze:Branch","bronze:DarkDash"],"picked":"SKIP","floor":4.0},{"not_picked":["bronze:DelayedSlice","bronze:DelayedGuard"],"picked":"bronze:FineTuning","floor":8.0},{"not_picked":["bronze:InfiniteBeams","bronze:OilSpill"],"picked":"bronze:Optimize","floor":9.0},{"not_picked":["bronze:Invalidate","bronze:Overload","bronze:MaxOutput"],"picked":"bronze:Optimize","floor":10.0},{"not_picked":["bronze:CloningBeam","bronze:DigitalCarnage","bronze:Separator"],"picked":"bronze:Philosophize","floor":11.0},{"not_picked":["bronze:CutThrough","bronze:FineTuning","bronze:Overload"],"picked":"bronze:ChildClass","floor":12.0},{"not_picked":["bronze:BuggyMess","bronze:Shell","bronze:Overheat","bronze:MaxOutput"],"picked":"SKIP","floor":13.0},{"not_picked":["bronze:ChildClass","bronze:Shield","bronze:BronzeArmor"],"picked":"bronze:DelayedGuard","floor":15.0},{"not_picked":["bronze:BurnOut","bronze:Format","bronze:Hardcode"],"picked":"bronze:CleanCode","floor":16.0},{"not_picked":["bronze:Fortify","bronze:Constructor","bronze:ChosenStrike"],"picked":"bronze:FineTuning","floor":19.0},{"not_picked":["bronze:BronzeArmor","bronze:BuggyMess","bronze:DelayedGuard","bronze:Deprecate"],"picked":"SKIP","floor":22.0},{"not_picked":["bronze:CloningBeam","bronze:NullPointer+1","bronze:ShipIt","bronze:Frontload"],"picked":"SKIP","floor":25.0},{"not_picked":["bronze:ForLoop","bronze:BugBarrage+1","bronze:BitShift+1","bronze:Allocate"],"picked":"SKIP","floor":28.0},{"not_picked":["bronze:Philosophize","bronze:Optimize","bronze:Deprecate","bronze:HardenedForm"],"picked":"SKIP","floor":29.0},{"not_picked":["bronze:FineTuning","bronze:Repair","bronze:OilSpill+1","bronze:Turbo+1"],"picked":"SKIP","floor":32.0},{"not_picked":["bronze:Overheat","bronze:ChosenStrike+1","bronze:WhirlingStrike+1","bronze:MaxOutput+1"],"picked":"SKIP","floor":36.0},{"not_picked":["bronze:BitShift+1","bronze:Branch","bronze:MaxOutput+1","bronze:Overload"],"picked":"SKIP","floor":43.0},{"not_picked":["bronze:Frontload+1","bronze:DigitalCarnage","bronze:DelayedGuard+1","bronze:Invalidate"],"picked":"SKIP","floor":44.0},{"not_picked":["bronze:Shield+1","bronze:Allocate","bronze:ClassDefault+1","bronze:Return"],"picked":"SKIP","floor":49.0}],"player_experience":865265,"relics_obtained":[{"floor":7.0,"key":"Shuriken"},{"floor":10.0,"key":"Mummified Hand"},{"floor":20.0,"key":"WingedGreaves"},{"floor":20.0,"key":"StrikeDummy"},{"floor":24.0,"key":"The Courier"},{"floor":25.0,"key":"Pantograph"},{"floor":29.0,"key":"Strawberry"},{"floor":37.0,"key":"Mango"},{"floor":38.0,"key":"Old Coin"},{"floor":39.0,"key":"Ice Cream"},{"floor":41.0,"key":"Orichalcum"},{"floor":43.0,"key":"Anchor"}],"event_choices":[{"damage_healed":0.0,"max_hp_gain":0.0,"max_hp_loss":0.0,"gold_gain":0.0,"event_name":"Lab","player_choice":"Got Potions","floor":5.0,"gold_loss":0.0,"damage_taken":0.0},{"damage_healed":0.0,"max_hp_gain":0.0,"max_hp_loss":0.0,"gold_gain":0.0,"event_name":"Ghosts","player_choice":"Ignored","floor":31.0,"gold_loss":0.0,"damage_taken":0.0},{"damage_healed":0.0,"max_hp_gain":0.0,"max_hp_loss":0.0,"gold_gain":0.0,"event_name":"Mysterious Sphere","player_choice":"Fight","floor":38.0,"gold_loss":0.0,"damage_taken":0.0}],"is_beta":false,"boss_relics":[{"not_picked":["SlaversCollar","Snecko Eye"],"picked":"Cursed Key"},{"not_picked":["Coffee Dripper","Black Star"],"picked":"bronze:PlatinumCore"}],"items_purged_floors":[9,9,9,9,9,9,9,13,13,21,21,30,45],"is_endless":false,"potions_floor_spawned":[10,11,15,16,20,28,32,38,49],"ascension_level":1}}