{"host":"vrsxkkch9ccrec7k","time":1614445001,"event":{"mods":["Act Like it!","BaseMod","Bestiary","Better Altar","Better Match","Better Note","Better Sensory Stone","Better Skull","Better Third Choice","Better Vampires","Downfall","Minty Spire (QoL Compilation)","Permanent Neow","Relic Stats","Replay The Spire","Spicy Shops","StSLib"],"gold_per_floor":[99,110,121,121,190,190,237,237,257,272,285,303,330,349,368,439,439,439,453,468,484,502,519,573,573,586,586,619,635,646,64,83,157,157,157,174,185,10,23,23,23,8,8,8,45,11,11,30,40,40],"floor_reached":51,"language":"ENG","playtime":5056,"items_purged":["bronze:Strike","bronze:Strike"],"score":1447,"play_id":"e4914763-2b8e-49be-8324-2f140837d25f","local_time":"20210227115641","is_ascension_mode":true,"campfire_choices":[{"data":"bronze:Replicate","floor":1,"key":"SMITH"},{"data":"bronze:HyperBeam","floor":8,"key":"SMITH"},{"data":"bronze:Strike","floor":18,"key":"PURGE"},{"floor":27,"key":"RECALL"},{"floor":43,"key":"REST"},{"floor":47,"key":"REST"}],"circlet_count":0,"master_deck":["AscendersBane","bronze:Defend","bronze:Defend","bronze:Defend","bronze:Defend","bronze:Replicate+1","bronze:Goto","bronze:HyperBeam+1","bronze:Optimize","bronze:Frontload","ReplayUltimateDefense","bronze:BronzeOrb","bronze:Deprecate","bronze:Repair","bronze:Turbo","bronze:DelayedSlice","bronze:DigitalCarnage","bronze:Branch","bronze:Assembly+1","bronze:WhirlingStrike","bronze:ChildClass","bronze:InfiniteBeams","bronze:Boost","Pot Of Greed","Pot Of Greed","Pot Of Greed","bronze:Turbo+1","bronze:BitShift+1","bronze:Constructor+1","bronze:Flail+1","ReplayUltimateDefense+1","bronze:Frontload+1","bronze:Library+1","bronze:BronzeOrb","bronze:Boost","bronze:DigitalCarnage+1","Pot Of Greed+1","bronze:FindAndReplace+1","bronze:FineTuning+1","bronze:Optimize+1","bronze:Iterate"],"relics":["bronze:PlatinumCore","Meat on the Bone","Replay:Wax Seal","Golden Egg","Fusion Hammer","Lantern","Grinning Jar","DollysMirror","Oddly Smooth Stone","Vajra","Omamori","CaptainsWheel","MawBank","Potion Belt","Snack Pack","ReplayTheSpireMod:Lightbulb"],"acts_visited":["Exordium","TheCity","TheBeyond"],"potions_floor_usage":[13,16,16,30,33,50,50,50],"damage_taken":[{"damage":0,"enemies":"Small Slimes","floor":2,"turns":3},{"damage":8,"enemies":"Jaw Worm","floor":3,"turns":4},{"damage":9,"enemies":"2 Louse","floor":9,"turns":3},{"damage":4,"enemies":"Lots of Slimes","floor":10,"turns":5},{"damage":0,"enemies":"2 Fungi Beasts","floor":11,"turns":4},{"damage":6,"enemies":"Exordium Thugs","floor":12,"turns":7},{"damage":2,"enemies":"3 Sentries","floor":13,"turns":3},{"damage":15,"enemies":"Blue Slaver","floor":14,"turns":4},{"damage":0,"enemies":"Exordium Wildlife","floor":15,"turns":4},{"damage":0,"enemies":"SI_SHIV_ARCHETYPE","floor":16,"turns":54},{"damage":8,"enemies":"3 Byrds","floor":19,"turns":5},{"damage":0,"enemies":"Spheric Guardian","floor":20,"turns":3},{"damage":0,"enemies":"Centurion and Healer","floor":21,"turns":4},{"damage":13,"enemies":"Snecko","floor":22,"turns":3},{"damage":15,"enemies":"Chosen and Byrds","floor":23,"turns":8},{"damage":2,"enemies":"Centurion and Healer","floor":26,"turns":5},{"damage":11,"enemies":"Gremlin Leader","floor":28,"turns":5},{"damage":4,"enemies":"Shelled Parasite and Fungi","floor":29,"turns":5},{"damage":22,"enemies":"Snake Plant","floor":30,"turns":3},{"damage":5,"enemies":"downfall:FleeingMerchant","floor":31,"turns":4},{"damage":0,"enemies":"3 Cultists","floor":32,"turns":5},{"damage":0,"enemies":"IC_MUSHROOM_ARCHETYPE","floor":33,"turns":11},{"damage":0,"enemies":"3 Shapes","floor":36,"turns":4},{"damage":0,"enemies":"3 Darklings","floor":37,"turns":4},{"damage":0,"enemies":"downfall:FleeingMerchant","floor":38,"turns":4},{"damage":17,"enemies":"4 Shapes","floor":39,"turns":4},{"damage":0,"enemies":"downfall:FleeingMerchant","floor":42,"turns":4},{"damage":0,"enemies":"Giant Head","floor":45,"turns":8},{"damage":0,"enemies":"downfall:FleeingMerchant","floor":46,"turns":3},{"damage":0,"enemies":"Spire Growth","floor":48,"turns":5},{"damage":0,"enemies":"Transient","floor":49,"turns":5},{"damage":16,"enemies":"DF_ARCHETYPE_ORBS","floor":50,"turns":7}],"seed_played":"-5609034814969004703","potions_obtained":[{"floor":2,"key":"Energy Potion"},{"floor":10,"key":"SpeedPotion"},{"floor":12,"key":"AttackPotion"},{"floor":15,"key":"BlessingOfTheForge"},{"floor":16,"key":"EssenceOfSteel"},{"floor":23,"key":"DuplicationPotion"},{"floor":26,"key":"LiquidBronze"},{"floor":28,"key":"Cursed Concoction"},{"floor":30,"key":"ColorlessPotion"},{"floor":36,"key":"Milkshake"},{"floor":45,"key":"bronze:BurnAndBuffPotion"},{"floor":48,"key":"PowerPotion"}],"is_trial":false,"path_per_floor":["R","M","M","?","T","?","T","R","M","M","M","M","E","M","M","B",null,"R","M","M","M","M","M","T","?","M","R","E","M","M","$","M","B",null,"R","M","M","$","M","?","T","$","R","?","E","$","R","M","M","B",null],"character_chosen":"THE_AUTOMATON","items_purchased":["DollysMirror","Oddly Smooth Stone","Vajra","bronze:Frontload","Omamori","ReplayTheSpireMod:Lightbulb","bronze:Optimize+1","ColorlessPotion","DistilledChaos"],"campfire_rested":2,"item_purchase_floors":[31,31,31,31,38,46,46,46,46],"current_hp_per_floor":[57,57,49,49,49,49,49,49,40,36,36,40,45,42,49,56,61,61,55,62,63,50,42,42,42,47,47,43,46,36,38,45,52,60,60,63,63,63,46,46,46,53,63,36,46,50,63,63,63,63],"gold":40,"neow_bonus":"ONE_RANDOM_RARE_CARD","is_daily":false,"chose_seed":false,"campfire_upgraded":2,"win_rate":0.0,"timestamp":1614445001,"path_taken":["R","M","M","?","?","?","T","R","M","M","M","M","E","M","M","BOSS","R","M","M","M","?","M","T","?","M","R","E","M","M","$","M","BOSS","R","M","M","$","M","?","T","?","R","?","E","$","R","M","M","BOSS"],"items_purchased_type":["Relic","Relic","Relic","Card","Relic","Relic","Card","Potion","Potion"],"build_version":"2020-12-22","purchased_purges":2,"victory":true,"max_hp_per_floor":[63,63,63,63,63,63,63,63,63,63,63,63,63,63,63,63,63,63,63,63,63,63,63,63,63,63,63,63,63,63,63,63,63,63,63,63,63,63,63,63,63,63,63,63,63,63,63,63,63,63],"relic_stats":{"counters":[32,200],"MawBank":24,"obtain_stats":[{"Potion Belt":44,"Golden Egg":13,"bronze:PlatinumCore":34,"Lantern":24,"bronze:BronzeCore":0,"Oddly Smooth Stone":31,"Vajra":31,"Omamori":38,"MawBank":44,"CaptainsWheel":41,"DollysMirror":31,"Fusion Hammer":17,"Snack Pack":45,"Replay:Wax Seal":7,"Grinning Jar":28,"ReplayTheSpireMod:Lightbulb":46,"Meat on the Bone":5},{"Potion Belt":27,"Golden Egg":7,"bronze:PlatinumCore":22,"Lantern":15,"bronze:BronzeCore":0,"Oddly Smooth Stone":20,"Vajra":20,"Omamori":25,"MawBank":27,"CaptainsWheel":26,"DollysMirror":20,"Fusion Hammer":10,"Snack Pack":28,"Replay:Wax Seal":2,"Grinning Jar":17,"ReplayTheSpireMod:Lightbulb":29,"Meat on the Bone":2},{"Potion Belt":172,"Golden Egg":29,"bronze:PlatinumCore":152,"Lantern":114,"bronze:BronzeCore":0,"Oddly Smooth Stone":136,"Vajra":136,"Omamori":164,"MawBank":172,"CaptainsWheel":168,"DollysMirror":136,"Fusion Hammer":91,"Snack Pack":180,"Replay:Wax Seal":7,"Grinning Jar":124,"ReplayTheSpireMod:Lightbulb":183,"Meat on the Bone":7}],"Meat on the Bone":24},"card_choices":[{"not_picked":["bronze:Separator","bronze:OilSpill"],"picked":"bronze:Optimize","floor":2},{"not_picked":["bronze:ForLoop","bronze:BugBarrage"],"picked":"bronze:Frontload","floor":3},{"not_picked":["Replay:Bootleg Shield Generator","Panacea"],"picked":"ReplayUltimateDefense","floor":6},{"not_picked":["bronze:NullPointer","bronze:BugBarrage"],"picked":"bronze:BronzeOrb","floor":9},{"not_picked":["bronze:Overheat","bronze:WhirlingStrike"],"picked":"bronze:Deprecate","floor":10},{"not_picked":["bronze:WildBeam","bronze:Overheat"],"picked":"bronze:Repair","floor":11},{"not_picked":["bronze:GetLatest","bronze:Turbo","bronze:BugBarrage"],"picked":"SKIP","floor":12},{"not_picked":["bronze:GetLatest","bronze:BugBarrage"],"picked":"bronze:Turbo","floor":12},{"not_picked":["bronze:Frontload","bronze:FineTuning"],"picked":"bronze:DelayedSlice","floor":13},{"not_picked":["bronze:ForLoop","bronze:ChosenStrike"],"picked":"bronze:DigitalCarnage","floor":14},{"not_picked":["bronze:Virus","bronze:WhirlingStrike"],"picked":"bronze:Branch","floor":15},{"not_picked":["bronze:HyperBeam","bronze:Virus"],"picked":"bronze:Assembly","floor":16},{"not_picked":["bronze:DigitalCarnage","bronze:OilSpill"],"picked":"bronze:WhirlingStrike","floor":19},{"not_picked":["bronze:Branch","bronze:ChosenStrike"],"picked":"bronze:ChildClass","floor":20},{"not_picked":["bronze:Backtrace","bronze:Invalidate","bronze:NullPointer"],"picked":"SKIP","floor":21},{"not_picked":["bronze:DelayedSlice","bronze:Overheat"],"picked":"bronze:InfiniteBeams","floor":22},{"not_picked":["bronze:DelayedSlice","bronze:OilSpill+1","bronze:GetLatest"],"picked":"SKIP","floor":23},{"not_picked":["bronze:FineTuning","bronze:BitShift"],"picked":"bronze:Boost","floor":26},{"not_picked":["bronze:FineTuning","bronze:OilSpill"],"picked":"bronze:Turbo+1","floor":28},{"not_picked":["bronze:Terminator","bronze:ChildClass"],"picked":"bronze:BitShift+1","floor":29},{"not_picked":["bronze:Deprecate","bronze:DelayedGuard"],"picked":"bronze:Constructor+1","floor":30},{"not_picked":["bronze:DarkDash","bronze:ChosenStrike"],"picked":"bronze:Flail","floor":31},{"not_picked":["bronze:Deprecate","bronze:BuggyMess","bronze:DelayedSlice"],"picked":"SKIP","floor":32},{"not_picked":["bronze:Verify","bronze:SpaghettiCode"],"picked":"bronze:Library","floor":33},{"not_picked":["bronze:Shield","bronze:Safeguard"],"picked":"bronze:Boost","floor":36},{"not_picked":["bronze:Branch","bronze:Separator+1","bronze:CloningBeam"],"picked":"SKIP","floor":37},{"not_picked":["bronze:WhirlingStrike","bronze:WildBeam+1"],"picked":"bronze:DigitalCarnage+1","floor":38},{"not_picked":["bronze:DelayedGuard","bronze:Invalidate"],"picked":"bronze:FindAndReplace","floor":39},{"not_picked":["bronze:CloningBeam","bronze:DelayedGuard","bronze:Shield"],"picked":"SKIP","floor":42},{"not_picked":["bronze:Philosophize","bronze:Overload","bronze:BugBarrage"],"picked":"SKIP","floor":45},{"not_picked":["bronze:Deprecate","bronze:Backtrace"],"picked":"bronze:FineTuning","floor":46},{"not_picked":["bronze:Refactor","bronze:BitShift+1","bronze:MaxOutput+1"],"picked":"SKIP","floor":48},{"not_picked":["bronze:DarkDash+1","bronze:Deprecate"],"picked":"bronze:Iterate","floor":49}],"player_experience":2057244,"relics_obtained":[{"floor":5,"key":"Meat on the Bone"},{"floor":7,"key":"Replay:Wax Seal"},{"floor":13,"key":"Golden Egg"},{"floor":24,"key":"Lantern"},{"floor":28,"key":"Grinning Jar"},{"floor":41,"key":"CaptainsWheel"},{"floor":45,"key":"Snack Pack"}],"event_choices":[{"damage_healed":0,"gold_gain":1,"player_choice":"LEAVE","damage_taken":0,"max_hp_gain":0,"max_hp_loss":0,"event_name":"betterThird:BetterScrap","floor":4,"gold_loss":0,"cards_obtained":["Berserk"]},{"damage_healed":0,"gold_gain":1,"player_choice":"1","damage_taken":0,"max_hp_gain":0,"max_hp_loss":0,"event_name":"betterStone:BetterStone","floor":6,"gold_loss":0},{"damage_healed":0,"gold_gain":0,"player_choice":"RE RE ","damage_taken":31,"relics_obtained":["MawBank","Potion Belt"],"max_hp_gain":0,"max_hp_loss":0,"event_name":"betterSkull:BetterSkull","floor":44,"gold_loss":0,"cards_upgraded":[]}],"is_beta":false,"boss_relics":[{"not_picked":["Ring of Chaos","Tiny House"],"picked":"Fusion Hammer"},{"not_picked":["Busted Crown","bronze:ElectromagneticCoil"],"picked":"bronze:PlatinumCore"}],"items_purged_floors":[31,38],"is_endless":false,"potions_floor_spawned":[2,10,11,12,15,16,23,26,28,30,36,45,48,49],"ascension_level":15}}