{"host":"ogk9ry5953hr85uy","time":1614425809,"event":{"mods":["Act Like it!","BaseMod","Bestiary","Better Third Choice","BetterRewards","Conspire","Downfall","Gremlin Mod","Halation","Hallownest","Hubris","Lobotomy","LobotomyExtend","Mimic Mod","Minty Spire (QoL Compilation)","Reliquary","Replay The Spire","Ruina","Shop Mod","Spicy Shops","StSLib","The Bug Knight","The Disciple","The Jungle","The Marked","Waifu the Spire"],"gold_per_floor":[111,42,61,61,61,71,101,101,101,0,0,19,59,84,84,84,84],"floor_reached":16,"language":"RUS","playtime":867,"items_purged":[],"score":98,"play_id":"600cb0d6-e4a8-49ac-8428-7282d328562c","local_time":"20210227163649","is_ascension_mode":false,"campfire_choices":[{"data":"Loop","floor":8,"key":"SMITH"},{"data":"White Noise","floor":11,"key":"SMITH"},{"floor":15,"key":"DIG"}],"circlet_count":0,"master_deck":["Strike_B","Strike_B","Strike_B","Strike_B+1","Defend_B+1","Defend_B","Defend_B","Defend_B","Zap","Dualcast","Coolheaded","UniverseFragment","Loop+1","Self Repair","Wellcheers","Delirium","White Noise+1","Bloodbath","Cold Snap","WallGazer","conspire:SharedLibrary","Hyperbeam"],"relics":["Cracked Core","CogitoBucket","LetterFromLob","halation:PinkSoulGem","ReplayTheSpireMod:Ring of Challenge","ReplayTheSpireMod:Ring of Collecting","Prayer Wheel","Ring of Panic","halation:TwoAmDonut","Hallownest:BankAccountRelic","ReplayTheSpireMod:Ring of Addiction","Simple Rune","hubris:EmptyBottle","Toy Ornithopter","Replay:Antivirus Software"],"acts_visited":["Hallownest:Greenpath"],"potions_floor_usage":[7,7,7,16,16],"damage_taken":[{"damage":3,"enemies":"Hallownest:2_MossCreeps","floor":1,"turns":5},{"damage":0,"enemies":"Hallownest:monsterHuskGuard","floor":3,"turns":6},{"damage":5,"enemies":"Hallownest:monsterHuskWarrior","floor":6,"turns":4},{"damage":48,"enemies":"Hallownest:eliteMossKnight","floor":7,"turns":17},{"damage":31,"enemies":"Hallownest:Guard_and_Warrior","floor":12,"turns":8},{"damage":60,"enemies":"Hallownest:BossBrokenVessel","floor":16,"turns":9}],"seed_played":"7093704843054841137","potions_obtained":[{"floor":1,"key":"AttackPotion"},{"floor":3,"key":"Energy Potion"},{"floor":6,"key":"PowerPotion"},{"floor":14,"key":"Elixir"},{"floor":14,"key":"EssenceOfSteel"},{"floor":14,"key":"BlessingOfTheForge"}],"is_trial":false,"path_per_floor":["M","$","M","?","?","M","E","R","T","?","R","M","$","T","R","B"],"character_chosen":"DEFECT","items_purchased":["Loop"],"campfire_rested":0,"item_purchase_floors":[2],"current_hp_per_floor":[72,72,72,72,72,75,53,53,53,53,53,34,34,34,34,0,0],"gold":84,"neow_bonus":"","is_daily":false,"chose_seed":false,"campfire_upgraded":2,"win_rate":0.0,"timestamp":1614425809,"path_taken":["M","$","M","?","?","M","E","R","T","?","R","?","?","?","R","BOSS"],"items_purchased_type":["Card"],"build_version":"2020-12-22","purchased_purges":0,"victory":false,"max_hp_per_floor":[75,75,75,75,75,75,75,75,75,75,75,75,75,75,75,75,75],"card_choices":[{"not_picked":["Gash","Panic Button"],"picked":"Coolheaded","floor":1},{"not_picked":["DespairKnight","VoidDream"],"picked":"UniverseFragment","floor":1},{"not_picked":["Steam","Reinforced Body"],"picked":"Self Repair","floor":3},{"not_picked":["ShyLook","FieryBird"],"picked":"Wellcheers","floor":3},{"not_picked":["ReplayTheSpireMod:Repulse","Go for the Eyes"],"picked":"White Noise","floor":6},{"not_picked":["Scorched","Murderer","CrumblingArmor"],"picked":"Singing Bowl","floor":6},{"not_picked":["QueenBee","Scarecrow"],"picked":"Bloodbath","floor":6},{"not_picked":["Compile Driver","Reprogram"],"picked":"Cold Snap","floor":7},{"not_picked":["OldLady","SpiderBud"],"picked":"WallGazer","floor":7},{"not_picked":["Coolheaded","Gash"],"picked":"conspire:SharedLibrary","floor":12},{"not_picked":["Turbo","Coolheaded"],"picked":"Hyperbeam","floor":12},{"not_picked":["MeatLantern","Variant","OldLady"],"picked":"Singing Bowl","floor":12}],"player_experience":124599,"relics_obtained":[{"floor":1,"key":"LetterFromLob"},{"floor":5,"key":"ReplayTheSpireMod:Ring of Challenge"},{"floor":5,"key":"ReplayTheSpireMod:Ring of Collecting"},{"floor":7,"key":"Prayer Wheel"},{"floor":9,"key":"Ring of Panic"},{"floor":9,"key":"halation:TwoAmDonut"},{"floor":14,"key":"ReplayTheSpireMod:Ring of Addiction"},{"floor":14,"key":"Simple Rune"},{"floor":14,"key":"hubris:EmptyBottle"},{"floor":14,"key":"Toy Ornithopter"},{"floor":15,"key":"Replay:Antivirus Software"}],"event_choices":[],"is_beta":false,"boss_relics":[],"items_purged_floors":[],"is_endless":false,"potions_floor_spawned":[1,3,6],"killed_by":"Hallownest:BossBrokenVessel","ascension_level":0}}