{"host":"q1ww9goctev8e12g","time":1614457422,"event":{"mods":["2.2 Compatiblity","Aspiration","BaseMod","BetterRewards","Colored Powertips","Conspire","Downfall","Hubris","Minty Spire (QoL Compilation)","Quick Restart","Reliquary","Replay The Spire","StSLib"],"gold_per_floor":[112,112,179,256,306,338,338,371,371,421,439,506,506,522,522,600,600,618,125,100,150,200,234,234,57,57,107,121,187,206,218,218,218,218],"floor_reached":33,"language":"FRA","playtime":13646,"items_purged":[],"score":584,"play_id":"33b8550d-0636-42ae-81e0-7f53311f0898","local_time":"20210227212342","is_ascension_mode":true,"campfire_choices":[{"floor":7,"key":"REST"},{"floor":13,"key":"REST"},{"floor":15,"key":"REST"},{"floor":24,"key":"REST"},{"floor":32,"key":"REST"}],"circlet_count":0,"master_deck":["AscendersBane","Strike_G","Strike_G","Strike_G+1","Strike_G","Defend_G","Defend_G","Defend_G","Defend_G","Defend_G","Survivor","Neutralize","CurseOfTheBell","Unload","Deadly Poison","Quick Slash","Deflect","Slice","Backstab","Corpse Explosion+1","Poisoned Stab+1","Glass Knife+1","Slice","Languid","Dagger Spray","Slice","Deadly Poison+1","Fluid Movement+1","Slice"],"relics":["Calling Bell","Snack Pack","Lizard Tail","Potion Belt","SsserpentHead","Oddly Smooth Stone","conspire:GlowingRock","reliquary:PurpleTingedLeaf","Replay:Ringing Soul","hubris:Backtick","reliquary:RadioactivePellet","Boot","reliquary:RosewoodLute","ReplayTheSpireMod:Ring of Collecting","Ring of Fury","Tiny Chest","Vajra","Ring of Fangs","Frozen Egg 2","ReplayTheSpireMod:Ring of Exchange"],"acts_visited":["Exordium","TheCity"],"potions_floor_usage":[23,29,31,33],"damage_taken":[{"damage":5,"enemies":"Cultist","floor":1,"turns":5},{"damage":0,"enemies":"Small Slimes","floor":3,"turns":4},{"damage":35,"enemies":"3 Sentries","floor":6,"turns":10},{"damage":32,"enemies":"Lagavulin","floor":8,"turns":7},{"damage":5,"enemies":"Jaw Worm","floor":11,"turns":5},{"damage":12,"enemies":"2 Fungi Beasts","floor":12,"turns":3},{"damage":4,"enemies":"Blue Slaver","floor":14,"turns":3},{"damage":36,"enemies":"The Guardian","floor":16,"turns":17},{"damage":39,"enemies":"Chosen","floor":18,"turns":7},{"damage":41,"enemies":"Slavers","floor":23,"turns":4},{"damage":30,"enemies":"Spheric Guardian","floor":28,"turns":5},{"damage":20,"enemies":"Centurion and Healer","floor":29,"turns":4},{"damage":13,"enemies":"Snecko","floor":30,"turns":4},{"damage":15,"enemies":"Chosen and Byrds","floor":31,"turns":4},{"damage":87,"enemies":"Automaton","floor":33,"turns":6}],"seed_played":"5856237772476784046","potions_obtained":[{"floor":3,"key":"SpeedPotion"},{"floor":10,"key":"Explosive Potion"},{"floor":10,"key":"LiquidBronze"},{"floor":11,"key":"hexamod:SoulburnPotion"},{"floor":28,"key":"Poison Potion"}],"is_trial":false,"path_per_floor":["M","?","M","T","?","E","R","E","T","?","M","M","R","M","R","B",null,"M","$","?","?","?","E","R","$","T","T","M","M","M","M","R","B"],"character_chosen":"THE_SILENT","items_purchased":["Boot","reliquary:RosewoodLute","Glass Knife+1","Slice","Vajra","Slice"],"campfire_rested":5,"item_purchase_floors":[19,19,19,19,25,25],"current_hp_per_floor":[56,56,60,60,60,27,46,20,20,20,21,15,36,38,60,39,68,36,39,39,42,42,9,36,39,39,39,19,7,51,42,72,0,0],"gold":218,"neow_bonus":"BOSS_RELIC","is_daily":false,"chose_seed":false,"campfire_upgraded":0,"win_rate":0.0,"timestamp":1614457422,"path_taken":["M","?","?","?","?","E","R","E","T","?","M","?","R","M","R","BOSS","M","$","?","?","?","E","R","?","T","?","M","?","M","M","R","BOSS"],"items_purchased_type":["Relic","Relic","Card","Card","Relic","Card"],"build_version":"2020-12-22","purchased_purges":0,"victory":false,"max_hp_per_floor":[66,66,66,66,66,66,66,66,66,66,69,72,72,75,75,78,78,81,84,84,87,87,90,90,93,93,93,96,99,99,102,102,102,102],"card_choices":[{"not_picked":["Bane","Well Laid Plans"],"picked":"Unload","floor":1},{"not_picked":["Sucker Punch","Quick Slash"],"picked":"Deadly Poison","floor":3},{"not_picked":["Outmaneuver","Hidden Blade"],"picked":"Quick Slash","floor":6},{"not_picked":["Eviscerate","aspiration:Lunge","Predator"],"picked":"SKIP","floor":8},{"not_picked":["Dagger Throw","Concentrate"],"picked":"Deflect","floor":11},{"not_picked":["hubris:SlightOfHand","ReplayTheSpireMod:Tripwire"],"picked":"Slice","floor":12},{"not_picked":["Deadly Poison","Predator"],"picked":"Backstab","floor":14},{"not_picked":["ReplayTheSpireMod:Necrosis","Tools of the Trade"],"picked":"Corpse Explosion","floor":16},{"not_picked":["Blade Dance","Dodge and Roll"],"picked":"Poisoned Stab+1","floor":18},{"not_picked":["Bane","hubris:TrickCloak"],"picked":"Dagger Spray","floor":23},{"not_picked":["Skewer","Choke"],"picked":"Deadly Poison+1","floor":28},{"not_picked":["Underhanded Strike","Dagger Throw"],"picked":"Fluid Movement+1","floor":29},{"not_picked":["Sneak Up","Unload","Underhanded Strike"],"picked":"SKIP","floor":30},{"not_picked":["Well Laid Plans+1","Flying Knee"],"picked":"Slice","floor":31}],"player_experience":566793,"relics_obtained":[{"floor":0,"key":"Snack Pack"},{"floor":0,"key":"Lizard Tail"},{"floor":0,"key":"Potion Belt"},{"floor":4,"key":"Oddly Smooth Stone"},{"floor":6,"key":"conspire:GlowingRock"},{"floor":8,"key":"reliquary:PurpleTingedLeaf"},{"floor":9,"key":"Replay:Ringing Soul"},{"floor":21,"key":"ReplayTheSpireMod:Ring of Collecting"},{"floor":21,"key":"Ring of Fury"},{"floor":23,"key":"Tiny Chest"},{"floor":26,"key":"Ring of Fangs"},{"floor":26,"key":"Frozen Egg 2"},{"floor":27,"key":"ReplayTheSpireMod:Ring of Exchange"}],"event_choices":[{"damage_healed":0,"gold_gain":0,"player_choice":"Trade","damage_taken":0,"relics_obtained":["SsserpentHead"],"max_hp_gain":0,"max_hp_loss":0,"event_name":"FaceTrader","floor":2,"gold_loss":0},{"damage_healed":0,"gold_gain":0,"player_choice":"Got Potions","damage_taken":0,"max_hp_gain":0,"max_hp_loss":0,"event_name":"Lab","floor":10,"gold_loss":0},{"cards_removed":["Strike_G"],"damage_healed":0,"gold_gain":0,"player_choice":"Gave Gold","damage_taken":0,"max_hp_gain":0,"max_hp_loss":0,"event_name":"Beggar","floor":20,"gold_loss":75}],"is_beta":false,"boss_relics":[{"not_picked":["HoveringKite","reliquary:KinkedSpring"],"picked":"hubris:Backtick"}],"items_purged_floors":[],"is_endless":false,"potions_floor_spawned":[3,11,12,18,28],"killed_by":"Automaton","ascension_level":17}}