{"host":"y9t3brv5y5t41vuj","time":1614432331,"event":{"mods":["AchievementEnabler","BaseMod","BetterRewards","Block Reminder","Colored Map","Colored Powertips","Conspire","Highlight Path","Hubris","Infinite Spire","Minty Spire (QoL Compilation)","Quick Restart","Replay The Spire","Shop Mod","StSLib","SuperFastMode","Unceasing Turn Reminder"],"gold_per_floor":[362,373,373,49,69,69,95,110,110,129,11,11,28,43,43,43,43],"floor_reached":16,"language":"ENG","playtime":381,"items_purged":["Strike_G","Strike_G"],"score":140,"play_id":"f5abf30d-9728-40af-8a4e-669b7c7d5378","local_time":"20210227142531","is_ascension_mode":true,"campfire_choices":[{"data":"Caltrops","floor":6,"key":"SMITH"},{"floor":12,"key":"REST"},{"floor":15,"key":"REST"}],"circlet_count":0,"master_deck":["Strike_G","Strike_G","Strike_G","Defend_G","Defend_G","Defend_G","Defend_G","Defend_G","Survivor","Neutralize","Deflect","Bane","Deadly Poison","Caltrops+1","Bane","Deflect"],"relics":["Ring of the Snake","MerchantsRug","Boot"],"acts_visited":["Exordium"],"potions_floor_usage":[11],"damage_taken":[{"damage":21,"enemies":"infinitespire:Voidling","floor":1,"turns":7},{"damage":0,"enemies":"conspire:RoseBush","floor":2,"turns":6},{"damage":0,"enemies":"Jaw Worm","floor":5,"turns":3},{"damage":39,"enemies":"Lagavulin","floor":7,"turns":7},{"damage":0,"enemies":"2 Fungi Beasts","floor":8,"turns":4},{"damage":2,"enemies":"Red Slaver","floor":10,"turns":3},{"damage":15,"enemies":"Lots of Slimes","floor":13,"turns":5},{"damage":0,"enemies":"Blue Slaver","floor":14,"turns":4},{"damage":56,"enemies":"Fading Forest","floor":16,"turns":11}],"seed_played":"-5511498425380764071","potions_obtained":[{"floor":7,"key":"Dexterity Potion"},{"floor":10,"key":"DistilledChaos"}],"is_trial":false,"path_per_floor":["M","M","?","$","M","R","E","M","T","M","$","R","M","M","R","B"],"character_chosen":"THE_SILENT","items_purchased":["Deadly Poison","Caltrops","MerchantsRug","Fruit Juice"],"campfire_rested":2,"item_purchase_floors":[4,4,4,11],"current_hp_per_floor":[56,56,56,56,56,56,17,17,17,15,20,40,25,25,45,0,0],"gold":43,"neow_bonus":"TWO_FIFTY_GOLD","is_daily":false,"chose_seed":false,"campfire_upgraded":1,"win_rate":0.0,"timestamp":1614432331,"path_taken":["M","?","?","?","?","R","E","M","T","M","$","R","M","M","R","BOSS"],"items_purchased_type":["Card","Card","Relic","Potion"],"build_version":"2020-12-22","purchased_purges":2,"victory":false,"max_hp_per_floor":[63,63,63,63,63,63,63,63,63,63,68,68,68,68,68,68,68],"card_choices":[{"not_picked":["Bane","Sneak Up"],"picked":"Deflect","floor":1},{"not_picked":["Blade Dance","ReplayTheSpireMod:The Works"],"picked":"Bane","floor":2},{"not_picked":["Blur","Acrobatics","Quick Slash"],"picked":"SKIP","floor":5},{"not_picked":["Finisher","Cloak And Dagger","Accuracy"],"picked":"SKIP","floor":7},{"not_picked":["Fluid Movement","Underhanded Strike"],"picked":"Bane","floor":8},{"not_picked":["Quick Slash","Tactician"],"picked":"Deflect","floor":10},{"not_picked":["Toxin Wave","Dagger Spray","hubris:Sniper"],"picked":"SKIP","floor":13},{"not_picked":["Grand Finale","Blade Dance","Outmaneuver"],"picked":"SKIP","floor":14}],"player_experience":567272,"relics_obtained":[{"floor":7,"key":"Boot"},{"floor":9,"key":"hubris:AncientText"}],"event_choices":[{"damage_healed":0,"gold_gain":0,"player_choice":"Leave","damage_taken":0,"max_hp_gain":0,"max_hp_loss":0,"event_name":"conspire:Investor","floor":3,"gold_loss":0}],"is_beta":false,"boss_relics":[],"items_purged_floors":[4,11],"is_endless":false,"potions_floor_spawned":[7,10],"killed_by":"Fading Forest","ascension_level":7}}