{"host":"kk2i87xhq8q4h0un","time":1614394038,"event":{"mods":["AchievementEnabler","BaseMod","Downfall","Minty Spire (QoL Compilation)","Shop Mod","StSLib"],"gold_per_floor":[99,116,129,129,229,65,143,159,21,21,45,80,94,94,113,211,211,211,223,223,223,223,58,84,96,96,96,105,122,149,173,187,292,292,201,224,224,224,248,223,223,250,268,81,81,90,99,114,124,124],"floor_reached":51,"language":"ENG","playtime":7927,"items_purged":["sneckomod:Strike","Writhe","downfall:Bewildered"],"score":665,"play_id":"22719326-732b-414f-8332-19727e21bc91","local_time":"20210226184718","is_ascension_mode":false,"campfire_choices":[{"data":"sneckomod:TailWhip","floor":10.0,"key":"SMITH"},{"data":"sneckomod:WideSting","floor":18.0,"key":"SMITH"},{"floor":27.0,"key":"RECALL"},{"data":"sneckomod:RainOfDice","floor":35.0,"key":"SMITH"},{"floor":47.0,"key":"REST"}],"circlet_count":0,"master_deck":["sneckomod:Strike","sneckomod:Strike","sneckomod:Defend","sneckomod:Defend","sneckomod:Defend","sneckomod:TailWhip+1","sneckomod:SnekBite","sneckomod:Unknown","Vault","sneckomod:UnknownCommonAttack","sneckomod:UnknownVulnerable","sneckomod:WideSting+1","sneckomod:UnknownUncommonPower","sneckomod:Unknown0Cost","sneckomod:UnknownVulnerable","sneckomod:RainOfDice+1","sneckomod:QuickBite","sneckomod:UnknownDraw+1","sneckomod:Unknown0Cost+1","sneckomod:UnknownRareSkill+1","sneckomod:DiceCrush","champ:EnchantSword+1","sneckomod:DiceBoulder","sneckomod:SnekBeam+1","sneckomod:UnknownCommonSkill+1","sneckomod:ImprovisedGuard+1","sneckomod:UnknownClassTHE_CHAMP_GRAY+1","sneckomod:TrashToTreasure+1","sneckomod:QuickMove+1","expansioncontent:StudyTheSpire","expansioncontent:LastStand","DevaForm"],"relics":["sneckomod:SuperSneckoSoul","downfall:BrokenWingStatue","White Beast Statue","Odd Mushroom","Toxic Egg 2","Busted Crown","Ice Cream","CeramicFish","sneckomod:BabySnecko","Singing Bowl","Orichalcum","downfall:HeartBlessingRed","Bronze Scales","Kunai","Red Mask","downfall:RedIOUUpgrade"],"acts_visited":["Exordium","TheCity","TheBeyond"],"potions_floor_usage":[50,50],"damage_taken":[{"damage":2.0,"enemies":"2 Louse","floor":2.0,"turns":4.0},{"damage":0.0,"enemies":"Jaw Worm","floor":3.0,"turns":3.0},{"damage":10.0,"enemies":"downfall:FleeingMerchant","floor":6.0,"turns":4.0},{"damage":2.0,"enemies":"Small Slimes","floor":8.0,"turns":3.0},{"damage":10.0,"enemies":"downfall:FleeingMerchant","floor":9.0,"turns":5.0},{"damage":7.0,"enemies":"The Mushroom Lair","floor":11.0,"turns":2.0},{"damage":21.0,"enemies":"3 Sentries","floor":12.0,"turns":6.0},{"damage":0.0,"enemies":"3 Louse","floor":13.0,"turns":2.0},{"damage":2.0,"enemies":"Large Slime","floor":15.0,"turns":5.0},{"damage":32.0,"enemies":"DF_ARCHETYPE_STREAMLINE","floor":16.0,"turns":7.0},{"damage":8.0,"enemies":"Shell Parasite","floor":19.0,"turns":5.0},{"damage":32.0,"enemies":"downfall:FleeingMerchant","floor":23.0,"turns":5.0},{"damage":5.0,"enemies":"3 Byrds","floor":25.0,"turns":4.0},{"damage":27.0,"enemies":"Centurion and Healer","floor":29.0,"turns":4.0},{"damage":23.0,"enemies":"Gremlin Leader","floor":30.0,"turns":6.0},{"damage":9.0,"enemies":"Snecko","floor":32.0,"turns":3.0},{"damage":42.0,"enemies":"SI_MIRROR_ARCHETYPE","floor":33.0,"turns":9.0},{"damage":1.0,"enemies":"3 Shapes","floor":36.0,"turns":4.0},{"damage":20.0,"enemies":"3 Darklings","floor":39.0,"turns":5.0},{"damage":0.0,"enemies":"downfall:FleeingMerchant","floor":40.0,"turns":1.0},{"damage":36.0,"enemies":"Maw","floor":42.0,"turns":7.0},{"damage":20.0,"enemies":"Transient","floor":43.0,"turns":6.0},{"damage":4.0,"enemies":"Jaw Worm Horde","floor":48.0,"turns":5.0},{"damage":10.0,"enemies":"4 Shapes","floor":49.0,"turns":10.0},{"damage":5,"enemies":"WA_ARCHETYPE_DIVINITY","floor":50,"turns":10}],"seed_played":"3029240307402419552","potions_obtained":[{"floor":2.0,"key":"LiquidMemories"},{"floor":8.0,"key":"GamblersBrew"},{"floor":9.0,"key":"CultistPotion"},{"floor":11.0,"key":"Explosive Potion"},{"floor":12.0,"key":"hexamod:SoulburnPotion"},{"floor":13.0,"key":"sneckomod:DiceRollPotion"},{"floor":16.0,"key":"FairyPotion"},{"floor":23.0,"key":"Regen Potion"},{"floor":30.0,"key":"bronze:BurnAndBuffPotion"},{"floor":42.0,"key":"PowerPotion"},{"floor":43.0,"key":"LiquidBronze"},{"floor":48.0,"key":"Fruit Juice"},{"floor":48.0,"key":"Block Potion"}],"is_trial":false,"path_per_floor":["R","M","M","?","?","$","T","M","$","R","?","E","M","?","M","B",null,"R","M","?","?","?","$","T","M","?","R","?","M","E","T","M","B",null,"R","M","?","?","M","$","T","M","M","$","?","?","R","M","M","B",null],"character_chosen":"THE_SNECKO","items_purchased":["sneckomod:UnknownUncommonPower","sneckomod:UnknownVulnerable","sneckomod:RainOfDice","sneckomod:DiceCrush","sneckomod:ImprovisedGuard+1","sneckomod:UnknownClassTHE_CHAMP_GRAY+1","Bronze Scales","sneckomod:QuickMove+1","expansioncontent:StudyTheSpire"],"campfire_rested":1,"item_purchase_floors":[6,9,9,23,40,40,40,44,44],"current_hp_per_floor":[99,97,97,97,97,87,87,85,75,75,68,57,57,39,37,5,99,99,91,91,91,91,84,84,84,84,84,84,57,51,51,44,4,105,105,104,104,104,84,84,84,48,30,30,30,30,62,65,57,52],"gold":124,"neow_bonus":"TEN_PERCENT_HP_BONUS","is_daily":false,"chose_seed":false,"campfire_upgraded":3,"win_rate":0.0,"timestamp":1614394038,"path_taken":["R","M","M","?","?","$","T","M","$","R","?","E","M","?","M","BOSS","R","M","?","?","?","$","T","M","?","R","?","M","E","?","M","BOSS","R","M","?","?","M","$","T","M","M","$","?","?","R","M","M","BOSS"],"items_purchased_type":["Card","Card","Card","Card","Card","Card","Relic","Card","Card"],"build_version":"2020-12-22","purchased_purges":3,"victory":true,"max_hp_per_floor":[99,99,99,99,99,99,99,99,99,99,99,99,99,99,99,99,99,99,99,99,99,99,99,99,99,99,99,99,99,101,101,103,105,105,105,105,105,105,105,105,105,105,107,107,107,107,107,114,116,116],"card_choices":[{"not_picked":["sneckomod:SoulRoll","sneckomod:UnknownBlock"],"picked":"sneckomod:UnknownCommonAttack","floor":2.0},{"not_picked":["sneckomod:WideSting","sneckomod:Unknown1Cost"],"picked":"sneckomod:UnknownVulnerable","floor":3.0},{"not_picked":["sneckomod:UnlimitedRolls","sneckomod:UnknownStrike"],"picked":"sneckomod:WideSting","floor":6.0},{"not_picked":["sneckomod:UnknownStrike","sneckomod:RainOfDice"],"picked":"sneckomod:Unknown0Cost","floor":8.0},{"not_picked":["sneckomod:SoulDraw","sneckomod:SoulCleanse"],"picked":"sneckomod:SnakeSap","floor":9.0},{"not_picked":["sneckomod:Unknown0Cost","sneckomod:DefensiveFlair"],"picked":"sneckomod:QuickBite","floor":11.0},{"not_picked":["sneckomod:RainOfDice","sneckomod:DefensiveFlair+1"],"picked":"sneckomod:UnknownDraw+1","floor":12.0},{"not_picked":["sneckomod:Unknown1Cost+1","sneckomod:WideSting"],"picked":"sneckomod:Unknown0Cost+1","floor":13.0},{"not_picked":["sneckomod:SoulCleanse+1","sneckomod:DiceBoulder"],"picked":"sneckomod:UnknownRarePower","floor":15.0},{"not_picked":["sneckomod:DangerNoodle","sneckomod:UnknownRareAttack"],"picked":"sneckomod:UnknownRareSkill+1","floor":16.0},{"not_picked":[],"picked":"sneckomod:UnknownExhaust+1","floor":19.0},{"not_picked":["sneckomod:SoulRoll+1"],"picked":"SKIP","floor":23.0},{"not_picked":["sneckomod:UnknownX+1"],"picked":"SKIP","floor":25.0},{"not_picked":["sneckomod:RainOfDice+1"],"picked":"SKIP","floor":29.0},{"not_picked":["sneckomod:UnknownClassHEXA_GHOST_PURPLE+1"],"picked":"Singing Bowl","floor":30.0},{"not_picked":["sneckomod:Unknown1Cost+1"],"picked":"Singing Bowl","floor":32.0},{"not_picked":["sneckomod:Mudshield"],"picked":"Singing Bowl","floor":33.0},{"not_picked":[],"picked":"sneckomod:DiceBoulder","floor":36.0},{"not_picked":[],"picked":"sneckomod:SnekBeam+1","floor":39.0},{"not_picked":[],"picked":"sneckomod:UnknownCommonSkill+1","floor":40.0},{"not_picked":[],"picked":"sneckomod:TrashToTreasure+1","floor":42.0},{"not_picked":["sneckomod:IronFang"],"picked":"Singing Bowl","floor":43.0},{"not_picked":["expansioncontent:InvincibleStrength","expansioncontent:YouAreMine"],"picked":"expansioncontent:LastStand","floor":46.0},{"not_picked":["sneckomod:UnknownCommonAttack+1"],"picked":"Singing Bowl","floor":48.0},{"not_picked":["sneckomod:UnknownVulnerable+1"],"picked":"Singing Bowl","floor":49.0}],"player_experience":1075780,"relics_obtained":[{"floor":7.0,"key":"White Beast Statue"},{"floor":11.0,"key":"Odd Mushroom"},{"floor":12.0,"key":"Toxic Egg 2"},{"floor":24.0,"key":"CeramicFish"},{"floor":30.0,"key":"Singing Bowl"},{"floor":31.0,"key":"Orichalcum"},{"floor":41.0,"key":"Kunai"}],"event_choices":[{"damage_healed":0.0,"max_hp_gain":0.0,"max_hp_loss":0.0,"gold_gain":0.0,"event_name":"Mushrooms","player_choice":"Fought Mushrooms","floor":11.0,"gold_loss":0.0,"damage_taken":0.0},{"damage_healed":0.0,"max_hp_gain":0.0,"max_hp_loss":0.0,"gold_gain":0.0,"event_name":"Scrap Ooze","player_choice":"Success","floor":14.0,"gold_loss":0.0,"damage_taken":18.0,"relics_obtained":["Juzu Bracelet"]},{"damage_healed":0.0,"max_hp_gain":0.0,"max_hp_loss":0.0,"gold_gain":0.0,"event_name":"Ghosts","player_choice":"Ignored","floor":22.0,"gold_loss":0.0,"damage_taken":0.0},{"damage_healed":0.0,"max_hp_gain":0.0,"max_hp_loss":0.0,"gold_gain":0.0,"event_name":"Vampires","player_choice":"Ignored","floor":26.0,"gold_loss":0.0,"damage_taken":0.0},{"damage_healed":0.0,"max_hp_gain":0.0,"max_hp_loss":0.0,"gold_gain":0.0,"event_name":"Mysterious Sphere","player_choice":"Ignored","floor":38.0,"gold_loss":0.0,"damage_taken":0.0}],"is_beta":false,"boss_relics":[{"not_picked":["Cursed Key","Calling Bell"],"picked":"Busted Crown"},{"not_picked":["Snecko Eye","Runic Pyramid"],"picked":"sneckomod:SuperSneckoSoul"}],"items_purged_floors":[6,23,40],"is_endless":false,"potions_floor_spawned":[2,8,9,11,12,13,15,16,19,23,25,29,30,32,33,36,39,40,42,43,48,49],"ascension_level":0}}