{"host":"89ki4406vw77ltpv","time":1614402524,"event":{"mods":["BaseMod","Colored Map","Downfall","Minty Spire (QoL Compilation)","Spire Arcade","StSLib"],"gold_per_floor":[99,114,132,145,145,180,258,258,34,47,82,82,33,61,83,188,188,188,201,201,56,73,23,23,58,58,91,91,79,79,79,79],"floor_reached":30,"language":"ENG","playtime":2824,"items_purged":["hexamod:Strike"],"score":315,"play_id":"86c0c9f2-1154-4939-9bc1-e112e12d9e60","local_time":"20210227000844","is_ascension_mode":true,"campfire_choices":[{"data":"hexamod:HexaLevel","floor":1,"key":"SMITH"},{"floor":8,"key":"RECALL"},{"data":"hexamod:Float","floor":18,"key":"SMITH"},{"floor":26,"key":"REST"}],"circlet_count":0,"master_deck":["hexamod:Sear","hexamod:Float+1","hexamod:HexaLevel+1","hexamod:FlamesFromBeyond+1","hexamod:FlamesFromBeyond+1","hexamod:InspiringFlames","hexamod:EtherealExpedition","hexamod:GhostOfSpirePast","hexamod:ForkedFlame+1","hexamod:ThirdSeal","hexamod:NightmareStrike+1","hexamod:HauntingEcho+1","hexamod:BurningTouch","hexamod:PowerFromBeyond","hexamod:FirstSeal","hexamod:SecondSeal","hexamod:HauntingEcho+1","hexamod:SkipABeat","hexamod:Again","hexamod:TimeOfNeed","hexamod:FifthSeal","hexamod:FourthSeal","Necronomicurse","hexamod:CatchUp+1","hexamod:SearingWound","hexamod:HeatCrush+1","hexamod:SpectersWail+1","hexamod:PhantomCloak","hexamod:BacktrackSmack+1","hexamod:ThirdSeal","hexamod:PhantomFireball+1","hexamod:SixthSeal","Ghostly","Ghostly","Ghostly","hexamod:CouncilsJustice+1","hexamod:CouncilsJustice+1","hexamod:CouncilsJustice+1","hexamod:Hexaguard+1","hexamod:FastForward+1","hexamod:ThermalTransfer+1","hexamod:SwordOfDarkness+1"],"relics":["hexamod:UnbrokenSoul","Smiling Mask","Molten Egg 2","Happy Flower","Necronomicon","Toy Ornithopter","MealTicket","Question Card"],"acts_visited":["Exordium","TheCity"],"potions_floor_usage":[11,22,22,25,27,27],"damage_taken":[{"damage":0,"enemies":"Cultist","floor":2,"turns":3},{"damage":7,"enemies":"2 Louse","floor":3,"turns":3},{"damage":1,"enemies":"Jaw Worm","floor":4,"turns":3},{"damage":12,"enemies":"3 Sentries","floor":6,"turns":5},{"damage":0,"enemies":"downfall:FleeingMerchant","floor":9,"turns":4},{"damage":19,"enemies":"Exordium Wildlife","floor":10,"turns":6},{"damage":8,"enemies":"Gremlin Nob","floor":11,"turns":3},{"damage":5,"enemies":"downfall:FleeingMerchant","floor":13,"turns":4},{"damage":0,"enemies":"3 Louse","floor":14,"turns":4},{"damage":7,"enemies":"2 Fungi Beasts","floor":15,"turns":3},{"damage":3,"enemies":"SI_SHIV_ARCHETYPE","floor":16,"turns":5},{"damage":10,"enemies":"Chosen","floor":19,"turns":3},{"damage":20,"enemies":"downfall:FleeingMerchant","floor":21,"turns":4},{"damage":18,"enemies":"downfall:LooterAlt2","floor":22,"turns":3},{"damage":20,"enemies":"Book of Stabbing","floor":25,"turns":3},{"damage":31,"enemies":"Gremlin Leader","floor":27,"turns":5},{"damage":5,"enemies":"downfall:FleeingMerchant","floor":29,"turns":3},{"damage":46,"enemies":"Book of Stabbing","floor":30,"turns":3}],"seed_played":"5877005377882272864","potions_obtained":[{"floor":3,"key":"Block Potion"},{"floor":4,"key":"champ:CounterPotion"},{"floor":10,"key":"DistilledChaos"},{"floor":14,"key":"FearPotion"},{"floor":15,"key":"SkillPotion"},{"floor":22,"key":"Swift Potion"},{"floor":25,"key":"DistilledChaos"}],"is_trial":false,"path_per_floor":["R","M","M","M","?","E","T","R","$","M","E","?","$","M","M","B",null,"R","M","?","$","M","?","T","E","R","E","?","$","E"],"character_chosen":"THE_SPIRIT","items_purchased":["hexamod:ForkedFlame+1","hexamod:ThirdSeal","hexamod:SecondSeal","hexamod:HeatCrush+1","hexamod:ThermalTransfer+1","Question Card","hexamod:SwordOfDarkness+1"],"campfire_rested":1,"item_purchase_floors":[9,9,13,21,29,29,29],"current_hp_per_floor":[70,70,63,62,62,50,50,50,50,31,23,23,18,25,25,29,70,70,67,51,38,20,48,48,28,49,35,35,35,0,0,0],"gold":79,"neow_bonus":"ONE_RANDOM_RARE_CARD","is_daily":false,"chose_seed":false,"campfire_upgraded":2,"win_rate":0.0,"timestamp":1614402524,"path_taken":["R","M","?","M","?","E","T","R","$","M","E","?","?","M","M","BOSS","R","M","?","$","M","?","T","E","R","E","?","$","E"],"items_purchased_type":["Card","Card","Card","Card","Card","Relic","Card"],"build_version":"2020-12-22","purchased_purges":1,"victory":false,"max_hp_per_floor":[70,70,70,70,70,70,70,70,70,70,70,70,70,70,70,70,70,70,70,70,70,70,70,70,70,70,70,35,35,35,35,35],"card_choices":[{"not_picked":["hexamod:ShieldOfDarkness","hexamod:GhostLash"],"picked":"hexamod:FlamesFromBeyond","floor":2},{"not_picked":["hexamod:NightmareStrike","hexamod:FourthSeal"],"picked":"hexamod:FlamesFromBeyond","floor":3},{"not_picked":["hexamod:HeatMetal","hexamod:NightmareStrike"],"picked":"hexamod:InspiringFlames","floor":4},{"not_picked":["hexamod:SwordOfDarkness","hexamod:WildfireWeapon"],"picked":"hexamod:EtherealExpedition","floor":6},{"not_picked":["hexamod:NightmareGuise","hexamod:FlamesFromBeyond"],"picked":"hexamod:GhostOfSpirePast","floor":9},{"not_picked":["hexamod:Hexaguard","hexamod:InspiringFlames"],"picked":"hexamod:NightmareStrike+1","floor":10},{"not_picked":["hexamod:NightmareStrike+1","hexamod:InspiringFlames"],"picked":"hexamod:HauntingEcho+1","floor":10},{"not_picked":["hexamod:NightmareStrike+1","hexamod:Hexaguard"],"picked":"hexamod:BurningTouch","floor":11},{"not_picked":["hexamod:GhostShield","hexamod:StepThrough+1"],"picked":"hexamod:PowerFromBeyond","floor":13},{"not_picked":["hexamod:FlamesFromBeyond","hexamod:Hexaguard"],"picked":"hexamod:FirstSeal","floor":13},{"not_picked":["hexamod:RainOfEmbers+1","hexamod:NightmareStrike+1"],"picked":"hexamod:HauntingEcho+1","floor":14},{"not_picked":["hexamod:FastForward","hexamod:GhostLash+1"],"picked":"hexamod:SkipABeat","floor":14},{"not_picked":["hexamod:RainOfEmbers+1","hexamod:RecurringNightmare"],"picked":"hexamod:Again","floor":15},{"not_picked":["hexamod:GhostOfSpirePresent","hexamod:ForkedFlame+1"],"picked":"hexamod:TimeOfNeed","floor":16},{"not_picked":["hexamod:GhostOfSpirePresent","hexamod:UnleashSpirits+1"],"picked":"hexamod:FifthSeal","floor":16},{"not_picked":["hexamod:NightmareGuise","hexamod:FlamesFromBeyond"],"picked":"hexamod:FourthSeal","floor":19},{"not_picked":["hexamod:SpectralAdrenaline","hexamod:NightmareGuise"],"picked":"hexamod:CatchUp+1","floor":21},{"not_picked":["hexamod:FlamesFromBeyond","hexamod:BurningTouch"],"picked":"hexamod:SearingWound","floor":21},{"not_picked":["hexamod:PowerFromBeyond","hexamod:EtherealExpedition"],"picked":"hexamod:SpectersWail+1","floor":22},{"not_picked":["hexamod:Hexaguard","hexamod:NightmareStrike+1"],"picked":"hexamod:PhantomCloak","floor":22},{"not_picked":["hexamod:FlamesFromBeyond+1","hexamod:GhostShield"],"picked":"hexamod:BacktrackSmack+1","floor":25},{"not_picked":["hexamod:SecondSeal","hexamod:FourthSeal"],"picked":"hexamod:ThirdSeal","floor":27},{"not_picked":["hexamod:DynamicBlow+1","hexamod:HeatMetal+1"],"picked":"hexamod:PhantomFireball+1","floor":27},{"not_picked":["hexamod:SkipABeat","hexamod:EmpoweredFlame"],"picked":"hexamod:SixthSeal","floor":27},{"not_picked":["hexamod:Incineration+1","hexamod:SwordOfDarkness+1"],"picked":"hexamod:Hexaguard+1","floor":29},{"not_picked":["hexamod:SwordOfDarkness+1","hexamod:ChargedBarrage"],"picked":"hexamod:FastForward+1","floor":29}],"player_experience":824505,"relics_obtained":[{"floor":6,"key":"Smiling Mask"},{"floor":7,"key":"Molten Egg 2"},{"floor":11,"key":"Happy Flower"},{"floor":20,"key":"Necronomicon"},{"floor":25,"key":"Toy Ornithopter"},{"floor":27,"key":"MealTicket"}],"event_choices":[{"cards_removed":["downfall:Malfunctioning"],"damage_healed":0,"gold_gain":0,"player_choice":"Forget","damage_taken":0,"max_hp_gain":0,"max_hp_loss":0,"event_name":"Living Wall","floor":12,"gold_loss":0}],"is_beta":false,"boss_relics":[{"not_picked":["Coffee Dripper","Runic Dome"],"picked":"hexamod:UnbrokenSoul"}],"items_purged_floors":[21],"is_endless":false,"potions_floor_spawned":[3,4,10,14,15,22,25],"killed_by":"Book of Stabbing","ascension_level":1}}