{"host":"mithrandi","time":1614437874,"event":{"mods":["BaseMod","Colored Map","Highlight Path","Minty Spire (QoL Compilation)","SuperFastMode"],"gold_per_floor":[12,26,39,65,83,83,108,125,150,75,105,30,61,76,76,150,150,150,13,13,13,13,13,13,13,13,13,13,13,13,13,13,13,13],"floor_reached":33,"language":"ENG","playtime":1835,"items_purged":["Strike_B","Strike_B"],"score":716,"play_id":"49382cbe-dda6-46e4-8627-2ab0a2d49204","local_time":"20210227165754","is_ascension_mode":true,"campfire_choices":[{"data":"Biased Cognition","floor":6.0,"key":"SMITH"},{"data":"Hologram","floor":15.0,"key":"SMITH"},{"data":"Coolheaded","floor":23.0,"key":"SMITH"},{"data":"Chill","floor":27.0,"key":"SMITH"},{"data":"Go for the Eyes","floor":30.0,"key":"SMITH"},{"data":"Genetic Algorithm","floor":32.0,"key":"SMITH"}],"circlet_count":0,"master_deck":["AscendersBane","Strike_B","Defend_B","Defend_B","Defend_B","Defend_B","Zap","Dualcast","Biased Cognition+1","Redo","Chill+1","Ball Lightning","Hologram+1","Leap","Rip and Tear","FTL","Coolheaded+1","Electrodynamics","Go for the Eyes+1","Genetic Algorithm+1","Redo+1","Biased Cognition+1","Ball Lightning","Glacier","Go for the Eyes+1"],"relics":["Cracked Core","MealTicket","Akabeko","Pen Nib","Pocketwatch","Dream Catcher","Ectoplasm","Torii","StrikeDummy"],"acts_visited":["Exordium","TheCity"],"potions_floor_usage":[33],"damage_taken":[{"damage":1.0,"enemies":"Cultist","floor":1.0,"turns":3.0},{"damage":3.0,"enemies":"2 Louse","floor":2.0,"turns":3.0},{"damage":0.0,"enemies":"Small Slimes","floor":3.0,"turns":3.0},{"damage":2.0,"enemies":"Exordium Thugs","floor":5.0,"turns":4.0},{"damage":10.0,"enemies":"Lagavulin","floor":7.0,"turns":5.0},{"damage":0.0,"enemies":"Large Slime","floor":8.0,"turns":3.0},{"damage":8.0,"enemies":"Gremlin Nob","floor":11.0,"turns":3.0},{"damage":14.0,"enemies":"Lagavulin","floor":13.0,"turns":4.0},{"damage":0.0,"enemies":"Looter","floor":14.0,"turns":2.0},{"damage":0.0,"enemies":"Slime Boss","floor":16.0,"turns":4.0},{"damage":1.0,"enemies":"Chosen","floor":18.0,"turns":4.0},{"damage":0.0,"enemies":"Spheric Guardian","floor":20.0,"turns":4.0},{"damage":0.0,"enemies":"Slavers","floor":24.0,"turns":3.0},{"damage":0.0,"enemies":"Snake Plant","floor":31.0,"turns":3.0},{"damage":87,"enemies":"Champ","floor":33,"turns":24}],"seed_played":"-5729275559336053918","potions_obtained":[{"floor":2.0,"key":"GamblersBrew"},{"floor":5.0,"key":"Energy Potion"},{"floor":14.0,"key":"Ancient Potion"},{"floor":16.0,"key":"Weak Potion"},{"floor":24.0,"key":"LiquidMemories"}],"is_trial":false,"path_per_floor":["M","M","M","T","M","R","E","M","T","$","E","?","E","M","R","B",null,"M","$","M","?","$","R","E","?","T","R","?","$","R","M","R","B"],"character_chosen":"DEFECT","items_purchased":["Genetic Algorithm"],"campfire_rested":0,"item_purchase_floors":[19],"current_hp_per_floor":[63,60,60,60,58,58,48,48,48,63,55,55,41,41,41,41,64,63,71,71,71,71,71,71,71,71,71,71,71,71,71,71,0,0],"gold":13,"neow_bonus":"THREE_RARE_CARDS","is_daily":false,"chose_seed":false,"campfire_upgraded":6,"win_rate":0.0,"timestamp":1614437874,"path_taken":["M","M","M","?","M","R","E","M","T","$","E","?","E","M","R","BOSS","M","$","M","?","?","R","E","?","T","R","?","?","R","M","R","BOSS"],"items_purchased_type":["Card"],"build_version":"2020-12-18","purchased_purges":2,"victory":false,"max_hp_per_floor":[71,71,71,71,71,71,71,71,71,71,71,71,71,71,71,71,71,71,71,71,71,71,71,71,71,71,71,71,71,71,71,71,71,71],"card_choices":[{"not_picked":["Seek","Reboot"],"picked":"Biased Cognition","floor":0.0},{"not_picked":["Stack","Go for the Eyes"],"picked":"Redo","floor":1.0},{"not_picked":["Steam","Darkness"],"picked":"Chill","floor":2.0},{"not_picked":["Barrage","Beam Cell"],"picked":"Ball Lightning","floor":3.0},{"not_picked":["Beam Cell","Hello World"],"picked":"Hologram","floor":5.0},{"not_picked":["Gash","Skim"],"picked":"Leap","floor":7.0},{"not_picked":["Steam","Consume"],"picked":"Rip and Tear","floor":8.0},{"not_picked":["Stack","Cold Snap"],"picked":"FTL","floor":11.0},{"not_picked":["White Noise","Leap"],"picked":"Coolheaded","floor":13.0},{"not_picked":["Streamline","Steam Power","Rebound"],"picked":"SKIP","floor":14.0},{"not_picked":["Hyperbeam","Meteor Strike"],"picked":"Electrodynamics","floor":16.0},{"not_picked":["Beam Cell","Rebound"],"picked":"Go for the Eyes","floor":18.0},{"not_picked":["Beam Cell","Tempest"],"picked":"Redo+1","floor":20.0},{"not_picked":["Aggregate","Multi-Cast"],"picked":"Ball Lightning","floor":24.0},{"not_picked":["Chaos","Genetic Algorithm"],"picked":"Go for the Eyes+1","floor":31.0}],"player_experience":3178581,"relics_obtained":[{"floor":4.0,"key":"MealTicket"},{"floor":7.0,"key":"Akabeko"},{"floor":9.0,"key":"Pen Nib"},{"floor":11.0,"key":"Pocketwatch"},{"floor":13.0,"key":"Dream Catcher"},{"floor":24.0,"key":"Torii"},{"floor":26.0,"key":"StrikeDummy"}],"event_choices":[{"cards_removed":["Strike_B"],"damage_healed":0.0,"max_hp_gain":0.0,"max_hp_loss":0.0,"gold_gain":0.0,"event_name":"The Cleric","player_choice":"Card Removal","floor":12.0,"gold_loss":75.0,"damage_taken":0.0},{"damage_healed":0.0,"max_hp_gain":0.0,"max_hp_loss":0.0,"gold_gain":0.0,"event_name":"Duplicator","player_choice":"Copied","floor":21.0,"gold_loss":0.0,"damage_taken":0.0,"cards_obtained":["Biased Cognition"]},{"damage_healed":0.0,"max_hp_gain":0.0,"max_hp_loss":0.0,"gold_gain":0.0,"event_name":"The Library","player_choice":"Read","floor":25.0,"gold_loss":0.0,"damage_taken":0.0,"cards_obtained":["Glacier"]}],"is_beta":true,"boss_relics":[{"not_picked":["SacredBark","Snecko Eye"],"picked":"Ectoplasm"}],"items_purged_floors":[10,19],"is_endless":false,"potions_floor_spawned":[2,5,14,16,20,24],"killed_by":"Champ","ascension_level":20}}