{"host":"1klw5xj5el8ngeqo","time":1614416884,"event":{"mods":["Act Like it!","BaseMod","Colored Powertips","Downfall","Gensokyo","Marisa£®ÏF”Í°°ƒß¿Ì…≥£©","Minty Spire (QoL Compilation)","Reimu£®≤©¿ˆ¡È√Œ£©","Remilia£®¿Ÿ√◊¿Ú—«£©","Replay The Spire","Shop Mod","StSLib","The Servant 0.9.4","WarShipGirlsR/’ΩΩ¢…Ÿ≈ÆR mod","Youmu£®ªÍ∆«—˝√Œ£©"],"gold_per_floor":[119,119,49,59,59,59,59,59,59,59,59,78,78,9,9,307,307,320,320,320,198,198,198,223,223,248,248,1,1,18,18,18,118,118,133,133,104,4,94,94,94,94,94,120,120,120,144,54,113,208,258,258],"floor_reached":51,"language":"ZHS","playtime":4181,"items_purged":["Voices","Injury"],"score":985,"play_id":"5839c58a-e2d9-4e43-a4bc-68111e406fd8","local_time":"20210227170804","daily_mods":["SealedDeck","Vintage","Heirloom","Time Dilation","Flight","downfall:Jewelcrafting"],"is_ascension_mode":true,"campfire_choices":[{"data":"Guardian:ExploitGems","floor":11,"key":"SMITH"},{"data":"MountainWay:ReiMu","floor":15,"key":"SMITH"},{"data":"InherentArray:ReiMu","floor":23,"key":"SMITH"},{"data":"AirStrike:ReiMu","floor":25,"key":"SMITH"},{"data":"Conquer:ReiMu","floor":27,"key":"SMITH"},{"data":"Gensokyo:SpontaneousHumanCombustion","floor":32,"key":"SMITH"},{"data":"CleanRite:ReiMu","floor":40,"key":"SMITH"},{"data":"YinYangSange:ReiMu","floor":41,"key":"SMITH"},{"data":"PrayRite:ReiMu","floor":46,"key":"SMITH"}],"circlet_count":0,"master_deck":["Guardian:ExploitGems+1","Guardian:ExploitGems+1","CareerPray:ReiMu","InherentArray:ReiMu+1","SubAcupoint:ReiMu+1","Intuition:ReiMu","Revelation:ReiMu","LovePray:ReiMu","RainPray2:ReiMu","RainPray2:ReiMu","RainPray2:ReiMu","MountainWay:ReiMu+1","PrepareRite:ReiMu","YinYangSange:ReiMu+1","PrayRite:ReiMu+1","Revelation:ReiMu","AirStrike:ReiMu+1","FantasyBorder:ReiMu","Conquer:ReiMu+1","Gensokyo:SpontaneousHumanCombustion+1","CleanRite:ReiMu+1","Gensokyo:TarnishedGold","Gensokyo:HouraiInAPot","ManaGlint:ReiMu","Gensokyo:CustomPotion","Limit Break","OortCloud+1"],"relics":["Unceasing Top","Guardian:PickAxe","replay:Trail_Library","Salt:ReiMu","Replay:Rubber Ducky","Guardian:PocketSentry","Gensokyo:CelestialsFlawlessClothing","Mastiff:ReiMu","Lantern","Bag of Marbles","ScarletDevilRocket","sneckomod:SneckoTalon","MealTicket","ReplayTheSpireMod:Ring of Exchange","Replay:Bottled Flurry","Blue Doll","Boot","Juzu Bracelet","PrismaticShard","Replay:Bottled Steam","ReplayTheSpireMod:Ninjato","hexamod:BolsterEngine","Strawberry","Tiny House"],"acts_visited":["Gensokyo:Gensokyo","Gensokyo:Gensokyoer","Gensokyo:Gensokyoest","Gensokyo:Gensokyo"],"potions_floor_usage":[45],"damage_taken":[{"damage":2,"enemies":"Gensokyo:3_Fairies","floor":1,"turns":3},{"damage":0,"enemies":"Gensokyo:Python","floor":4,"turns":2},{"damage":1,"enemies":"Gensokyo:Gryphon","floor":12,"turns":3},{"damage":0,"enemies":"Gensokyo:Yukari","floor":16,"turns":6},{"damage":11,"enemies":"Gensokyo:AngelMirror","floor":18,"turns":4},{"damage":0,"enemies":"Gensokyo:Tenshi","floor":24,"turns":1},{"damage":5,"enemies":"Gensokyo:CosmicMonolith","floor":30,"turns":2},{"damage":0,"enemies":"Gensokyo:Eternal_Rivals","floor":33,"turns":5},{"damage":1,"enemies":"Gensokyo:3_Boulders","floor":35,"turns":2},{"damage":0,"enemies":"Gensokyo:Doremy","floor":44,"turns":2},{"damage":57,"enemies":"Gensokyo:Doremy","floor":45,"turns":7},{"damage":0,"enemies":"Gensokyo:Yuyuko","floor":50,"turns":1}],"seed_played":"-4031847613489871090","potions_obtained":[{"floor":4,"key":"SkillPotion"},{"floor":12,"key":"Weak Potion"},{"floor":24,"key":"LiquidMemories"},{"floor":35,"key":"Toxic Potion"},{"floor":51,"key":"Swift Potion"}],"is_trial":true,"path_per_floor":["M","?","COS","M","?","R","R","R","T","?","R","M","?","$","R","B",null,"M","?","?","$","?","R","E","R","T","R","COS","$","M","$","R","B",null,"M","?","COS","$","?","R","R","?","T","E","?","R","T","?","R","B",null],"character_chosen":"REIMU","items_purchased":["YinYangSange:ReiMu","AirStrike:ReiMu"],"campfire_rested":0,"item_purchase_floors":[14,21],"current_hp_per_floor":[63,63,63,63,47,47,47,47,47,47,47,46,46,46,46,46,65,54,54,54,65,65,65,65,65,65,65,65,65,60,65,65,65,65,64,64,64,65,39,39,39,39,39,39,39,39,46,46,46,46,77,77],"gold":258,"neow_bonus":"","is_daily":false,"chose_seed":false,"campfire_upgraded":9,"win_rate":0.0,"timestamp":1614416884,"path_taken":["M","?","COS","?","?","R","R","R","T","?","R","?","?","?","R","BOSS","M","?","?","$","?","R","E","R","T","R","COS","?","M","$","R","BOSS","M","?","COS","$","?","R","R","?","T","E","?","R","?","?","R","BOSS"],"items_purchased_type":["Card","Card"],"build_version":"2020-12-22","purchased_purges":2,"victory":false,"max_hp_per_floor":[65,65,65,65,65,65,65,65,65,65,65,65,65,65,65,65,65,65,65,65,65,65,65,65,65,65,65,65,65,65,65,65,65,65,65,65,65,65,65,65,65,65,65,65,65,65,72,72,72,72,77,77],"card_choices":[{"not_picked":["Conquer:ReiMu","KamiSacrifice:ReiMu"],"picked":"RainPray2:ReiMu","floor":2},{"not_picked":["AirManeuver:ReiMu","RainPray2:ReiMu"],"picked":"MountainWay:ReiMu","floor":2},{"not_picked":["RunawayExorcism:ReiMu","Shading:ReiMu"],"picked":"PrayRite:ReiMu","floor":16},{"not_picked":[],"picked":"FantasyBorder:ReiMu","floor":22},{"not_picked":["ShadowOfCrow2:ReiMu","AlertArray:ReiMu+1","PrepareRite:ReiMu+1"],"picked":"SKIP","floor":24},{"not_picked":["CeremonyResonance:ReiMu","Shading:ReiMu"],"picked":"CleanRite:ReiMu","floor":33},{"not_picked":["Guardian:Reroute+1","Guardian:ArmoredProtocol+1"],"picked":"BottledTime+1","floor":39},{"not_picked":["Rage","Slimebound:RejuvenatingLick+1","GlobalNightmare+1"],"picked":"SKIP","floor":44},{"not_picked":["Gensokyo:UnhurriedMind","Gensokyo:RainbowDanmaku"],"picked":"Gensokyo:HouraiInAPot","floor":45},{"not_picked":["Replay:LoomingThreat","SpiritShield"],"picked":"Limit Break","floor":50},{"not_picked":["Slimebound:LeechEnergy+1","champ:Haymaker"],"picked":"OortCloud+1","floor":51}],"player_experience":10384,"relics_obtained":[{"floor":1,"key":"Replay:Rubber Ducky"},{"floor":4,"key":"Guardian:PocketSentry"},{"floor":9,"key":"Mastiff:ReiMu"},{"floor":12,"key":"ScarletDevilRocket"},{"floor":18,"key":"MealTicket"},{"floor":20,"key":"ReplayTheSpireMod:Ring of Exchange"},{"floor":24,"key":"Replay:Bottled Flurry"},{"floor":26,"key":"Blue Doll"},{"floor":30,"key":"Boot"},{"floor":35,"key":"Replay:Bottled Steam"},{"floor":43,"key":"ReplayTheSpireMod:Ninjato"},{"floor":44,"key":"hexamod:BolsterEngine"},{"floor":47,"key":"Strawberry"}],"event_choices":[],"is_beta":false,"boss_relics":[{"not_picked":["Philosopher\u0027s Stone","Replay:Grab Bag"],"picked":"sneckomod:SneckoTalon"},{"not_picked":["Fusion Hammer","Calling Bell"],"picked":"PrismaticShard"},{"not_picked":["Guide Book","Velvet Choker"],"picked":"Tiny House"}],"items_purged_floors":[21,38],"is_endless":true,"potions_floor_spawned":[4,12,24,33,35],"ascension_level":1}}