{"host":"g5ctwwsvxeihc2vr","time":1614388004,"event":{"mods":["Act Like it!","BaseMod","Bestiary","Better Third Choice","Block Reminder","CapriCore","Dio Mod","Downfall","Hermit","JesterMod","Jorbs\u0027s Wanderer Trilogy","Koishi","Library of Ruina","Library of Ruina Extra","Luminous","Marisa????????","Minty Spire (QoL Compilation)","Reimu??????","Remilia??????","Ruina","StSLib","The Alterego","The Animator","The Bug Knight","The Cursed","The Hierophant","The Immortal","The Marked","The Runesmith","The Servant 0.9.4","The Wild Card","Waifu the Spire"],"gold_per_floor":[118,129,145,145,159,159,179,193,193,193,208,161,181,181,181,283,283,303,320,320,320,340,340,240,0,82,82,109,109,126,76,76,180,180,192,192,192],"floor_reached":36,"language":"ENG","playtime":2818,"items_purged":[],"score":376,"play_id":"39f14db7-ba4d-4fc7-b237-c2d337e3efa8","local_time":"20210226200644","is_ascension_mode":false,"campfire_choices":[{"data":"JiaoTu","floor":6,"key":"SMITH"},{"floor":10,"key":"REST"},{"floor":15,"key":"REST"},{"floor":23,"key":"REST"},{"floor":27,"key":"REST"},{"floor":29,"key":"REST"},{"floor":32,"key":"REST"}],"circlet_count":0,"master_deck":["Dodge","LightDefense","LightAttack","LightAttack","LightAttack","LightDefense","LightDefense","LightDefense","ChargeAndCover","FocusedStrikes","VenomousFangs","Thrust","JiaoTu+1","QuickSuppression","BlindFaith","SilentMist","AsThePrescriptOrders","DarkCloud+1","RulesOfTheBackstreets","GutHarvesting","ClassAndRespect","ruina:FadedMemories","AsThePrescriptOrders+1","Clumsy","Disposal","UnavoidableGaze+1"],"relics":["PageOfLibrarian","PageOfSingingMachine","Sozu","Lizard Tail","Bottled Tornado","PreservedInsect","ruina:FalsePresent","PageOfBlackSwan"],"acts_visited":["Exordium","ruina:Briah","TheBeyond"],"potions_floor_usage":[13,22,33,33],"damage_taken":[{"damage":0,"enemies":"Cultist","floor":1,"turns":3},{"damage":0,"enemies":"Small Slimes","floor":2,"turns":2},{"damage":0,"enemies":"2 Louse","floor":3,"turns":2},{"damage":5,"enemies":"Large Slime","floor":5,"turns":6},{"damage":0,"enemies":"Exordium Wildlife","floor":7,"turns":3},{"damage":9,"enemies":"2 Fungi Beasts","floor":8,"turns":2},{"damage":24,"enemies":"Exordium Thugs","floor":11,"turns":5},{"damage":18,"enemies":"Large Slime","floor":13,"turns":4},{"damage":15,"enemies":"Hexaghost","floor":16,"turns":4},{"damage":17,"enemies":"ruina:Nosferatu","floor":18,"turns":4},{"damage":10,"enemies":"ruina:BadWolf","floor":19,"turns":4},{"damage":22,"enemies":"ruina:Woodsman","floor":22,"turns":3},{"damage":48,"enemies":"ruina:Mountain","floor":28,"turns":6},{"damage":32,"enemies":"ruina:QueenOfHate","floor":30,"turns":5},{"damage":28,"enemies":"ruina:Red_and_Wolf","floor":33,"turns":7},{"damage":5,"enemies":"3 Darklings","floor":35,"turns":7},{"damage":64,"enemies":"Orin","floor":36,"turns":5}],"seed_played":"8571685396271298711","potions_obtained":[{"floor":1,"key":"DistilledChaos"},{"floor":3,"key":"ZuzhouPotion:ReiMu"},{"floor":4,"key":"Regen Potion"},{"floor":16,"key":"Explosive Potion"}],"is_trial":false,"path_per_floor":["M","M","M","?","M","R","M","M","T","R","M","?","M","?","R","B",null,"M","M","$","?","M","R","?","$","T","R","E","R","M","?","R","B",null,"M","?"],"character_chosen":"Librarian","items_purchased":["ClassAndRespect","ruina:FadedMemories"],"campfire_rested":6,"item_purchase_floors":[25,25],"current_hp_per_floor":[60,60,60,60,55,55,55,46,46,67,43,43,37,37,58,43,70,53,43,43,43,21,42,42,42,42,63,15,36,4,4,22,31,63,63,0,0],"gold":192,"neow_bonus":"RANDOM_COMMON_RELIC","is_daily":false,"chose_seed":false,"campfire_upgraded":1,"win_rate":0.0,"timestamp":1614388004,"path_taken":["M","M","M","?","M","R","M","?","T","R","M","?","M","?","R","BOSS","M","M","$","?","M","R","?","?","T","R","E","R","M","?","R","BOSS","M","?"],"items_purchased_type":["Card","Card"],"build_version":"2020-12-22","purchased_purges":0,"victory":false,"max_hp_per_floor":[77,77,62,62,70,70,70,70,70,70,70,70,70,70,70,70,70,70,70,70,70,70,70,70,70,70,70,70,70,70,63,63,63,63,63,63,63],"card_choices":[{"not_picked":["FormingStorm","EndlessBattle","ConcentratedFire","Retaliate","Execute_lor","EnergyShield","MultiBlock","Parry2"],"picked":"VenomousFangs","floor":1},{"not_picked":["Standoff","ViolentFlame","LoosenUp","Riposte","SearingSword","HiddenBlade","BlindFaith","GrazeTheGrass"],"picked":"Thrust","floor":2},{"not_picked":["DriedUp","CoordinatedAssault","SunsetBlade","Multislash","TheWillOfTheCity","HandleRequest","UndertakePrescript","GuidanceOfTheGears","SnakesPrey"],"picked":"SKIP","floor":3},{"not_picked":["UpbeatPerformance","YoureTooSlow","FleetFootsteps","WillOfThePrescript","SharpSwipe","IngredientHunt","SturdyDefense","SharpNails"],"picked":"JiaoTu","floor":5},{"not_picked":["Gigigig","MultiBlock","Quickness","UpbeatPerformance","Standoff","ViolentFlame","FierceCharge","PinpointShot"],"picked":"QuickSuppression","floor":7},{"not_picked":["DaringDecision","Pound","Multislash","DesperateStruggle","SunsetBlade","SkitterAway","BiAn","WildCard"],"picked":"BlindFaith","floor":8},{"not_picked":["MultiBlock","GrazeTheGrass","FocusFire","Quickness","Endure","Feast","Cruelty","GreatSerpentsImpact"],"picked":"SilentMist","floor":11},{"not_picked":["ViolentFlame","ExtractFuel","FrontalAssault","Gamble","BiAn","Quickness","Endure","UnavoidableGaze","VenomousFangs"],"picked":"SKIP","floor":13},{"not_picked":["ViolentFlame","ExtractFuel","FrontalAssault","Gamble","BiAn","Quickness","Endure","UnavoidableGaze","VenomousFangs"],"picked":"SKIP","floor":13},{"not_picked":["Standoff","RushDown","Unlock1","FlyingSword","BurningFlash","FierceOnslaught","BlazingStrike","TheWillOfTheCity"],"picked":"AsThePrescriptOrders","floor":18},{"not_picked":["StrikeDown","SparkingSpear+1","Parry2+1","HiddenBlade+1","ChopItOff","Gigigig","Unlock1","GreatSerpentsImpact"],"picked":"DarkCloud+1","floor":19},{"not_picked":["Gamble","EndlessBattle","Parry2+1","Outburst+1","Parry","GrazeTheGrass","MultiHit","WaitUp"],"picked":"RulesOfTheBackstreets","floor":22},{"not_picked":["Cruelty","SilentNight","Tttonst","SenseQuarry","BlazingStrike","DaringDecision","Suppress","RepressedFlesh"],"picked":"GutHarvesting","floor":24},{"not_picked":["Thrust","GrazeTheGrass","UnforgettableMelody","UncannyStrike","DarkCloud+1","SinglePointStab","DesperateStruggle","BackAttack","EnergyCycle"],"picked":"SKIP","floor":28},{"not_picked":["GreatSerpentsImpact+1","TraceOfFumes","BackAttack+1","SerpentSwordTechnique","Parry","SuppressingShot","TendonChords","Quickness"],"picked":"AsThePrescriptOrders+1","floor":30},{"not_picked":["EnergyBeam","Castigation"],"picked":"Disposal","floor":33},{"not_picked":["Parry2","Duel_lor+1","FierceCharge","ScratchThat","DirtyBlow+1","VioletBlade","ShockRound","CoordinatedAssault"],"picked":"UnavoidableGaze+1","floor":35}],"player_experience":309051,"relics_obtained":[{"floor":26,"key":"Bottled Tornado"},{"floor":28,"key":"PreservedInsect"}],"event_choices":[{"damage_healed":0,"gold_gain":0,"player_choice":"Got Potions","damage_taken":0,"max_hp_gain":0,"max_hp_loss":0,"event_name":"Lab","floor":4,"gold_loss":0},{"damage_healed":0,"gold_gain":0,"player_choice":"Left","damage_taken":0,"max_hp_gain":0,"max_hp_loss":0,"event_name":"betterThird:BetterGoop","floor":12,"gold_loss":47},{"damage_healed":0,"gold_gain":0,"player_choice":"Searched \u00270\u0027 times","damage_taken":0,"max_hp_gain":0,"max_hp_loss":0,"event_name":"Dead Adventurer","floor":14,"gold_loss":0},{"damage_healed":0,"gold_gain":0,"player_choice":"Fight","damage_taken":0,"max_hp_gain":0,"max_hp_loss":0,"event_name":"OrinTheCat","floor":36,"gold_loss":0}],"is_beta":false,"boss_relics":[{"not_picked":["Ectoplasm","bronze:MakeshiftBattery"],"picked":"Sozu"},{"not_picked":["Runesmith:UraniumAnvil","SacredBark"],"picked":"PageOfBlackSwan"}],"items_purged_floors":[],"is_endless":false,"potions_floor_spawned":[1,3,7,8,16,18,28],"killed_by":"Orin","ascension_level":0}}