{"host":"nptej036rrbiurf5","time":1614399204,"event":{"mods":["BaseMod","Colored Map","Colored Powertips","DeckTracker","Minty Spire (QoL Compilation)","StSLib","SuperFastMode"],"gold_per_floor":[115,115,265,25,25,51,51,84,152,172,187,187,222,235,235,331,331,307,307,328,328,79,79,120,120,120,120,120],"floor_reached":27,"language":"KOR","playtime":566,"items_purged":["Doubt"],"score":574,"play_id":"5024eb81-2e9d-4289-90a2-6c12cc558ef1","local_time":"20210227131324","is_ascension_mode":true,"campfire_choices":[{"data":"Noxious Fumes","floor":7.0,"key":"SMITH"},{"data":"Deadly Poison","floor":15.0,"key":"SMITH"},{"data":"Well Laid Plans","floor":23,"key":"SMITH"},{"floor":25,"key":"REST"}],"circlet_count":0,"master_deck":["AscendersBane","Strike_G","Strike_G","Strike_G","Strike_G","Defend_G","Defend_G","Defend_G","Defend_G","Defend_G","Survivor","Neutralize","Noxious Fumes+1","Cloak And Dagger","Endless Agony","Deadly Poison+1","Calculated Gamble","Wraith Form v2+1","Ghostly","Ghostly","Ghostly","Dagger Spray","Footwork","Acrobatics","Crippling Poison","Crippling Poison","Well Laid Plans+1","After Image"],"relics":["Ring of the Snake","NeowsBlessing","Omamori","Gremlin Horn","The Specimen","MealTicket","Pear","Golden Idol","Odd Mushroom","Cursed Key","Orrery","TungstenRod","Ginger"],"acts_visited":["Exordium","TheCity"],"potions_floor_usage":[20,27],"damage_taken":[{"damage":0.0,"enemies":"Small Slimes","floor":1.0,"turns":1.0},{"damage":0.0,"enemies":"3 Sentries","floor":6.0,"turns":1.0},{"damage":0.0,"enemies":"Lagavulin","floor":8.0,"turns":2.0},{"damage":0.0,"enemies":"Jaw Worm","floor":10.0,"turns":4.0},{"damage":5.0,"enemies":"2 Louse","floor":11.0,"turns":3.0},{"damage":5.0,"enemies":"The Mushroom Lair","floor":13.0,"turns":4.0},{"damage":7.0,"enemies":"Gremlin Gang","floor":14.0,"turns":4.0},{"damage":35.0,"enemies":"The Guardian","floor":16.0,"turns":8.0},{"damage":2.0,"enemies":"2 Thieves","floor":18.0,"turns":4.0},{"damage":4,"enemies":"3 Byrds","floor":20,"turns":4},{"damage":18,"enemies":"Book of Stabbing","floor":24,"turns":7},{"damage":26,"enemies":"Gremlin Leader","floor":27,"turns":3}],"seed_played":"3976815322653121578","potions_obtained":[{"floor":1.0,"key":"Regen Potion"},{"floor":10.0,"key":"LiquidMemories"},{"floor":14.0,"key":"PowerPotion"},{"floor":18.0,"key":"GamblersBrew"},{"floor":20,"key":"ColorlessPotion"}],"is_trial":false,"path_per_floor":["M","?","?","$","T","E","R","E","T","M","M","?","?","M","R","B",null,"M","?","M","?","$","R","E","R","T","E"],"character_chosen":"THE_SILENT","items_purchased":["Omamori","Orrery","Well Laid Plans"],"campfire_rested":1,"item_purchase_floors":[4,22,22],"current_hp_per_floor":[59,59,59,59,59,59,59,59,69,69,64,64,59,52,52,17,56,54,34,30,30,34,34,16,26,26,0,0],"gold":120,"neow_bonus":"THREE_ENEMY_KILL","is_daily":false,"chose_seed":false,"campfire_upgraded":3,"win_rate":0.0,"timestamp":1614399204,"path_taken":["M","?","?","$","?","E","R","E","T","M","M","?","?","M","R","BOSS","M","?","M","?","$","R","E","R","T","E"],"items_purchased_type":["Relic","Relic","Card"],"build_version":"2020-12-22","purchased_purges":1,"victory":false,"max_hp_per_floor":[66,66,66,66,66,66,66,66,76,76,76,69,69,69,69,69,69,69,34,34,34,34,34,34,34,34,34,34],"card_choices":[{"not_picked":["Predator","Dodge and Roll"],"picked":"Noxious Fumes","floor":1.0},{"not_picked":["Flying Knee","Choke","Slice"],"picked":"SKIP","floor":6.0},{"not_picked":["Deflect","Outmaneuver"],"picked":"Cloak And Dagger","floor":8.0},{"not_picked":["Cloak And Dagger","Flying Knee"],"picked":"Endless Agony","floor":10.0},{"not_picked":["Blade Dance","Sucker Punch"],"picked":"Deadly Poison","floor":11.0},{"not_picked":["Dagger Spray","PiercingWail"],"picked":"Calculated Gamble","floor":13.0},{"not_picked":["Skewer","Flying Knee","Tools of the Trade"],"picked":"SKIP","floor":14.0},{"not_picked":["Bullet Time","Glass Knife"],"picked":"Wraith Form v2","floor":16.0},{"not_picked":["Flying Knee+1","Dagger Spray","Quick Slash"],"picked":"SKIP","floor":18.0},{"not_picked":["Underhanded Strike","Quick Slash"],"picked":"Dagger Spray","floor":20},{"not_picked":["Flechettes","Dodge and Roll"],"picked":"Footwork","floor":22},{"not_picked":["Night Terror","Outmaneuver"],"picked":"Acrobatics","floor":22},{"not_picked":["Backstab","Underhanded Strike"],"picked":"Crippling Poison","floor":22},{"not_picked":["Sucker Punch+1","Eviscerate"],"picked":"Crippling Poison","floor":22},{"not_picked":["Outmaneuver","Cloak And Dagger"],"picked":"After Image","floor":24}],"player_experience":1041857,"relics_obtained":[{"floor":5.0,"key":"Gremlin Horn"},{"floor":6.0,"key":"The Specimen"},{"floor":8.0,"key":"MealTicket"},{"floor":9.0,"key":"Pear"},{"floor":13.0,"key":"Odd Mushroom"},{"floor":24,"key":"TungstenRod"},{"floor":26,"key":"Ginger"}],"event_choices":[{"cards_removed":["Strike_G"],"damage_healed":0.0,"max_hp_gain":0.0,"max_hp_loss":0.0,"gold_gain":0.0,"event_name":"Living Wall","player_choice":"Forget","floor":2.0,"gold_loss":0.0,"damage_taken":0.0},{"damage_healed":0.0,"max_hp_gain":0.0,"max_hp_loss":0.0,"gold_gain":150.0,"event_name":"Liars Game","player_choice":"AGREE","floor":3.0,"gold_loss":0.0,"damage_taken":0.0,"cards_obtained":["Doubt"]},{"damage_healed":0.0,"max_hp_gain":0.0,"max_hp_loss":7.0,"gold_gain":0.0,"event_name":"Golden Idol","player_choice":"Lose Max HP","floor":12.0,"gold_loss":0.0,"damage_taken":0.0,"relics_obtained":["Golden Idol"]},{"damage_healed":0.0,"max_hp_gain":0.0,"max_hp_loss":0.0,"gold_gain":0.0,"event_name":"Mushrooms","player_choice":"Fought Mushrooms","floor":13.0,"gold_loss":0.0,"damage_taken":0.0},{"damage_healed":0.0,"max_hp_gain":0.0,"max_hp_loss":35.0,"gold_gain":0.0,"event_name":"Ghosts","player_choice":"Became a Ghost","floor":19.0,"gold_loss":0.0,"damage_taken":0.0,"cards_obtained":["Ghostly","Ghostly","Ghostly"]},{"damage_healed":0,"gold_gain":0,"player_choice":"Upgraded","damage_taken":0,"max_hp_gain":0,"max_hp_loss":0,"event_name":"Upgrade Shrine","floor":21,"gold_loss":0,"cards_upgraded":["Wraith Form v2"]}],"is_beta":false,"boss_relics":[{"not_picked":["SlaversCollar","Black Star"],"picked":"Cursed Key"}],"items_purged_floors":[4],"is_endless":false,"potions_floor_spawned":[1,10,14,18,20],"killed_by":"Gremlin Leader","ascension_level":20}}