{"host":"9czo1ewqehy3yunx","time":1614430175,"event":{"mods":["AchievementEnabler","Act Like it!","BaseMod","CapriCore","Colored Powertips","DeckTracker","GifTheSpireLib","GungeonMod","Hermit","Keyboard Shortcuts","Koishi","Lobotomy","Marisa£¨Ùöéë¡¡Øª×âÞÞ£©","Minty Spire (QoL Compilation)","Permanent Neow","Quick Restart","StSLib","SuperFastMode","Td1madao Mod","The Bug Knight","The Cursed","The Hierophant","The Immortal","The Jungle","The Poker Player","The Runesmith"],"gold_per_floor":[111,65,78,90,102,102,122,142,142,107,124,124,9,29,29,132,132,143,154,154,154,171,171,189,189,189,189,207,226,226,226],"floor_reached":30,"language":"KOR","playtime":1043,"items_purged":[],"score":303,"play_id":"65da2a4c-8934-4b32-b58f-79d134756e1d","local_time":"20210227214935","is_ascension_mode":false,"campfire_choices":[{"data":"Koishi:FadingMemory","floor":6,"key":"SMITH"},{"data":"Koishi:SprinkleStarAndHeart","floor":12,"key":"SMITH"},{"floor":15,"key":"REST"},{"data":"Koishi:ReleaseOfTheId","floor":23,"key":"SMITH"},{"data":"Koishi:RorschachInDanmaku","floor":25,"key":"SMITH"},{"data":"Koishi:SubconsciousSweep","floor":27,"key":"SMITH"}],"circlet_count":0,"master_deck":["Koishi:BasicDefend","Koishi:BasicDefend","Koishi:BasicDefend","Koishi:BasicDefend","Koishi:Provoke","Koishi:HauntingSlash","Koishi:FadingMemory+1","Koishi:SubconsciousSweep+1","Koishi:SubconsciousSweep","Koishi:ReleaseOfTheId+1","Koishi:SubconsciousSweep","Koishi:HeartfeltFancy","Koishi:RorschachInDanmaku+1","Koishi:SprinkleStarAndHeart+1","Koishi:HeartfeltFancy","Koishi:LastRemote","Bite","Bite","Bite","Bite","Bite"],"relics":["Koishi:ImaginaryFriend","HollowMod:LifeEnderRelic","Sozu","Anchor"],"acts_visited":["Exordium","TheCity","TheCity"],"potions_floor_usage":[],"damage_taken":[{"damage":9,"enemies":"Cultist","floor":1,"turns":4},{"damage":3,"enemies":"2 Louse","floor":3,"turns":2},{"damage":6,"enemies":"Jaw Worm","floor":4,"turns":2},{"damage":11,"enemies":"Exordium Wildlife","floor":5,"turns":3},{"damage":0,"enemies":"Large Slime","floor":7,"turns":4},{"damage":12,"enemies":"Blue Slaver","floor":8,"turns":2},{"damage":8,"enemies":"3 Louse","floor":11,"turns":3},{"damage":12,"enemies":"Gremlin Gang","floor":14,"turns":3},{"damage":0,"enemies":"Slime Boss","floor":16,"turns":5},{"damage":9,"enemies":"Spheric Guardian","floor":18,"turns":4},{"damage":8,"enemies":"3 Byrds","floor":19,"turns":4},{"damage":2,"enemies":"Centurion and Healer","floor":22,"turns":7},{"damage":1,"enemies":"Chosen and Byrds","floor":24,"turns":4},{"damage":0,"enemies":"DemoMod:4_Bullet_Kins","floor":28,"turns":3},{"damage":10,"enemies":"DemoMod:Veteran_shot_gun_kin_and_bullet_kin","floor":29,"turns":2},{"damage":45,"enemies":"DemoMod:Veteran_shot_gun_kin_and_blue_shotgun_kin_with_gunsinger","floor":30,"turns":3}],"seed_played":"6381161635751510771","potions_obtained":[{"floor":3,"key":"SkillPotion"},{"floor":5,"key":"DemoMod:LeadSkinPotion"},{"floor":7,"key":"Fire Potion"}],"is_trial":false,"path_per_floor":["M","$","M","M","M","R","M","M","T","?","M","R","$","M","R","B",null,"M","M","?","T","M","R","M","R","T","R","M","M","M"],"character_chosen":"KOISHI","items_purchased":["Koishi:SubconsciousSweep","DemoMod:GnawedKey"],"campfire_rested":1,"item_purchase_floors":[2,13],"current_hp_per_floor":[52,52,49,43,33,33,33,21,21,36,28,28,28,17,35,35,60,51,44,42,42,42,42,42,42,42,42,42,32,0,0],"gold":226,"neow_bonus":"ONE_RANDOM_RARE_CARD","is_daily":false,"chose_seed":false,"campfire_upgraded":5,"win_rate":0.0,"timestamp":1614430175,"path_taken":["M","?","M","?","M","R","M","M","T","?","M","R","$","M","R","BOSS","M","M","?","?","?","R","M","R","T","R","M","M","M"],"items_purchased_type":["Card","Relic"],"build_version":"2020-12-22","purchased_purges":0,"victory":false,"max_hp_per_floor":[60,60,60,60,60,60,60,60,60,60,60,60,60,60,60,60,60,60,60,42,42,42,42,42,42,42,42,42,42,42,42],"card_choices":[{"not_picked":["Koishi:PhantomStrike","Koishi:JumpScare"],"picked":"Koishi:SubconsciousSweep","floor":1},{"not_picked":["Koishi:Whimsy","Koishi:Catatonia"],"picked":"Koishi:ReleaseOfTheId","floor":3},{"not_picked":["Koishi:Bloodlust","Koishi:BramblyRoseGarden"],"picked":"Koishi:SubconsciousSweep","floor":4},{"not_picked":["Koishi:PhantomBarrier","Koishi:PhantomStrike"],"picked":"Koishi:HeartfeltFancy","floor":5},{"not_picked":["Koishi:FleetingPhantom","Koishi:DreadfulBlow"],"picked":"Koishi:RorschachInDanmaku","floor":7},{"not_picked":["Koishi:SpiritedAway","Koishi:SubconsciousSweep"],"picked":"Koishi:SprinkleStarAndHeart","floor":8},{"not_picked":["Koishi:CatchAndRose","Koishi:BloodcurdlingScream","Koishi:BramblyRoseGarden"],"picked":"SKIP","floor":11},{"not_picked":["Koishi:GrowingPain","Koishi:UnseenTerror"],"picked":"Koishi:HeartfeltFancy","floor":14},{"not_picked":["Koishi:StingingMind","Koishi:UnansweredLove+1","Koishi:EmbersOfLove+1"],"picked":"SKIP","floor":18},{"not_picked":["Koishi:SubconsciousSweep+1","Koishi:FourthEye"],"picked":"Koishi:LastRemote","floor":19},{"not_picked":["Koishi:PerfectMindControl","Koishi:ParalyzingFear+1","Koishi:BloodcurdlingScream"],"picked":"SKIP","floor":22},{"not_picked":["Koishi:UnansweredLove","Koishi:PhantomStrike","Koishi:PhantomBarrier"],"picked":"SKIP","floor":24},{"not_picked":["Koishi:Jaunt","Koishi:BramblyRoseGarden+1","Koishi:PhantomStrike"],"picked":"SKIP","floor":28},{"not_picked":["Koishi:DanmakuParanoia+1","Koishi:UnseenTerror","Koishi:Untouchable"],"picked":"SKIP","floor":29}],"player_experience":263619,"relics_obtained":[{"floor":9,"key":"HollowMod:LifeEnderRelic"},{"floor":21,"key":"Anchor"}],"event_choices":[{"damage_healed":15,"gold_gain":0,"player_choice":"Healed","damage_taken":0,"max_hp_gain":0,"max_hp_loss":0,"event_name":"The Cleric","floor":10,"gold_loss":35},{"damage_healed":0,"gold_gain":0,"player_choice":"Became a vampire","damage_taken":0,"max_hp_gain":0,"max_hp_loss":18,"event_name":"Vampires","floor":20,"gold_loss":0,"cards_obtained":["Bite","Bite","Bite","Bite","Bite"]}],"is_beta":false,"boss_relics":[{"not_picked":["SacredBark","Runesmith:UraniumAnvil"],"picked":"Sozu"}],"items_purged_floors":[],"is_endless":false,"potions_floor_spawned":[3,5,7,16,22,28],"killed_by":"DemoMod:Veteran_shot_gun_kin_and_blue_shotgun_kin_with_gunsinger","ascension_level":0}}