{"host":"qdazo2n9x18zu9dk","time":1614448251,"event":{"mods":["BaseMod","Colored Map","Minty Spire (QoL Compilation)","Relic Stats","StSLib"],"gold_per_floor":[363,7,18,18,18,18,52,63,141,176,176,176,188,138,138,236,236,256,531,541,558,215,241,241,274,349,349,349,349,362,380,380,482,482,501,551,569,569,569,594,594,619,619,132,132,157,175,90,90,90,90,90,1,30,30],"floor_reached":56,"language":"ENG","playtime":23019,"items_purged":["Strike_P","Regret","Strike_P+1"],"score":2061,"play_id":"1c154891-ca02-4995-953b-88eb28d6652c","local_time":"20210227185051","is_ascension_mode":true,"campfire_choices":[{"floor":6.0,"key":"REST"},{"data":"TalkToTheHand","floor":12.0,"key":"SMITH"},{"data":"Vault","floor":15.0,"key":"SMITH"},{"data":"TalkToTheHand","floor":24.0,"key":"SMITH"},{"data":"RitualDagger","floor":28.0,"key":"SMITH"},{"floor":32.0,"key":"REST"},{"floor":41.0,"key":"REST"},{"floor":49,"key":"RECALL"},{"data":"Vault","floor":52,"key":"SMITH"}],"circlet_count":0,"master_deck":["AscendersBane","Defend_P+1","Defend_P+1","Eruption","Vigilance","FollowUp+1","Tantrum+1","FollowUp+1","TalkToTheHand+1","Vault+1","Omniscience","FlurryOfBlows","DevaForm","Collect+1","EmptyFist+1","FlurryOfBlows+1","TalkToTheHand+1","Study","Halt+1","RitualDagger+1","ThirdEye","ConjureBlade","EmptyBody+1","Evaluate+1","ConjureBlade","CutThroughFate+1","ThirdEye+1","Vault+1","Wireheading+1","Panache","Nirvana","SashWhip+1"],"relics":["PureWater","Membership Card","Strawberry","Lantern","Question Card","FossilizedHelix","Empty Cage","HornCleat","Oddly Smooth Stone","OrangePellets","Unceasing Top","Bottled Flame","Mummified Hand","Black Star","Du-Vu Doll","Darkstone Periapt","Anchor","Orichalcum","Juzu Bracelet","TeardropLocket","Whetstone","Lee\u0027s Waffle","GoldenEye","Thread and Needle","Damaru","Bronze Scales"],"acts_visited":["TheBeyond","TheEnding"],"potions_floor_usage":[],"damage_taken":[{"damage":6.0,"enemies":"2 Louse","floor":1.0,"turns":2.0},{"damage":0.0,"enemies":"Jaw Worm","floor":3.0,"turns":1.0},{"damage":0.0,"enemies":"3 Sentries","floor":7.0,"turns":3.0},{"damage":0.0,"enemies":"Cultist","floor":8.0,"turns":2.0},{"damage":22.0,"enemies":"Lagavulin","floor":10.0,"turns":5.0},{"damage":0.0,"enemies":"2 Fungi Beasts","floor":13.0,"turns":3.0},{"damage":0.0,"enemies":"Slime Boss","floor":16.0,"turns":7.0},{"damage":0.0,"enemies":"Spheric Guardian","floor":18.0,"turns":3.0},{"damage":23.0,"enemies":"2 Thieves","floor":20.0,"turns":4.0},{"damage":1.0,"enemies":"Snecko","floor":21.0,"turns":4.0},{"damage":0.0,"enemies":"Gremlin Leader","floor":23.0,"turns":5.0},{"damage":11.0,"enemies":"Book of Stabbing","floor":25.0,"turns":5.0},{"damage":0.0,"enemies":"Sentry and Sphere","floor":30.0,"turns":3.0},{"damage":0.0,"enemies":"Cultist and Chosen","floor":31.0,"turns":7.0},{"damage":39.0,"enemies":"Collector","floor":33.0,"turns":10.0},{"damage":0.0,"enemies":"3 Shapes","floor":35.0,"turns":3.0},{"damage":0.0,"enemies":"Mind Bloom Boss Battle","floor":36.0,"turns":9.0},{"damage":0.0,"enemies":"3 Darklings","floor":37.0,"turns":6.0},{"damage":27.0,"enemies":"Nemesis","floor":40.0,"turns":10.0},{"damage":0.0,"enemies":"Giant Head","floor":42.0,"turns":6.0},{"damage":9,"enemies":"Reptomancer","floor":46,"turns":8},{"damage":0,"enemies":"Maw","floor":47,"turns":5},{"damage":3,"enemies":"Donu and Deca","floor":50,"turns":8},{"damage":9,"enemies":"Shield and Spear","floor":54,"turns":6},{"damage":134,"enemies":"The Heart","floor":55,"turns":10}],"seed_played":"5380715264905709675","potions_obtained":[{"floor":3.0,"key":"FairyPotion"},{"floor":10.0,"key":"BottledMiracle"},{"floor":21.0,"key":"SteroidPotion"}],"is_trial":false,"path_per_floor":["M","$","M","?","?","R","E","M","T","E","?","R","M","?","R","B",null,"M","?","M","M","$","E","R","E","T","?","R","?","M","M","R","B",null,"M","?","M","?","?","E","R","E","T","$","?","E","M","$","R","B",null,"R","$","E","B",null],"character_chosen":"WATCHER","items_purchased":["Membership Card","Tantrum","FollowUp","Strawberry","Fire Potion","HornCleat","Oddly Smooth Stone","OrangePellets","TalkToTheHand","TeardropLocket","Vault","Whetstone","Fruit Juice","Lee\u0027s Waffle","SteroidPotion","Panache","Nirvana","FairyPotion"],"campfire_rested":3,"item_purchase_floors":[2,2,2,2,2,22,22,22,22,44,44,44,44,44,44,48,53,53],"current_hp_per_floor":[41,48,48,32,32,55,55,55,55,33,33,33,33,33,33,33,68,68,68,45,44,44,44,44,33,33,27,27,27,27,27,50,11,62,62,62,62,62,62,35,58,58,58,91,91,82,82,82,82,79,88,88,88,79,27],"gold":30,"neow_bonus":"TWO_FIFTY_GOLD","is_daily":false,"chose_seed":false,"campfire_upgraded":5,"win_rate":0.0,"timestamp":1614448251,"path_taken":["M","$","M","?","?","R","E","?","T","E","?","R","?","?","R","BOSS","M","?","?","M","$","E","R","E","T","?","R","?","M","M","R","BOSS","M","?","M","?","?","E","R","E","T","$","?","E","M","$","R","BOSS","R","$","E","BOSS"],"items_purchased_type":["Relic","Card","Card","Relic","Potion","Relic","Relic","Relic","Card","Relic","Card","Relic","Potion","Relic","Potion","Card","Card","Potion"],"build_version":"2020-12-22","purchased_purges":3,"victory":true,"max_hp_per_floor":[72,79,79,79,79,79,79,79,79,79,79,79,79,79,79,79,79,79,79,79,79,79,79,79,79,79,79,79,79,79,79,79,79,79,79,79,79,79,79,79,79,79,79,91,91,91,91,91,91,91,91,91,91,91,91],"relic_stats":{"Darkstone Periapt":0,"Lee\u0027s Waffle":28,"counters":[11,81],"Juzu Bracelet":1,"Whetstone":["Tantrum","FollowUp"],"Orichalcum":[24],"Question Card":10,"GoldenEye":[50],"OrangePellets":[1],"Mummified Hand":[34],"Bronze Scales":[96],"Black Star":4,"obtain_stats":[{"Darkstone Periapt":40,"Lantern":0,"Juzu Bracelet":42,"TeardropLocket":44,"Whetstone":44,"Empty Cage":0,"HornCleat":0,"Mummified Hand":0,"Strawberry":0,"Lee\u0027s Waffle":44,"Oddly Smooth Stone":0,"Damaru":54,"Thread and Needle":46,"Orichalcum":42,"Question Card":0,"GoldenEye":46,"Du-Vu Doll":36,"OrangePellets":0,"Bottled Flame":0,"Anchor":40,"Bronze Scales":54,"Black Star":34,"Membership Card":0,"PureWater":0,"FossilizedHelix":0,"Unceasing Top":0},{"Darkstone Periapt":5,"Lantern":0,"Juzu Bracelet":6,"TeardropLocket":6,"Whetstone":6,"Empty Cage":0,"HornCleat":0,"Mummified Hand":0,"Strawberry":0,"Lee\u0027s Waffle":6,"Oddly Smooth Stone":0,"Damaru":10,"Thread and Needle":7,"Orichalcum":6,"Question Card":0,"GoldenEye":7,"Du-Vu Doll":3,"OrangePellets":0,"Bottled Flame":0,"Anchor":5,"Bronze Scales":10,"Black Star":1,"Membership Card":0,"PureWater":0,"FossilizedHelix":0,"Unceasing Top":0},{"Darkstone Periapt":38,"Lantern":0,"Juzu Bracelet":44,"TeardropLocket":44,"Whetstone":44,"Empty Cage":0,"HornCleat":0,"Mummified Hand":0,"Strawberry":0,"Lee\u0027s Waffle":44,"Oddly Smooth Stone":0,"Damaru":71,"Thread and Needle":52,"Orichalcum":44,"Question Card":0,"GoldenEye":52,"Du-Vu Doll":22,"OrangePellets":0,"Bottled Flame":0,"Anchor":38,"Bronze Scales":71,"Black Star":10,"Membership Card":0,"PureWater":0,"FossilizedHelix":0,"Unceasing Top":0}],"Unceasing Top":[7]},"card_choices":[{"not_picked":["Protect","Halt"],"picked":"FollowUp","floor":1.0},{"not_picked":["ReachHeaven","Prostrate"],"picked":"TalkToTheHand","floor":3.0},{"not_picked":["ReachHeaven","Perseverance"],"picked":"Vault","floor":7.0},{"not_picked":["Consecrate","EmptyMind","FlyingSleeves"],"picked":"SKIP","floor":8.0},{"not_picked":["Consecrate","Pray","Sanctity"],"picked":"Omniscience","floor":10.0},{"not_picked":["FlyingSleeves","FollowUp","Weave"],"picked":"FlurryOfBlows","floor":13.0},{"not_picked":["LessonLearned","Establishment","Omniscience"],"picked":"DevaForm","floor":16.0},{"not_picked":["JustLucky","Evaluate","CutThroughFate"],"picked":"Collect+1","floor":18.0},{"not_picked":["Crescendo+1","Prostrate","Sanctity"],"picked":"EmptyFist+1","floor":20.0},{"not_picked":["ClearTheMind","SashWhip","Perseverance+1"],"picked":"FlurryOfBlows+1","floor":21.0},{"not_picked":["ForeignInfluence","Weave","PathToVictory"],"picked":"Study","floor":23.0},{"not_picked":["Alpha","ClearTheMind","Consecrate"],"picked":"Halt+1","floor":25.0},{"not_picked":["FollowUp","SandsOfTime","CrushJoints"],"picked":"ThirdEye","floor":30.0},{"not_picked":["CarveReality","Study","JustLucky","Pray"],"picked":"SKIP","floor":31.0},{"not_picked":["Scrawl","Vault","Ragnarok"],"picked":"ConjureBlade","floor":33.0},{"not_picked":["FlurryOfBlows+1","FearNoEvil","Prostrate"],"picked":"EmptyBody+1","floor":35.0},{"not_picked":["ClearTheMind","WindmillStrike","Crescendo"],"picked":"Evaluate+1","floor":37.0},{"not_picked":["Consecrate+1","Crescendo+1","EmptyFist"],"picked":"CutThroughFate+1","floor":40.0},{"not_picked":["FlyingSleeves","InnerPeace","WreathOfFlame"],"picked":"ThirdEye+1","floor":42.0},{"not_picked":["Vengeance+1","Pray","Evaluate"],"picked":"Wireheading+1","floor":46},{"not_picked":["EmptyFist+1","LessonLearned","Pray+1","PathToVictory"],"picked":"SKIP","floor":47},{"not_picked":["ThirdEye+1","Collect+1","FlyingSleeves"],"picked":"SashWhip+1","floor":54}],"player_experience":1209453,"relics_obtained":[{"floor":7.0,"key":"Lantern"},{"floor":9.0,"key":"Question Card"},{"floor":10.0,"key":"FossilizedHelix"},{"floor":23.0,"key":"Unceasing Top"},{"floor":25.0,"key":"Bottled Flame"},{"floor":26.0,"key":"Mummified Hand"},{"floor":36.0,"key":"Du-Vu Doll"},{"floor":40.0,"key":"Darkstone Periapt"},{"floor":40.0,"key":"Anchor"},{"floor":42.0,"key":"Orichalcum"},{"floor":42.0,"key":"Juzu Bracelet"},{"floor":46,"key":"GoldenEye"},{"floor":46,"key":"Thread and Needle"},{"floor":54,"key":"Damaru"},{"floor":54,"key":"Bronze Scales"}],"event_choices":[{"damage_healed":0.0,"max_hp_gain":0.0,"max_hp_loss":0.0,"gold_gain":0.0,"event_name":"Shining Light","player_choice":"Entered Light","floor":4.0,"gold_loss":0.0,"damage_taken":16.0,"cards_upgraded":["Strike_P","FollowUp"]},{"damage_healed":0.0,"max_hp_gain":0.0,"max_hp_loss":0.0,"gold_gain":0.0,"event_name":"Liars Game","player_choice":"Ignored","floor":5.0,"gold_loss":0.0,"damage_taken":0.0},{"damage_healed":0.0,"max_hp_gain":0.0,"max_hp_loss":0.0,"gold_gain":0.0,"event_name":"The Woman in Blue","player_choice":"Bought 0 Potions","floor":11.0,"gold_loss":0.0,"damage_taken":0.0},{"cards_removed":["Defend_P"],"damage_healed":0.0,"max_hp_gain":0.0,"max_hp_loss":0.0,"gold_gain":0.0,"event_name":"The Cleric","player_choice":"Card Removal","floor":14.0,"gold_loss":50.0,"damage_taken":0.0},{"damage_healed":0.0,"max_hp_gain":0.0,"max_hp_loss":0.0,"gold_gain":275.0,"event_name":"Golden Shrine","player_choice":"Desecrate","floor":19.0,"gold_loss":0.0,"damage_taken":0.0,"cards_obtained":["Regret"]},{"damage_healed":0.0,"max_hp_gain":0.0,"max_hp_loss":0.0,"gold_gain":0.0,"event_name":"Nest","player_choice":"Joined the Cult","floor":27.0,"gold_loss":0.0,"damage_taken":6.0,"cards_obtained":["RitualDagger"]},{"damage_healed":0.0,"max_hp_gain":0.0,"max_hp_loss":0.0,"gold_gain":0.0,"event_name":"Back to Basics","player_choice":"Simplicity","floor":29.0,"gold_loss":0.0,"damage_taken":0.0,"cards_upgraded":["Strike_P","Defend_P","Defend_P"]},{"damage_healed":0.0,"max_hp_gain":0.0,"max_hp_loss":0.0,"gold_gain":0.0,"event_name":"MindBloom","player_choice":"Fight","floor":36.0,"gold_loss":0.0,"damage_taken":0.0},{"damage_healed":0.0,"max_hp_gain":0.0,"max_hp_loss":0.0,"gold_gain":0.0,"event_name":"Tomb of Lord Red Mask","player_choice":"Ignored","floor":38.0,"gold_loss":0.0,"damage_taken":0.0},{"damage_healed":0.0,"max_hp_gain":0.0,"max_hp_loss":0.0,"gold_gain":0.0,"event_name":"Match and Keep!","player_choice":"1 cards matched","floor":39.0,"gold_loss":0.0,"damage_taken":0.0,"cards_obtained":["ConjureBlade"]},{"cards_removed":["Strike_P"],"damage_healed":0.0,"max_hp_gain":0.0,"max_hp_loss":0.0,"gold_gain":0.0,"event_name":"Bonfire Elementals","player_choice":"Offered Basic","floor":45.0,"gold_loss":0.0,"damage_taken":0.0}],"is_beta":false,"boss_relics":[{"not_picked":["VioletLotus","Calling Bell"],"picked":"Empty Cage"},{"not_picked":["Runic Dome","Busted Crown"],"picked":"Black Star"}],"items_purged_floors":[2,22,44],"is_endless":false,"potions_floor_spawned":[3,10,13,21,30,31,33,35,40,46,47],"ascension_level":11}}