{"host":"lhekd7nyy582zlhr","time":1614416799,"event":{"mods":["AchievementEnabler","BaseMod","Colored Map","Colored Powertips","Googly Eyes","Minty Spire (QoL Compilation)","Quick Restart"],"gold_per_floor":[114,134,234,252,265,298,298,312,339,339,369,382,400,413,413,514,514,528,186,198,216,236,4,37,53,78,90,110,124,51,85,85,183,183,201,213,233,246,246,246,246],"floor_reached":40,"language":"ENG","playtime":2652,"items_purged":["Strike_B"],"score":475,"play_id":"396160ed-9283-4e62-92ab-e554ac1a85a9","local_time":"20210227090639","is_ascension_mode":false,"campfire_choices":[{"floor":7,"key":"REST"},{"floor":10,"key":"REST"},{"data":"Echo Form","floor":15,"key":"SMITH"},{"data":"Self Repair","floor":32,"key":"SMITH"}],"circlet_count":0,"master_deck":["Strike_B","Strike_B","Strike_B","Defend_B","Defend_B","Defend_B","Defend_B","Zap","Dualcast","Cold Snap","Conserve Battery","Fusion","Self Repair+1","Echo Form+1","Lockon","Defragment","Beam Cell","Cold Snap","Ball Lightning","Biased Cognition","Rebound+1","Lockon","Self Repair","Echo Form+1","BootSequence","Undo+1","Rainbow","Blind","Aggregate+1","Cold Snap","Ball Lightning","Sweeping Beam","Consume+1","Static Discharge","Beam Cell+1","Core Surge+1","Ball Lightning+1","Streamline+1","Beam Cell+1","Melter+1"],"relics":["Cracked Core","Blood Vial","Mummified Hand","Ancient Tea Set","Smiling Mask","Coffee Dripper","DollysMirror","Potion Belt","Boot","Juzu Bracelet","Molten Egg 2","Nuclear Battery"],"acts_visited":["Exordium","TheCity","TheBeyond"],"potions_floor_usage":[6,16,21,24,33,33,33,33,37,40],"damage_taken":[{"damage":1,"enemies":"Cultist","floor":1,"turns":3},{"damage":3,"enemies":"2 Louse","floor":2,"turns":3},{"damage":4,"enemies":"Jaw Worm","floor":4,"turns":4},{"damage":4,"enemies":"Gremlin Gang","floor":5,"turns":6},{"damage":31,"enemies":"Lagavulin","floor":6,"turns":9},{"damage":13,"enemies":"2 Fungi Beasts","floor":8,"turns":5},{"damage":19,"enemies":"3 Sentries","floor":11,"turns":8},{"damage":16,"enemies":"Blue Slaver","floor":12,"turns":4},{"damage":5,"enemies":"Large Slime","floor":13,"turns":5},{"damage":14,"enemies":"Exordium Wildlife","floor":14,"turns":5},{"damage":48,"enemies":"The Guardian","floor":16,"turns":8},{"damage":11,"enemies":"Chosen","floor":18,"turns":5},{"damage":23,"enemies":"2 Thieves","floor":20,"turns":4},{"damage":27,"enemies":"Snake Plant","floor":21,"turns":4},{"damage":29,"enemies":"Shelled Parasite and Fungi","floor":22,"turns":5},{"damage":18,"enemies":"Book of Stabbing","floor":24,"turns":6},{"damage":12,"enemies":"Centurion and Healer","floor":25,"turns":7},{"damage":0,"enemies":"Cultist and Chosen","floor":27,"turns":5},{"damage":11,"enemies":"Snake Plant","floor":28,"turns":4},{"damage":0,"enemies":"Centurion and Healer","floor":29,"turns":6},{"damage":46,"enemies":"Slavers","floor":31,"turns":5},{"damage":37,"enemies":"Automaton","floor":33,"turns":9},{"damage":1,"enemies":"Orb Walker","floor":35,"turns":3},{"damage":26,"enemies":"3 Shapes","floor":36,"turns":5},{"damage":39,"enemies":"Transient","floor":37,"turns":5},{"damage":33,"enemies":"3 Darklings","floor":38,"turns":5},{"damage":36,"enemies":"Giant Head","floor":40,"turns":6}],"seed_played":"6103934398003281015","potions_obtained":[{"floor":2,"key":"Regen Potion"},{"floor":5,"key":"BlessingOfTheForge"},{"floor":13,"key":"Regen Potion"},{"floor":16,"key":"Fruit Juice"},{"floor":18,"key":"Dexterity Potion"},{"floor":22,"key":"LiquidMemories"},{"floor":29,"key":"Strength Potion"},{"floor":31,"key":"AttackPotion"},{"floor":35,"key":"LiquidMemories"},{"floor":37,"key":"PotionOfCapacity"}],"is_trial":false,"path_per_floor":["M","M","?","M","M","E","R","M","T","R","E","M","M","M","R","B",null,"M","$","M","M","M","$","E","M","T","M","M","M","$","E","R","B",null,"M","M","M","M","?","E"],"character_chosen":"DEFECT","items_purchased":["Lockon","Self Repair","DollysMirror","Potion Belt","Blind","Static Discharge"],"campfire_rested":2,"item_purchase_floors":[19,19,19,23,23,30],"current_hp_per_floor":[74,72,72,70,68,46,68,71,71,75,70,70,75,75,75,39,80,76,76,55,63,50,50,77,80,80,80,80,80,80,48,48,30,80,80,68,45,24,24,0,0],"gold":246,"neow_bonus":"RANDOM_COMMON_RELIC","is_daily":false,"chose_seed":false,"campfire_upgraded":2,"win_rate":0.0,"timestamp":1614416799,"path_taken":["M","M","?","M","?","E","R","M","T","R","E","M","M","M","R","BOSS","M","$","M","M","?","$","E","M","T","M","M","M","$","E","R","BOSS","M","M","M","M","?","E"],"items_purchased_type":["Card","Card","Relic","Relic","Card","Card"],"build_version":"2020-12-22","purchased_purges":1,"victory":false,"max_hp_per_floor":[75,75,75,75,75,75,75,75,75,75,75,75,75,75,75,80,80,80,80,80,80,80,80,80,80,80,80,80,80,80,80,80,80,80,80,80,80,80,76,76,76],"card_choices":[{"not_picked":["Barrage","Steam"],"picked":"Cold Snap","floor":1},{"not_picked":["Compile Driver","Undo"],"picked":"Conserve Battery","floor":2},{"not_picked":["Sweeping Beam","FTL"],"picked":"Fusion","floor":4},{"not_picked":["Tempest","Turbo"],"picked":"Self Repair","floor":5},{"not_picked":["Barrage","Stack"],"picked":"Echo Form","floor":6},{"not_picked":["Barrage","Leap"],"picked":"Lockon","floor":8},{"not_picked":["Sweeping Beam","Beam Cell"],"picked":"Defragment","floor":11},{"not_picked":["Reprogram","Coolheaded"],"picked":"Beam Cell","floor":12},{"not_picked":["Stack","Gash"],"picked":"Cold Snap","floor":13},{"not_picked":["Chill","Go for the Eyes"],"picked":"Ball Lightning","floor":14},{"not_picked":["Thunder Strike","Echo Form"],"picked":"Biased Cognition","floor":16},{"not_picked":["Cold Snap","Blizzard+1"],"picked":"Rebound+1","floor":18},{"not_picked":["FTL","Leap"],"picked":"BootSequence","floor":20},{"not_picked":["Stack","Barrage"],"picked":"Undo+1","floor":21},{"not_picked":["Reprogram+1","Leap"],"picked":"Rainbow","floor":22},{"not_picked":["Redo","Steam Power"],"picked":"Aggregate+1","floor":24},{"not_picked":["Recycle","Blizzard"],"picked":"Cold Snap","floor":25},{"not_picked":["Sweeping Beam","Rebound"],"picked":"Ball Lightning","floor":27},{"not_picked":["Cold Snap+1","Stack"],"picked":"Sweeping Beam","floor":28},{"not_picked":["Sweeping Beam+1","Turbo"],"picked":"Consume+1","floor":29},{"not_picked":["Go for the Eyes+1","Skim"],"picked":"Beam Cell+1","floor":31},{"not_picked":["Multi-Cast","Rainbow"],"picked":"Core Surge+1","floor":33},{"not_picked":["Compile Driver+1","Stack+1"],"picked":"Ball Lightning+1","floor":35},{"not_picked":["Steam+1","Barrage+1"],"picked":"Streamline+1","floor":36},{"not_picked":["Skim","Conserve Battery"],"picked":"Beam Cell+1","floor":37},{"not_picked":["Cold Snap+1","Steam"],"picked":"Melter+1","floor":38}],"player_experience":157308,"relics_obtained":[{"floor":6,"key":"Mummified Hand"},{"floor":9,"key":"Ancient Tea Set"},{"floor":11,"key":"Smiling Mask"},{"floor":24,"key":"Boot"},{"floor":26,"key":"Juzu Bracelet"},{"floor":31,"key":"Molten Egg 2"}],"event_choices":[{"damage_healed":0,"gold_gain":100,"player_choice":"Pray","damage_taken":0,"max_hp_gain":0,"max_hp_loss":0,"event_name":"Golden Shrine","floor":3,"gold_loss":0},{"damage_healed":0,"gold_gain":0,"player_choice":"Max HP","damage_taken":0,"max_hp_gain":0,"max_hp_loss":4,"event_name":"Winding Halls","floor":39,"gold_loss":0}],"is_beta":false,"boss_relics":[{"not_picked":["Philosopher\u0027s Stone","Tiny House"],"picked":"Coffee Dripper"},{"not_picked":["FrozenCore","Empty Cage"],"picked":"Nuclear Battery"}],"items_purged_floors":[19],"is_endless":false,"potions_floor_spawned":[2,5,13,16,18,20,22,29,31,35,37],"killed_by":"Giant Head","ascension_level":0}}