{"host":"2162l6swvnky91ct","time":1614449007,"event":{"mods":["AchievementEnabler","BaseMod","Downfall","Hermit","Infinite Spire","Marisa????????","Minty Spire (QoL Compilation)","Remilia??????","Replay The Spire","StSLib","The Bug Knight","The Cursed","The Disciple","The Necromancer","The Runesmith","The Servant 0.9.4"],"gold_per_floor":[99,118,130,145,163,63,109,121,134,148,164,183,183,195,211,211,211],"floor_reached":16,"language":"ENG","playtime":903,"items_purged":[],"score":102,"play_id":"efaf179c-bb55-4856-b653-e98e3268438f","local_time":"20210227190327","is_ascension_mode":false,"campfire_choices":[{"floor":1,"key":"RECALL"},{"data":"WasteNot","floor":6,"key":"SMITH"},{"floor":13,"key":"REST"}],"circlet_count":0,"master_deck":["Strike_S","Strike_S","Strike_S","Strike_S","Defend_S","Defend_S","Defend_S","Defend_S","KidneyShot","Exchange","InstantArmor","WasteNot+1","Sabotage","Read","KillingDoll","InstantArmor","Moonlight","Desolation","StarChef","Luminosity","Luminosity"],"relics":["Uniform","downfall:HeartBlessingRed","Tiny Chest"],"acts_visited":["Exordium"],"potions_floor_usage":[16],"damage_taken":[{"damage":0,"enemies":"Cultist","floor":2,"turns":4},{"damage":0,"enemies":"Small Slimes","floor":3,"turns":3},{"damage":0,"enemies":"Jaw Worm","floor":4,"turns":3},{"damage":11,"enemies":"Lots of Slimes","floor":5,"turns":6},{"damage":7,"enemies":"Exordium Wildlife","floor":8,"turns":4},{"damage":18,"enemies":"Large Slime","floor":9,"turns":9},{"damage":0,"enemies":"Red Slaver","floor":10,"turns":3},{"damage":0,"enemies":"Blue Slaver","floor":11,"turns":2},{"damage":0,"enemies":"3 Louse","floor":12,"turns":3},{"damage":0,"enemies":"2 Fungi Beasts","floor":14,"turns":4},{"damage":0,"enemies":"Exordium Wildlife","floor":15,"turns":4},{"damage":90,"enemies":"WA_ARCHETYPE_RETAIN","floor":16,"turns":9}],"seed_played":"-8223854341336742931","potions_obtained":[{"floor":4,"key":"Strength Potion"},{"floor":5,"key":"FearPotion"},{"floor":8,"key":"Reflective Coating"},{"floor":10,"key":"Toxic Potion"},{"floor":12,"key":"FairyPotion"},{"floor":14,"key":"Slimebound:ThreeZeroPotion"}],"is_trial":false,"path_per_floor":["R","M","M","M","M","R","T","M","M","M","M","M","R","M","M","B"],"character_chosen":"THE_SERVANT","items_purchased":[],"campfire_rested":1,"item_purchase_floors":[],"current_hp_per_floor":[71,71,71,71,60,60,60,53,35,35,35,35,56,56,56,0,0],"gold":211,"neow_bonus":"TEN_PERCENT_HP_BONUS","is_daily":false,"chose_seed":false,"campfire_upgraded":1,"win_rate":0.0,"timestamp":1614449007,"path_taken":["R","M","M","M","M","R","T","?","M","M","M","M","R","?","M","BOSS"],"items_purchased_type":[],"build_version":"2020-12-22","purchased_purges":0,"victory":false,"max_hp_per_floor":[71,71,71,71,71,71,71,71,71,71,71,71,71,71,71,71,71],"card_choices":[{"not_picked":["Potential","Alleviate"],"picked":"InstantArmor","floor":2},{"not_picked":["FastForward","Unruled"],"picked":"WasteNot","floor":3},{"not_picked":["Potential","Unruled"],"picked":"Sabotage","floor":4},{"not_picked":["FastForward","Alleviate"],"picked":"Read","floor":5},{"not_picked":["Rearm","BottledTime"],"picked":"KillingDoll","floor":8},{"not_picked":["FastForward","ReturningBlade"],"picked":"InstantArmor","floor":9},{"not_picked":["Spin","Starlight"],"picked":"Moonlight","floor":10},{"not_picked":["Ricochet","ShatteredReality"],"picked":"Desolation","floor":11},{"not_picked":["Replace","Collapse"],"picked":"StarChef","floor":12},{"not_picked":["SpecialFormula","ShatteredReality"],"picked":"Luminosity","floor":14},{"not_picked":["Revamp","Rewind"],"picked":"Luminosity","floor":15}],"player_experience":157899,"relics_obtained":[{"floor":7,"key":"Tiny Chest"}],"event_choices":[],"is_beta":false,"boss_relics":[],"items_purged_floors":[],"is_endless":false,"potions_floor_spawned":[4,5,8,10,12,14],"killed_by":"WA_ARCHETYPE_RETAIN","ascension_level":0}}