{"host":"sim2kxx81cjsn49b","time":1614445232,"event":{"mods":["BaseMod","Minty Spire (QoL Compilation)","Quick Restart","Reliquary","StSLib","TestMod","The Bladedancer","Waifu the Spire"],"gold_per_floor":[111,36,36,56,68,98,98,98,121,121,121],"floor_reached":10,"language":"ZHS","playtime":442,"items_purged":["blademaster:Strike"],"score":66,"play_id":"ddf24945-be2d-44e7-986d-30a59e7d0ac9","local_time":"20210228010032","is_ascension_mode":false,"campfire_choices":[{"data":"blademaster:Frenzy","floor":7,"key":"SMITH"}],"circlet_count":0,"master_deck":["blademaster:Strike","blademaster:Strike","blademaster:Defend+1","blademaster:Defend","blademaster:Defend","blademaster:Defend+1","blademaster:RagingBlow","blademaster:HighVoltage","blademaster:EyeOfTheTornado","blademaster:Frenzy+1"],"relics":["blademaster:DancersAmulet","testmod-TestBox","testmod-Alchemist","NeowsBlessing","reliquary:Stiletto","Strawberry"],"acts_visited":["Exordium"],"potions_floor_usage":[],"damage_taken":[{"damage":0,"enemies":"Jaw Worm","floor":1,"turns":1},{"damage":0,"enemies":"Cultist","floor":4,"turns":2},{"damage":0,"enemies":"Small Slimes","floor":5,"turns":1},{"damage":27,"enemies":"Lagavulin","floor":6,"turns":10},{"damage":55,"enemies":"Gremlin Nob","floor":10,"turns":5}],"seed_played":"-2311100988952265504","potions_obtained":[{"floor":1,"key":"PowerPotion"},{"floor":6,"key":"Energy Potion"}],"is_trial":false,"path_per_floor":["M","$","?","M","M","E","R","?","T","E"],"character_chosen":"THE_BLADEMASTER","items_purchased":[],"campfire_rested":0,"item_purchase_floors":[],"current_hp_per_floor":[75,75,75,75,75,48,48,33,40,0,0],"gold":121,"neow_bonus":"THREE_ENEMY_KILL","is_daily":false,"chose_seed":false,"campfire_upgraded":1,"win_rate":0.0,"timestamp":1614445232,"path_taken":["M","$","?","M","?","E","R","?","T","E"],"items_purchased_type":[],"build_version":"2020-12-22","purchased_purges":1,"victory":false,"max_hp_per_floor":[75,75,75,75,75,75,75,75,82,82,82],"card_choices":[{"not_picked":["blademaster:ThunderSlash","blademaster:Sunder"],"picked":"blademaster:EyeOfTheTornado","floor":1},{"not_picked":["blademaster:Cut","blademaster:FuriousStrike"],"picked":"blademaster:Frenzy","floor":4},{"not_picked":["blademaster:IcyWind","blademaster:Overcharge","blademaster:SharpBlades"],"picked":"SKIP","floor":5},{"not_picked":["blademaster:Safeguard","blademaster:Sunder","blademaster:Slice"],"picked":"SKIP","floor":6}],"player_experience":656737,"relics_obtained":[{"floor":6,"key":"reliquary:Stiletto"},{"floor":6,"key":"blademaster:LightningChargePerk"},{"floor":9,"key":"Strawberry"}],"event_choices":[{"cards_removed":["blademaster:Strike"],"damage_healed":0,"gold_gain":0,"player_choice":"Purged","damage_taken":0,"max_hp_gain":0,"max_hp_loss":0,"event_name":"Purifier","floor":3,"gold_loss":0},{"damage_healed":0,"gold_gain":0,"player_choice":"Entered Light","damage_taken":15,"max_hp_gain":0,"max_hp_loss":0,"event_name":"Shining Light","floor":8,"gold_loss":0,"cards_upgraded":["blademaster:Defend","blademaster:Defend"]}],"is_beta":false,"boss_relics":[],"items_purged_floors":[2],"is_endless":false,"potions_floor_spawned":[1,6],"killed_by":"Gremlin Nob","ascension_level":0}}