{"host":"hx5bui4di82vxq8x","time":1614442198,"event":{"mods":["BaseMod","Colored Powertips","Dota2Spire","Friendly Minions","Library of Ruina","Minty Spire (QoL Compilation)","Quick Restart","Replay The Spire","Spicy Shops","StSLib","The Alterego","The Animator"],"gold_per_floor":[213,231,250,205,221,221,235,249,272,272,272,65,99,114,114,215,215,235,246,5,5,20,20,30,30,54,54,68,88,88,88,88],"floor_reached":31,"language":"ZHS","playtime":2254,"items_purged":[],"score":266,"play_id":"d1e8d3b7-61b0-4698-a258-e7c00c8ffeaa","local_time":"20210228000958","is_ascension_mode":false,"campfire_choices":[{"data":"alterego_mod:DiscoLights","floor":6.0,"key":"SMITH"},{"data":"alterego_mod:Palingenesis","floor":10.0,"key":"SMITH"},{"data":"alterego_mod:Palingenesis+1","floor":15.0,"key":"SMITH"},{"data":"alterego_mod:Mirror","floor":23.0,"key":"SMITH"},{"floor":25,"key":"REST"},{"data":"alterego_mod:VirginLaserPalladion","floor":27,"key":"SMITH"}],"circlet_count":0,"master_deck":["alterego_mod:Strike","alterego_mod:Strike","alterego_mod:Defend","alterego_mod:Defend","alterego_mod:Defend","alterego_mod:Impale","alterego_mod:BigMeatyClaws","alterego_mod:BrynhildrsRune","alterego_mod:DiscoLights+1","alterego_mod:RocketPunch","alterego_mod:Bounce","alterego_mod:Palingenesis+2","alterego_mod:Mirror+1","alterego_mod:Undulate","alterego_mod:Valentines","alterego_mod:VirginLaserPalladion+1","alterego_mod:Table","alterego_mod:BiFurious","alterego_mod:Cushion+1","alterego_mod:Bounce","alterego_mod:MagicResistance","alterego_mod:BeGentle","alterego_mod:Vow"],"relics":["alterego_mod:MasochisticConstitution","Dota2Spire:ArcaneBoots","Medical Kit","Vajra","Empty Cage","Snack Pack","alterego_mod:SomeoneToFightFor","Replay:Mystery Machine"],"acts_visited":["Exordium","TheCity"],"potions_floor_usage":[24,24,28,31],"damage_taken":[{"damage":7.0,"enemies":"Jaw Worm","floor":1.0,"turns":6.0},{"damage":13.0,"enemies":"Small Slimes","floor":2.0,"turns":9.0},{"damage":1.0,"enemies":"2 Louse","floor":3.0,"turns":6.0},{"damage":2.0,"enemies":"Looter","floor":4.0,"turns":5.0},{"damage":8.0,"enemies":"Red Slaver","floor":5.0,"turns":10.0},{"damage":25.0,"enemies":"Exordium Thugs","floor":7.0,"turns":9.0},{"damage":34.0,"enemies":"Lots of Slimes","floor":8.0,"turns":8.0},{"damage":9.0,"enemies":"Replay:BlueRogue","floor":13.0,"turns":12.0},{"damage":7.0,"enemies":"2 Fungi Beasts","floor":14.0,"turns":6.0},{"damage":49.0,"enemies":"Fading Forest","floor":16.0,"turns":11.0},{"damage":22.0,"enemies":"Chosen","floor":18.0,"turns":8.0},{"damage":34.0,"enemies":"Spheric Guardian","floor":19.0,"turns":7.0},{"damage":37.0,"enemies":"Centurion and Healer","floor":22.0,"turns":12.0},{"damage":4,"enemies":"Sentry and Sphere","floor":24,"turns":4},{"damage":42,"enemies":"Cultist and Chosen","floor":28,"turns":12},{"damage":32,"enemies":"Centurion and Healer","floor":29,"turns":12},{"damage":25,"enemies":"Replay:Snechameleon","floor":31,"turns":10}],"seed_played":"8875413752395618817","potions_obtained":[{"floor":2.0,"key":"Dexterity Potion"},{"floor":5.0,"key":"Strength Potion"},{"floor":7.0,"key":"SteroidPotion"},{"floor":14.0,"key":"SkillPotion"},{"floor":16.0,"key":"DuplicationPotion"},{"floor":29,"key":"Regen Potion"}],"is_trial":false,"path_per_floor":["M","M","M","M","M","R","M","M","T","R","?","$","E","M","R","B",null,"M","M","$","?","M","R","M","R","T","R","M","M","?","E"],"character_chosen":"The_Alterego","items_purchased":["alterego_mod:Mirror","Medical Kit","Snack Pack"],"campfire_rested":1,"item_purchase_floors":[12,12,20],"current_hp_per_floor":[64,59,73,72,72,72,62,64,64,64,69,69,68,76,76,66,85,71,45,45,45,26,26,34,60,60,60,32,15,15,7,7],"gold":88,"neow_bonus":"HUNDRED_GOLD","is_daily":false,"chose_seed":false,"campfire_upgraded":5,"win_rate":0.0,"timestamp":1614442198,"path_taken":["M","M","M","M","M","R","M","M","T","R","?","$","E","M","R","BOSS","M","M","$","?","M","R","M","R","T","R","M","M","?","E"],"items_purchased_type":["Card","Relic","Relic"],"build_version":"2020-12-22","purchased_purges":0,"victory":false,"max_hp_per_floor":[71,72,73,74,75,75,76,77,77,77,82,82,83,84,84,85,85,86,87,87,87,88,88,89,89,89,89,90,91,91,91,91],"card_choices":[{"not_picked":["alterego_mod:Cycle","alterego_mod:1TonWallop"],"picked":"alterego_mod:DiscoLights","floor":1.0},{"not_picked":["alterego_mod:Maid","alterego_mod:GachaTicket","alterego_mod:PerceptionDisorder"],"picked":"SKIP","floor":2.0},{"not_picked":["alterego_mod:Mirror","alterego_mod:Alter"],"picked":"alterego_mod:RocketPunch","floor":3.0},{"not_picked":["alterego_mod:Punishment","alterego_mod:TrashNCrash","alterego_mod:DiscoLights"],"picked":"SKIP","floor":4.0},{"not_picked":["alterego_mod:BoobPocket","alterego_mod:Support"],"picked":"alterego_mod:Bounce","floor":5.0},{"not_picked":["alterego_mod:Undulate","alterego_mod:GoddessCore"],"picked":"alterego_mod:Palingenesis","floor":7.0},{"not_picked":["alterego_mod:Santa","alterego_mod:Clap"],"picked":"alterego_mod:Support","floor":8.0},{"not_picked":["alterego_mod:DeftHands","alterego_mod:SuperDuperMasochism"],"picked":"alterego_mod:Undulate","floor":13.0},{"not_picked":["alterego_mod:Support","alterego_mod:TrashNCrash"],"picked":"alterego_mod:Valentines","floor":14.0},{"not_picked":["alterego_mod:Antipathy","alterego_mod:GIGAMILK"],"picked":"alterego_mod:VirginLaserPalladion","floor":16.0},{"not_picked":["alterego_mod:1TonWallop","alterego_mod:BeGentle"],"picked":"alterego_mod:Table","floor":18.0},{"not_picked":["alterego_mod:Pet+1","alterego_mod:Punishment"],"picked":"alterego_mod:BiFurious","floor":19.0},{"not_picked":["alterego_mod:Stockings+1","alterego_mod:PerceptionDisorder"],"picked":"alterego_mod:Cushion+1","floor":22.0},{"not_picked":["alterego_mod:Stockings","alterego_mod:Skirt","alterego_mod:TrashNCrash+1"],"picked":"SKIP","floor":24},{"not_picked":["alterego_mod:Mirror","alterego_mod:BiFurious"],"picked":"alterego_mod:Bounce","floor":28},{"not_picked":["alterego_mod:Swimsuit","alterego_mod:MaintainEyeContact"],"picked":"alterego_mod:MagicResistance","floor":29}],"player_experience":674763,"relics_obtained":[{"floor":9.0,"key":"Dota2Spire:ArcaneBoots"},{"floor":13.0,"key":"Vajra"},{"floor":26,"key":"Replay:Mystery Machine"}],"event_choices":[{"damage_healed":0.0,"max_hp_gain":5.0,"max_hp_loss":0.0,"gold_gain":0.0,"event_name":"Big Fish","player_choice":"Donut","floor":11.0,"gold_loss":0.0,"damage_taken":0.0},{"damage_healed":0.0,"max_hp_gain":0.0,"max_hp_loss":0.0,"gold_gain":0.0,"event_name":"°®µÄÉñÊ¥»¨Ô°","player_choice":"Choice 2","floor":21.0,"gold_loss":0.0,"damage_taken":0.0,"relics_obtained":["alterego_mod:SomeoneToFightFor"]},{"damage_healed":0,"gold_gain":0,"cards_transformed":["alterego_mod:Strike","alterego_mod:Defend"],"player_choice":"Became Test Subject","damage_taken":0,"max_hp_gain":0,"max_hp_loss":0,"event_name":"Drug Dealer","floor":30,"gold_loss":0,"cards_obtained":["alterego_mod:BeGentle","alterego_mod:Vow"]}],"is_beta":false,"boss_relics":[{"not_picked":["SlaversCollar","Philosopher\u0027s Stone"],"picked":"Empty Cage"}],"items_purged_floors":[],"is_endless":false,"potions_floor_spawned":[2,5,7,14,16,22,29],"killed_by":"Replay:Snechameleon","ascension_level":0}}