{"host":"6ggzka4dag2kvku2","time":1614427293,"event":{"mods":["AchievementEnabler","BaseMod","DeckTracker","Minty Spire (QoL Compilation)","Permanent Neow","Quick Restart","SuperFastMode"],"gold_per_floor":[361,106,106,116,129,129,129,142,166,204,49,49,88,108,108,108,108],"floor_reached":16,"language":"KOR","playtime":721,"items_purged":[],"score":110,"play_id":"b34056ff-5ca1-4555-83ef-825047283e3f","local_time":"20210227210133","is_ascension_mode":true,"campfire_choices":[{"data":"Eruption","floor":6,"key":"SMITH"},{"data":"ForeignInfluence","floor":12,"key":"SMITH"},{"floor":15,"key":"REST"}],"circlet_count":0,"master_deck":["Strike_P","Strike_P","Strike_P","Strike_P","Defend_P","Defend_P","Defend_P","Defend_P","Eruption+1","Vigilance","Sanctity","CutThroughFate","ClearTheMind","SashWhip","ForeignInfluence+1","FollowUp"],"relics":["PureWater","Frozen Egg 2","Omamori","CeramicFish","Oddly Smooth Stone","PreservedInsect","Odd Mushroom"],"acts_visited":["Exordium"],"potions_floor_usage":[10,10],"damage_taken":[{"damage":0,"enemies":"Small Slimes","floor":1,"turns":5},{"damage":3,"enemies":"Jaw Worm","floor":4,"turns":3},{"damage":3,"enemies":"2 Louse","floor":5,"turns":2},{"damage":0,"enemies":"Exordium Wildlife","floor":8,"turns":3},{"damage":6,"enemies":"Gremlin Nob","floor":10,"turns":3},{"damage":30,"enemies":"The Mushroom Lair","floor":13,"turns":3},{"damage":0,"enemies":"Large Slime","floor":14,"turns":2},{"damage":45,"enemies":"The Guardian","floor":16,"turns":8}],"seed_played":"-3780668031731585312","potions_obtained":[{"floor":5,"key":"EssenceOfSteel"},{"floor":8,"key":"ColorlessPotion"}],"is_trial":false,"path_per_floor":["M","$","?","M","M","R","?","M","T","E","$","R","?","M","R","B"],"character_chosen":"WATCHER","items_purchased":["Frozen Egg 2","PreservedInsect"],"campfire_rested":1,"item_purchase_floors":[2,11],"current_hp_per_floor":[65,65,65,62,59,59,59,59,59,53,53,53,23,23,42,0,0],"gold":108,"neow_bonus":"TWO_FIFTY_GOLD","is_daily":false,"chose_seed":false,"campfire_upgraded":2,"win_rate":0.0,"timestamp":1614427293,"path_taken":["M","$","?","M","M","R","?","M","T","E","$","R","?","M","R","BOSS"],"items_purchased_type":["Relic","Relic"],"build_version":"2020-12-22","purchased_purges":0,"victory":false,"max_hp_per_floor":[65,65,65,65,65,65,65,65,65,65,65,65,65,65,65,65,65],"card_choices":[{"not_picked":["FlyingSleeves","Halt"],"picked":"Sanctity","floor":1},{"not_picked":["ThirdEye","JustLucky"],"picked":"CutThroughFate","floor":4},{"not_picked":["PathToVictory","Weave"],"picked":"ClearTheMind","floor":5},{"not_picked":["Meditate","ThirdEye"],"picked":"SashWhip","floor":8},{"not_picked":["CrushJoints","ConjureBlade"],"picked":"ForeignInfluence","floor":10},{"not_picked":["BowlingBash","Collect"],"picked":"FollowUp","floor":13},{"not_picked":["EmptyFist","FlyingSleeves","EmptyMind"],"picked":"SKIP","floor":14}],"player_experience":161354,"relics_obtained":[{"floor":9,"key":"CeramicFish"},{"floor":10,"key":"Oddly Smooth Stone"},{"floor":13,"key":"Odd Mushroom"}],"event_choices":[{"damage_healed":0,"gold_gain":0,"player_choice":"Box","damage_taken":0,"relics_obtained":["Omamori"],"max_hp_gain":0,"max_hp_loss":0,"event_name":"Big Fish","floor":3,"gold_loss":0,"cards_obtained":["Regret"]},{"cards_removed":["Regret"],"damage_healed":0,"gold_gain":0,"player_choice":"Forget","damage_taken":0,"max_hp_gain":0,"max_hp_loss":0,"event_name":"Living Wall","floor":7,"gold_loss":0},{"damage_healed":0,"gold_gain":0,"player_choice":"Fought Mushrooms","damage_taken":0,"max_hp_gain":0,"max_hp_loss":0,"event_name":"Mushrooms","floor":13,"gold_loss":0}],"is_beta":false,"boss_relics":[],"items_purged_floors":[],"is_endless":false,"potions_floor_spawned":[5,8],"killed_by":"The Guardian","ascension_level":2}}