{"host":"f8htc31bb597a5yl","time":1614405434,"event":{"mods":["BaseMod","Colored Powertips","Downfall","Marisa????????","Minty Spire (QoL Compilation)","Replay The Spire","StSLib","The Servant 0.9.4"],"gold_per_floor":[110,130,149,167,187,187,200,200,200,216,47,80,80,99,99,198,198,216,203,220,145,345,345,364,393,417,417,417,43,72,91,91,187,187,204,204,254,269,280,280,280],"floor_reached":40,"language":"ENG","playtime":3965,"items_purged":["Defend_B","Strike_B"],"score":454,"play_id":"8c4fcfd9-d464-4603-9fd3-320f5a5e7bff","local_time":"20210226215714","is_ascension_mode":true,"campfire_choices":[{"data":"Zap","floor":6,"key":"SMITH"},{"data":"ReplaySolidLightProjector","floor":8,"key":"SMITH"},{"data":"Defragment","floor":13,"key":"SMITH"},{"data":"Coolheaded","floor":15,"key":"SMITH"},{"floor":23,"key":"REST"},{"floor":28,"key":"REST"},{"floor":32,"key":"REST"}],"circlet_count":0,"master_deck":["Zap+1","Dualcast","Ball Lightning","Panic Button","ReplaySolidLightProjector+1","Chaos","Defragment+1","Bandage Up","Turbo","Coolheaded+1","CurseOfTheBell","Coolheaded+1","Seek","ReplayTheSpireMod:Repulse+1","Time Bomb","Skim","ReplayTheSpireMod:System Scan+1","Blizzard","Coolheaded","Electrodynamics+1","BasicCrystalCard+1","Machine Learning","ReplayTheSpireMod:Reroute Power","Madness","Madness","ReplayTheSpireMod:System Scan+1","Barrage+1"],"relics":["Cracked Core","Onion Ring","Bottled Flame","Calling Bell","Regal Pillow","Replay:WaspNest","Replay:PocketPolymizer","Prayer Wheel","Art of War","ReplayFunnel","Replay:Bottled Snecko","Empty Cage","Replay:Kaleidoscope"],"acts_visited":["Exordium","TheCity","TheBeyond"],"potions_floor_usage":[7,14,16,18,18,18,25,33,38,40,40,40],"damage_taken":[{"damage":4,"enemies":"Jaw Worm","floor":1,"turns":4},{"damage":1,"enemies":"Cultist","floor":2,"turns":3},{"damage":3,"enemies":"Small Slimes","floor":3,"turns":3},{"damage":9,"enemies":"Blue Slaver","floor":4,"turns":3},{"damage":4,"enemies":"Large Slime","floor":5,"turns":5},{"damage":0,"enemies":"3 Louse","floor":7,"turns":2},{"damage":7,"enemies":"Blue Slaver","floor":10,"turns":3},{"damage":22,"enemies":"3 Sentries","floor":12,"turns":5},{"damage":5,"enemies":"Looter","floor":14,"turns":3},{"damage":16,"enemies":"Hexaghost","floor":16,"turns":12},{"damage":44,"enemies":"Shell Parasite","floor":18,"turns":7},{"damage":12,"enemies":"2 Thieves","floor":19,"turns":4},{"damage":25,"enemies":"Centurion and Healer","floor":20,"turns":6},{"damage":0,"enemies":"Snecko","floor":24,"turns":5},{"damage":20,"enemies":"Replay:Snechameleon","floor":25,"turns":5},{"damage":15,"enemies":"Gremlin Leader","floor":30,"turns":8},{"damage":5,"enemies":"Cultist and Chosen","floor":31,"turns":4},{"damage":55,"enemies":"Collector","floor":33,"turns":9},{"damage":32,"enemies":"3 Darklings","floor":35,"turns":3},{"damage":6,"enemies":"Mind Bloom Boss Battle","floor":37,"turns":5},{"damage":3,"enemies":"3 Shapes","floor":38,"turns":1},{"damage":23,"enemies":"Writhing Mass","floor":39,"turns":3},{"damage":45,"enemies":"Nemesis","floor":40,"turns":2}],"seed_played":"5816677166969360103","potions_obtained":[{"floor":1,"key":"Swift Potion"},{"floor":2,"key":"GamblersBrew"},{"floor":10,"key":"Weak Potion"},{"floor":12,"key":"Ancient Potion"},{"floor":16,"key":"EntropicBrew"},{"floor":18,"key":"Dexterity Potion"},{"floor":20,"key":"FearPotion"},{"floor":25,"key":"Swift Potion"},{"floor":35,"key":"Swift Potion"},{"floor":39,"key":"EntropicBrew"}],"is_trial":false,"path_per_floor":["M","M","M","M","M","R","M","R","T","M","$","E","R","M","R","B",null,"M","M","M","?","?","R","M","E","T","?","R","$","E","M","R","B",null,"M","?","?","M","M","E"],"character_chosen":"DEFECT","items_purchased":["Bandage Up","Electrodynamics+1","ReplayFunnel"],"campfire_rested":3,"item_purchase_floors":[11,29,29],"current_hp_per_floor":[78,77,74,65,61,61,61,61,61,54,54,36,36,35,35,23,82,42,34,13,13,13,52,56,40,40,40,79,79,68,67,82,31,82,50,40,38,39,20,0,0],"gold":280,"neow_bonus":"TEN_PERCENT_HP_BONUS","is_daily":false,"chose_seed":false,"campfire_upgraded":4,"win_rate":0.0,"timestamp":1614405434,"path_taken":["M","M","M","M","M","R","M","R","T","M","$","E","R","M","R","BOSS","M","M","M","?","?","R","?","E","T","?","R","$","E","M","R","BOSS","M","?","?","M","M","E"],"items_purchased_type":["Card","Card","Relic"],"build_version":"2020-12-22","purchased_purges":2,"victory":false,"max_hp_per_floor":[82,82,82,82,82,82,82,82,82,82,82,82,82,82,82,82,82,82,82,82,82,82,82,82,82,82,82,82,82,82,82,82,82,82,82,82,82,82,82,82,82],"card_choices":[{"not_picked":["Rebound","Stack","Storm"],"picked":"SKIP","floor":1},{"not_picked":["Heatsinks","Redo"],"picked":"Ball Lightning","floor":2},{"not_picked":["Undo","Coolheaded"],"picked":"Panic Button","floor":3},{"not_picked":["Redo","Hello World"],"picked":"ReplaySolidLightProjector","floor":4},{"not_picked":["Go for the Eyes","Compile Driver","Redo"],"picked":"SKIP","floor":5},{"not_picked":["Go for the Eyes","ReplaySolidLightProjector"],"picked":"Chaos","floor":7},{"not_picked":["Sweeping Beam","Aggregate"],"picked":"Defragment","floor":10},{"not_picked":["Storm","Steam Power"],"picked":"Turbo","floor":12},{"not_picked":["Aggregate","Chill"],"picked":"Coolheaded","floor":14},{"not_picked":["Fission","ReplayRNGCard"],"picked":"ReplayTheSpireMod:Fabricate Wheel","floor":16},{"not_picked":["Reinforced Body+1","Cold Snap"],"picked":"Coolheaded+1","floor":18},{"not_picked":["Coolheaded","Force Field+1","Lockon"],"picked":"SKIP","floor":18},{"not_picked":["Hologram","Rebound+1"],"picked":"Seek","floor":19},{"not_picked":["Stack+1","Go for the Eyes","Static Discharge"],"picked":"SKIP","floor":19},{"not_picked":["Coolheaded+1","Blizzard"],"picked":"ReplayTheSpireMod:Repulse+1","floor":20},{"not_picked":["Panic Button","Compile Driver+1","Streamline"],"picked":"SKIP","floor":20},{"not_picked":["Sunder+1","Compile Driver"],"picked":"Skim","floor":24},{"not_picked":["Defragment","ReplayTheSpireMod:Calculation Training"],"picked":"ReplayTheSpireMod:System Scan+1","floor":24},{"not_picked":["Auto Shields+1","Melter","Heatsinks+1"],"picked":"SKIP","floor":25},{"not_picked":["Leap","Sunder"],"picked":"BasicCrystalCard+1","floor":30},{"not_picked":["FTL","Leap"],"picked":"Machine Learning","floor":31},{"not_picked":["Darkness","Conserve Battery","Auto Shields"],"picked":"SKIP","floor":31},{"not_picked":["Ball Lightning","Turbo+1","Rip and Tear"],"picked":"SKIP","floor":35},{"not_picked":["Sweeping Beam+1","Leap+1","Coolheaded"],"picked":"SKIP","floor":35},{"not_picked":["Gash","Steam"],"picked":"ReplayTheSpireMod:System Scan+1","floor":37},{"not_picked":["Ball Lightning","Stack"],"picked":"Barrage+1","floor":38},{"not_picked":["ReplayTheSpireMod:System Scan","Go for the Eyes+1","Leap+1"],"picked":"SKIP","floor":38},{"not_picked":["Creative AI","Conserve Battery","ReplayTheSpireMod:Repulse+1"],"picked":"SKIP","floor":39},{"not_picked":["Glacier","ReplayTheSpireMod:System Scan+1","Scrape+1"],"picked":"SKIP","floor":39}],"player_experience":272916,"relics_obtained":[{"floor":9,"key":"Onion Ring"},{"floor":12,"key":"Bottled Flame"},{"floor":17,"key":"Regal Pillow"},{"floor":17,"key":"Replay:WaspNest"},{"floor":17,"key":"Replay:PocketPolymizer"},{"floor":25,"key":"Art of War"},{"floor":30,"key":"Replay:Bottled Snecko"},{"floor":37,"key":"Replay:Kaleidoscope"}],"event_choices":[{"cards_removed":["Strike_B"],"damage_healed":0,"gold_gain":0,"player_choice":"Gave Gold","damage_taken":0,"max_hp_gain":0,"max_hp_loss":0,"event_name":"Beggar","floor":21,"gold_loss":75},{"damage_healed":0,"gold_gain":200,"player_choice":"Gold","damage_taken":0,"max_hp_gain":0,"max_hp_loss":0,"event_name":"Wheel of Change","floor":22,"gold_loss":0},{"damage_healed":0,"gold_gain":0,"player_choice":"Read","damage_taken":0,"max_hp_gain":0,"max_hp_loss":0,"event_name":"The Library","floor":27,"gold_loss":0,"cards_obtained":["Blizzard"]},{"damage_healed":0,"gold_gain":0,"player_choice":"Embrace Madness","damage_taken":10,"max_hp_gain":0,"max_hp_loss":0,"event_name":"Winding Halls","floor":36,"gold_loss":0,"cards_obtained":["Madness","Madness"]},{"damage_healed":0,"gold_gain":0,"player_choice":"Fight","damage_taken":0,"max_hp_gain":0,"max_hp_loss":0,"event_name":"MindBloom","floor":37,"gold_loss":0}],"is_beta":false,"boss_relics":[{"not_picked":["ReplayTheSpireMod:DimensionalGlitch","SacredBark"],"picked":"Calling Bell"},{"not_picked":["Fusion Hammer","Pandora\u0027s Box"],"picked":"Empty Cage"}],"items_purged_floors":[11,29],"is_endless":false,"potions_floor_spawned":[1,2,10,12,16,18,20,25,35,39],"killed_by":"Nemesis","ascension_level":1}}