{"host":"v9oq5ccz01n9mezq","time":1614457931,"event":{"mods":["BaseMod","Colored Map","Minty Spire (QoL Compilation)","Relic Stats"],"gold_per_floor":[112,125,142,142,161,161,180,207,276,303,316,346,346,114,114,217,217,235,250,350,272,290,318,318,345,397,397,397],"floor_reached":27,"language":"ENG","playtime":668,"items_purged":["Strike_R"],"score":327,"play_id":"522e9828-b6e2-4488-a544-752fd8b0c093","local_time":"20210227153211","is_ascension_mode":true,"campfire_choices":[{"data":"Twin Strike","floor":6,"key":"SMITH"},{"data":"Pummel","floor":13,"key":"SMITH"},{"data":"Spot Weakness","floor":15,"key":"SMITH"},{"data":"Rupture","floor":24,"key":"SMITH"}],"circlet_count":0,"master_deck":["Strike_R","Strike_R","Strike_R","Strike_R","Defend_R","Defend_R","Defend_R","Defend_R","Bash","Brutality","Cleave","Anger","Twin Strike+1","Rupture+1","Shrug It Off","Pummel+1","Spot Weakness+1","Immolate","Bludgeon","Uppercut+1","Burning Pact+1","Combust","Feel No Pain","Sword Boomerang+1"],"relics":["Burning Blood","StrikeDummy","Gremlin Horn","CaptainsWheel","Boot","Runic Pyramid","PreservedInsect","Pear","Bag of Marbles"],"acts_visited":["Exordium","TheCity"],"potions_floor_usage":[10,10,23],"damage_taken":[{"damage":0,"enemies":"2 Louse","floor":1,"turns":2},{"damage":15,"enemies":"Jaw Worm","floor":2,"turns":4},{"damage":1,"enemies":"Cultist","floor":3,"turns":3},{"damage":11,"enemies":"Red Slaver","floor":5,"turns":3},{"damage":24,"enemies":"Gremlin Gang","floor":7,"turns":5},{"damage":25,"enemies":"3 Sentries","floor":8,"turns":6},{"damage":2,"enemies":"Gremlin Nob","floor":10,"turns":3},{"damage":0,"enemies":"Lots of Slimes","floor":11,"turns":1},{"damage":41,"enemies":"Hexaghost","floor":16,"turns":6},{"damage":17,"enemies":"2 Thieves","floor":18,"turns":3},{"damage":0,"enemies":"Chosen","floor":19,"turns":3},{"damage":2,"enemies":"Snecko","floor":22,"turns":3},{"damage":43,"enemies":"Slavers","floor":23,"turns":3},{"damage":14,"enemies":"Book of Stabbing","floor":25,"turns":3},{"damage":58,"enemies":"Slavers","floor":27,"turns":2}],"seed_played":"3871006822607084056","potions_obtained":[{"floor":2,"key":"Ancient Potion"},{"floor":7,"key":"PowerPotion"},{"floor":8,"key":"Block Potion"},{"floor":18,"key":"AttackPotion"}],"is_trial":false,"path_per_floor":["M","M","M","?","M","R","M","E","T","E","M","?","R","$","R","B",null,"M","M","?","$","M","E","R","E","T","E"],"character_chosen":"IRONCLAD","items_purchased":["Immolate","Combust"],"campfire_rested":0,"item_purchase_floors":[14,21],"current_hp_per_floor":[80,71,76,81,76,76,58,39,39,43,49,49,49,49,49,14,85,74,80,80,80,84,47,47,49,49,0,0],"gold":397,"neow_bonus":"ONE_RANDOM_RARE_CARD","is_daily":false,"chose_seed":false,"campfire_upgraded":4,"win_rate":0.0,"timestamp":1614457931,"path_taken":["M","M","M","?","M","R","M","E","T","E","M","?","R","$","R","BOSS","M","M","?","?","?","E","R","E","T","E"],"items_purchased_type":["Card","Card"],"build_version":"2020-12-22","purchased_purges":1,"victory":false,"max_hp_per_floor":[80,80,80,85,85,85,85,85,85,85,85,85,85,85,85,85,85,85,85,85,85,85,85,85,95,95,95,95],"relic_stats":{"Gremlin Horn":[8,8],"counters":[15,50],"PreservedInsect":79,"Boot":[0],"obtain_stats":[{"CaptainsWheel":10,"Pear":25,"Gremlin Horn":9,"PreservedInsect":23,"Bag of Marbles":26,"StrikeDummy":8,"Boot":12,"Burning Blood":0,"Runic Pyramid":17},{"CaptainsWheel":7,"Pear":14,"Gremlin Horn":6,"PreservedInsect":13,"Bag of Marbles":14,"StrikeDummy":6,"Boot":8,"Burning Blood":0,"Runic Pyramid":9},{"CaptainsWheel":26,"Pear":48,"Gremlin Horn":23,"PreservedInsect":45,"Bag of Marbles":48,"StrikeDummy":23,"Boot":27,"Burning Blood":0,"Runic Pyramid":33}],"Burning Blood":78},"card_choices":[{"not_picked":["Clothesline","Metallicize"],"picked":"Cleave","floor":1},{"not_picked":["Second Wind","Ghostly Armor"],"picked":"Anger","floor":2},{"not_picked":["Perfected Strike","Cleave","Metallicize"],"picked":"SKIP","floor":3},{"not_picked":["Blood for Blood","Anger"],"picked":"Twin Strike","floor":5},{"not_picked":["Sword Boomerang","Wild Strike"],"picked":"Rupture","floor":7},{"not_picked":["Flex","Seeing Red"],"picked":"Shrug It Off","floor":8},{"not_picked":["Body Slam","Anger"],"picked":"Pummel","floor":10},{"not_picked":["Carnage","Headbutt"],"picked":"Spot Weakness","floor":11},{"not_picked":["Double Tap","Berserk"],"picked":"Bludgeon","floor":16},{"not_picked":["Clash","Heavy Blade"],"picked":"Uppercut+1","floor":18},{"not_picked":["Body Slam","Twin Strike"],"picked":"Burning Pact+1","floor":19},{"not_picked":["Fire Breathing","Shrug It Off"],"picked":"Feel No Pain","floor":22},{"not_picked":["Brutality","Twin Strike"],"picked":"Sword Boomerang+1","floor":23},{"not_picked":["Havoc","Searing Blow+1","Pommel Strike+1"],"picked":"SKIP","floor":25}],"player_experience":154482,"relics_obtained":[{"floor":8,"key":"StrikeDummy"},{"floor":9,"key":"Gremlin Horn"},{"floor":10,"key":"CaptainsWheel"},{"floor":23,"key":"PreservedInsect"},{"floor":25,"key":"Pear"},{"floor":26,"key":"Bag of Marbles"}],"event_choices":[{"damage_healed":0,"gold_gain":0,"player_choice":"Donut","damage_taken":0,"max_hp_gain":5,"max_hp_loss":0,"event_name":"Big Fish","floor":4,"gold_loss":0},{"damage_healed":0,"gold_gain":30,"player_choice":"Searched \u00272\u0027 times","damage_taken":0,"relics_obtained":["Boot"],"max_hp_gain":0,"max_hp_loss":0,"event_name":"Dead Adventurer","floor":12,"gold_loss":0},{"damage_healed":0,"gold_gain":100,"player_choice":"Pray","damage_taken":0,"max_hp_gain":0,"max_hp_loss":0,"event_name":"Golden Shrine","floor":20,"gold_loss":0}],"is_beta":false,"boss_relics":[{"not_picked":["Sozu","Runic Cube"],"picked":"Runic Pyramid"}],"items_purged_floors":[14],"is_endless":false,"potions_floor_spawned":[2,7,8,18],"killed_by":"Slavers","ascension_level":1}}