{"host":"zomvc55eewbqxhwb","time":1614433221,"event":{"mods":["ATMod(°¢èªMod)","Act Like it!","BaseMod","Conspire","Minty Spire (QoL Compilation)","MostiFishMod","Pale of the Ancients","Relic Stats","Replay The Spire","RumiaBox-Â¶Ã×æ«µÄÉñÃØºÐ×Ó","Shop Mod","StSLib","TestMod","[IsaacMod]ÒÔÈö¼âËþ","¡¾¹¦ÄÜMod¡¿»ìãçÖ®»·ÐÞ¸´²¹¶¡","¡¾ÒÅÎï¿¨ÅÆ¡¿REMEMod"],"gold_per_floor":[117,117,117,134,134,157,193,233,252,285,285,285,285,285,17,50,50,86,120,151,166,182,182,182,202,202,227,152,152,176,176,192,14,45,79,117,148,189,189,236,252,252,167,167,208,248,291,291,291,382,382,402,402,478,353,373,97,47,80,123,158,194,194,194,225,75,115,138,138,538,571,571,571,571,571,585,599,620,704,704,704,1271,1296,1296,697,697,697,697],"floor_reached":89,"language":"ZHS","playtime":4076,"items_purged":["Spot Weakness+1","REME_TheLastStrike+1","Fiend Fire+1","MostiFishMod:Chiaki+1","Midas Touch+1","MostiFishMod:DarkDeal+1"],"score":4727,"play_id":"a23bc7b2-e9d5-46d2-8aba-11a15b01883a","local_time":"20210227214021","daily_mods":["Heirloom","Flight"],"is_ascension_mode":true,"campfire_choices":[{"data":"Burning Pact","floor":11.0,"key":"SMITH"},{"data":"Midas Touch","floor":14.0,"key":"SMITH"},{"data":"Body Slam","floor":23.0,"key":"PURGE"},{"data":"Pommel Strike","floor":24.0,"key":"SMITH"},{"data":"Bloodletting","floor":42.0,"key":"SMITH"},{"floor":48.0,"key":"DIG"},{"data":"Shrug It Off","floor":49.0,"key":"SMITH"},{"floor":69.0,"key":"RECALL"},{"floor":72.0,"key":"DIG"},{"data":"MostiFishMod:UltimateDefense+1","floor":73.0,"key":"SMITH"},{"data":"MostiFishMod:UltimateDefense+2","floor":81,"key":"SMITH"},{"data":"Entrench","floor":84,"key":"SMITH"}],"circlet_count":0,"master_deck":["AT_RealColorLess+1","Shrug It Off+1","Burning Pact+1","MostiFishMod:OrdinaryWorld+1","Body Slam+1","MostiFishMod:UltimateDefense+3","REME_ACTH+1","Reaper+1","Barricade+1","Pommel Strike+1","Exhume+1","Bloodletting+1","Limit Break+1","MostiFishMod:RacingGame+1","Dark Embrace+1","Seeing Red+1","Fire Breathing+1","Power Through+1","Entrench+1"],"relics":["Burning Blood","DaveBox","HushsDoor","AT_ATBox","testmod-TestBox","REME_ComplimentaryCards","Chaos","BrkXgEgg","testmod-Prudence","Orichalcum","SynthV:TestCard","Baka2","Golden Idol","testmod-Hope","HandDrill","Lantern","Omamori","Incense Burner","TheBean","SumBook","PatriotShield","Bag of Marbles","BelialBook","DataDisk","Quantum Egg","AT_ImmortalShieldbow","BirthdayGift-Icosahedron","conspire:RunicOctahedron","King of Hearts","AT_BellowingDragoncrestRing","TwistedFunnel","MoneyPower","Leech","Toolbox","Philosopher\u0027s Stone","AT_ChloranthyRing","Champion Belt","MagicDraw1","Raider\u0027s Mask","ReplayTheSpireMod:Lightbulb","MyShadow","Du-Vu Doll","TimeFreeze","Counterbalance","Replay:Ringing Soul","DataDisk","Replay:Towering Pillar of Hats","Leech","Mango","SoulBox","paleoftheancients:Timepiece","paleoftheancients:KeyRelic","Anchor","Coffee Dripper","Gremlin Horn","paleoftheancients:SoulOfTheBard","Centennial Puzzle","Bird Faced Urn","Strawberry","Kunai","FeatherPendant"],"acts_visited":["TheCity","TheBeyond","paleoftheancients:PaleOfTheAncients"],"potions_floor_usage":[85],"damage_taken":[{"damage":7.0,"enemies":"Jaw Worm","floor":1.0,"turns":3.0},{"damage":0.0,"enemies":"conspire:RoseBush","floor":4.0,"turns":3.0},{"damage":1.0,"enemies":"Gremlin Nob","floor":7.0,"turns":2.0},{"damage":50.0,"enemies":"Replay:BlueRogue","floor":8.0,"turns":6.0},{"damage":6.0,"enemies":"Small Slimes","floor":9.0,"turns":5.0},{"damage":0.0,"enemies":"Lagavulin","floor":10.0,"turns":2.0},{"damage":0.0,"enemies":"Replay:BlueRogue","floor":16.0,"turns":3.0},{"damage":0.0,"enemies":"Lagavulin","floor":18.0,"turns":2.0},{"damage":0.0,"enemies":"Gremlin Nob","floor":19.0,"turns":3.0},{"damage":0.0,"enemies":"3 Sentries","floor":20.0,"turns":1.0},{"damage":0.0,"enemies":"Exordium Thugs","floor":21.0,"turns":2.0},{"damage":0.0,"enemies":"Exordium Wildlife","floor":22.0,"turns":2.0},{"damage":4.0,"enemies":"Slime Boss","floor":25.0,"turns":1.0},{"damage":3.0,"enemies":"2 Thieves","floor":27.0,"turns":2.0},{"damage":0.0,"enemies":"3 Byrds","floor":30.0,"turns":1.0},{"damage":6.0,"enemies":"conspire:HollyBat","floor":32.0,"turns":2.0},{"damage":0.0,"enemies":"conspire:Head Lice","floor":34.0,"turns":1.0},{"damage":0.0,"enemies":"Replay:Snechameleon","floor":35.0,"turns":1.0},{"damage":5.0,"enemies":"conspire:Head Lice","floor":36.0,"turns":1.0},{"damage":0.0,"enemies":"Gremlin Leader","floor":37.0,"turns":1.0},{"damage":0.0,"enemies":"Book of Stabbing","floor":38.0,"turns":1.0},{"damage":0.0,"enemies":"Snake Plant","floor":41.0,"turns":1.0},{"damage":0.0,"enemies":"conspire:Head Lice","floor":45.0,"turns":1.0},{"damage":0.0,"enemies":"Snecko","floor":46.0,"turns":1.0},{"damage":0.0,"enemies":"conspire:SneckoGhost","floor":47.0,"turns":1.0},{"damage":0.0,"enemies":"Pondfish","floor":50.0,"turns":1.0},{"damage":0.0,"enemies":"3 Darklings","floor":52.0,"turns":1.0},{"damage":0.0,"enemies":"Orb Walker","floor":56.0,"turns":1.0},{"damage":0.0,"enemies":"Reptomancer","floor":59.0,"turns":1.0},{"damage":0.0,"enemies":"Giant Head","floor":60.0,"turns":1.0},{"damage":0.0,"enemies":"R_Hoarder","floor":61.0,"turns":2.0},{"damage":0.0,"enemies":"Giant Head","floor":62.0,"turns":1.0},{"damage":0.0,"enemies":"Reptomancer","floor":65.0,"turns":1.0},{"damage":0.0,"enemies":"Giant Head","floor":67.0,"turns":1.0},{"damage":0.0,"enemies":"4 Shapes","floor":68.0,"turns":1.0},{"damage":0.0,"enemies":"R_Hoarder","floor":71.0,"turns":1.0},{"damage":0.0,"enemies":"Time Eater","floor":74.0,"turns":3.0},{"damage":0.0,"enemies":"Donu and Deca","floor":75.0,"turns":1.0},{"damage":0,"enemies":"","floor":76,"turns":1},{"damage":0,"enemies":"","floor":77,"turns":1},{"damage":0,"enemies":"","floor":78,"turns":1},{"damage":0,"enemies":"","floor":82,"turns":1},{"damage":0,"enemies":"","floor":83,"turns":1},{"damage":0,"enemies":"Delirium","floor":88,"turns":1}],"seed_played":"-5347797469946935017","potions_obtained":[{"floor":4.0,"key":"Fire Potion"},{"floor":9.0,"key":"ElixirPotion"},{"floor":10.0,"key":"testmod-TestPotion"},{"floor":19.0,"key":"Adrenaline Potion"},{"floor":37.0,"key":"REME_GoldPotion"},{"floor":45.0,"key":"Strength Potion"},{"floor":46.0,"key":"ColorlessPotion"},{"floor":50.0,"key":"DuplicationPotion"},{"floor":54.0,"key":"Reflective Coating"},{"floor":82,"key":"Fire Potion"}],"is_trial":true,"path_per_floor":["M","?","?","M","?","T","E","E","M","E","R","T","T","R","$","E","?","E","E","E","M","M","R","R","B",null,"M","$","T","M","?","M","$","E","E","E","E","E","T","T","M","R","?","?","E","M","E","R","R","B",null,"M","?","?","$","M","$","?","E","E","E","E","T","T","E","$","E","M","R","?","E","R","R","B","B","M","M","M","?","$","R","M","M","R","$","T","?","B",null],"character_chosen":"IRONCLAD","items_purchased":["SumBook","Bloodletting","MagicDraw1","Strawberry","Kunai","BloodPotion","REME_GoldPotion","Weak Potion"],"campfire_rested":0,"item_purchase_floors":[15,33,57,85,85,85,85,85],"current_hp_per_floor":[67,67,60,66,66,66,68,30,30,36,36,36,36,36,36,42,27,68,60,75,75,75,75,75,75,70,70,70,70,79,79,82,82,82,82,82,82,82,82,82,82,82,82,77,82,82,82,82,82,88,81,81,66,40,40,81,81,81,81,81,81,81,81,81,81,81,81,81,81,81,98,98,98,105,105,105,97,107,92,92,92,119,122,122,129,129,129,129],"gold":697,"neow_bonus":"","is_daily":false,"chose_seed":false,"campfire_upgraded":8,"win_rate":0.0,"timestamp":1614433221,"path_taken":["M","?","?","?","?","?","E","E","M","E","R","T","T","R","?","E","?","E","E","E","?","M","R","R","BOSS","M","$","?","M","?","M","$","E","E","E","E","E","T","T","M","R","?","?","E","?","E","R","R","BOSS","M","?","?","$","M","?","?","E","E","E","E","T","T","E","$","E","?","R","?","E","R","R","BOSS","BOSS","M","M","M","?","$","R","M","M","R","$","T","?","BOSS"],"items_purchased_type":["Relic","Card","Relic","Relic","Relic","Potion","Potion","Potion"],"build_version":"2020-12-22","purchased_purges":6,"victory":true,"max_hp_per_floor":[75,75,75,75,68,68,68,68,68,68,68,68,68,68,68,68,68,68,75,75,75,75,75,75,75,70,70,70,70,79,79,82,82,82,82,82,82,82,82,82,82,82,82,82,82,82,82,82,82,88,81,81,81,81,81,81,81,81,81,81,81,81,81,81,81,81,81,81,81,81,98,98,98,105,105,105,119,119,119,119,119,119,122,122,129,129,129,129],"relic_stats":{"Centennial Puzzle":[0],"Gremlin Horn":[0,9],"counters":[44,71],"Golden Idol":447,"Bird Faced Urn":[0],"HandDrill":[24],"Champion Belt":[32],"Kunai":[3],"Orichalcum":[24],"obtain_stats":[{"Chaos":0,"TwistedFunnel":39,"PatriotShield":16,"AT_ATBox":0,"Gremlin Horn":75,"SoulBox":72,"BirthdayGift-Icosahedron":29,"Raider\u0027s Mask":59,"Leech":43,"MagicDraw1":57,"Replay:Ringing Soul":65,"Baka2":4,"Centennial Puzzle":82,"testmod-Prudence":0,"TheBean":13,"Strawberry":85,"Philosopher\u0027s Stone":48,"MyShadow":61,"HandDrill":8,"Kunai":85,"KeepersGift":0,"paleoftheancients:KeyRelic":75,"testmod-TestBox":0,"Counterbalance":64,"BelialBook":18,"MoneyPower":40,"TimeFreeze":63,"Du-Vu Doll":62,"paleoftheancients:Timepiece":75,"Bird Faced Urn":82,"HushsDoor":0,"Lantern":9,"DaveBox":0,"Mango":71,"King of Hearts":37,"Incense Burner":12,"paleoftheancients:SoulOfTheBard":77,"Burning Blood":0,"Toolbox":45,"SumBook":15,"AT_ChloranthyRing":51,"Replay:Towering Pillar of Hats":67,"Golden Idol":5,"Quantum Egg":20,"conspire:RunicOctahedron":34,"BrkXgEgg":0,"Baka":1,"Omamori":10,"Orichalcum":0,"AT_ImmortalShieldbow":26,"DataDisk":19,"Anchor":75,"SynthV:TestCard":1,"AT_BellowingDragoncrestRing":38,"FeatherPendant":86,"testmod-Hope":7,"Bag of Marbles":17,"Coffee Dripper":75,"Champion Belt":53,"ReplayTheSpireMod:Lightbulb":60,"REME_ComplimentaryCards":0},{"Chaos":0,"TwistedFunnel":21,"PatriotShield":7,"AT_ATBox":0,"Gremlin Horn":38,"SoulBox":36,"BirthdayGift-Icosahedron":14,"Raider\u0027s Mask":29,"Leech":22,"MagicDraw1":28,"Replay:Ringing Soul":33,"Baka2":2,"Centennial Puzzle":42,"testmod-Prudence":0,"TheBean":6,"Strawberry":43,"Philosopher\u0027s Stone":25,"MyShadow":31,"HandDrill":4,"Kunai":43,"KeepersGift":0,"paleoftheancients:KeyRelic":38,"testmod-TestBox":0,"Counterbalance":32,"BelialBook":8,"MoneyPower":21,"TimeFreeze":32,"Du-Vu Doll":32,"paleoftheancients:Timepiece":38,"Bird Faced Urn":42,"HushsDoor":0,"Lantern":5,"DaveBox":0,"Mango":36,"King of Hearts":20,"Incense Burner":6,"paleoftheancients:SoulOfTheBard":40,"Burning Blood":0,"Toolbox":23,"SumBook":6,"AT_ChloranthyRing":26,"Replay:Towering Pillar of Hats":34,"Golden Idol":2,"Quantum Egg":10,"conspire:RunicOctahedron":17,"BrkXgEgg":0,"Baka":1,"Omamori":6,"Orichalcum":0,"AT_ImmortalShieldbow":13,"DataDisk":9,"Anchor":38,"SynthV:TestCard":1,"AT_BellowingDragoncrestRing":21,"FeatherPendant":43,"testmod-Hope":3,"Bag of Marbles":7,"Coffee Dripper":38,"Champion Belt":27,"ReplayTheSpireMod:Lightbulb":30,"REME_ComplimentaryCards":0},{"Chaos":0,"TwistedFunnel":45,"PatriotShield":24,"AT_ATBox":0,"Gremlin Horn":65,"SoulBox":61,"BirthdayGift-Icosahedron":37,"Raider\u0027s Mask":53,"Leech":46,"MagicDraw1":52,"Replay:Ringing Soul":58,"Baka2":6,"Centennial Puzzle":69,"testmod-Prudence":0,"TheBean":21,"Strawberry":70,"Philosopher\u0027s Stone":49,"MyShadow":56,"HandDrill":14,"Kunai":70,"KeepersGift":0,"paleoftheancients:KeyRelic":65,"testmod-TestBox":0,"Counterbalance":57,"BelialBook":26,"MoneyPower":45,"TimeFreeze":57,"Du-Vu Doll":57,"paleoftheancients:Timepiece":65,"Bird Faced Urn":69,"HushsDoor":0,"Lantern":19,"DaveBox":0,"Mango":61,"King of Hearts":44,"Incense Burner":21,"paleoftheancients:SoulOfTheBard":67,"Burning Blood":0,"Toolbox":47,"SumBook":21,"AT_ChloranthyRing":50,"Replay:Towering Pillar of Hats":59,"Golden Idol":6,"Quantum Egg":30,"conspire:RunicOctahedron":41,"BrkXgEgg":0,"Baka":3,"Omamori":21,"Orichalcum":0,"AT_ImmortalShieldbow":35,"DataDisk":29,"Anchor":65,"SynthV:TestCard":3,"AT_BellowingDragoncrestRing":45,"FeatherPendant":70,"testmod-Hope":8,"Bag of Marbles":24,"Coffee Dripper":65,"Champion Belt":51,"ReplayTheSpireMod:Lightbulb":54,"REME_ComplimentaryCards":0}],"Burning Blood":70},"card_choices":[{"not_picked":["Havoc","ReplayTheSpireMod:Muscle Training"],"picked":"Shrug It Off","floor":1.0},{"not_picked":["Wild Strike","Warcry","Clash","Havoc","Thunderclap"],"picked":"SKIP","floor":4.0},{"not_picked":["Rage","conspire:Charge","Armaments","Life Link"],"picked":"Burning Pact","floor":7.0},{"not_picked":["AT_IchimonjiDouble","Dropkick","Inflame","Second Wind"],"picked":"Body Slam","floor":8.0},{"not_picked":["Havoc","Cleave","Sentinel","Body Slam"],"picked":"MostiFishMod:OrdinaryWorld+1","floor":9.0},{"not_picked":["Eclipse+1","REME_SingleHolding","Iron Wave","Twin Strike","Run Through"],"picked":"SKIP","floor":10.0},{"not_picked":["Run Through","ReplayReversal","Shrug It Off","Evolve"],"picked":"Pommel Strike","floor":16.0},{"not_picked":["Twin Strike","MostiFishMod:RainCloud+1","Pommel Strike","Whirlwind","Heavy Blade"],"picked":"SKIP","floor":18.0},{"not_picked":["Headbutt","Inflame","Iron Wave","AT_DrawKnifeCut","AT_IchimonjiDouble"],"picked":"SKIP","floor":19.0},{"not_picked":["Headbutt","Inflame","Iron Wave","AT_DrawKnifeCut","AT_IchimonjiDouble"],"picked":"SKIP","floor":19.0},{"not_picked":["Shrug It Off","Run Through","REME_Cut","Clothesline"],"picked":"Exhume+1","floor":20.0},{"not_picked":["Thunderclap","Feel No Pain","Replay:Undeath\u0027s Touch","Iron Wave"],"picked":"Burning Pact","floor":21.0},{"not_picked":["Warcry","Iron Wave","Heavy Blade","AT_BodySlamDance","Armaments"],"picked":"SKIP","floor":21.0},{"not_picked":["Flex","conspire:HitWhereItHurts+1","Defy Death","Heavy Blade","ReplayTheSpireMod:Muscle Training"],"picked":"SKIP","floor":21.0},{"not_picked":["Clothesline","Perfected Strike","Flex","Evolve","Disarm"],"picked":"SKIP","floor":21.0},{"not_picked":["Flex","Rampage","Life Link","Warcry","Havoc"],"picked":"SKIP","floor":22.0},{"not_picked":["Flex","Sword Boomerang","Warcry","Iron Wave","Headbutt"],"picked":"SKIP","floor":27.0},{"not_picked":["conspire:ExplosiveBarrier","Armaments","ReplayTheSpireMod:Strike From Hell","Twin Strike+1","Searing Blow"],"picked":"SKIP","floor":30.0},{"not_picked":["Cleave","Dual Wield+1","Heavy Blade","Wild Strike+1","Sword Boomerang"],"picked":"SKIP","floor":32.0},{"not_picked":["MostiFishMod:DoubleSword+1","MostiFishMod:BrandingRite","Ghostly Armor","Wild Strike","Headbutt"],"picked":"SKIP","floor":34.0},{"not_picked":["Rampage","Shrug It Off","AT_IchimonjiDouble","Perfected Strike","Wild Strike"],"picked":"SKIP","floor":35.0},{"not_picked":["Corruption+1","Juggernaut+1","Abandon","Thunderclap+1","MostiFishMod:#F4004+1"],"picked":"SKIP","floor":36.0},{"not_picked":["ReplayTheSpireMod:Limb From Limb","Cleave","Searing Blow","Shockwave","MostiFishMod:FlyOverUtopia+1"],"picked":"SKIP","floor":37.0},{"not_picked":["Iron Wave","Cleave","Headbutt","Ghostly Armor","Wild Strike"],"picked":"SKIP","floor":38.0},{"not_picked":["Anger","Spot Weakness","Replay:Undeath\u0027s Touch","ReplayTheSpireMod:Stacked"],"picked":"Limit Break+1","floor":41.0},{"not_picked":["Flex","Body Slam","MostiFishMod:WingOfPhoenix+1","Thunderclap"],"picked":"MostiFishMod:RacingGame+1","floor":45.0},{"not_picked":["Perfected Strike","Massacre","Havoc","Sword Boomerang","Anger"],"picked":"SKIP","floor":46.0},{"not_picked":["Ghostly Armor+1","conspire:Charge","ReplayTheSpireMod:Corrosion Curse","ReplayTheSpireMod:Strike From Hell+1","Carnage"],"picked":"SKIP","floor":47.0},{"not_picked":["Armaments","Infernal Blade","Ghostly Armor+1","Intimidate","Thunderclap"],"picked":"SKIP","floor":52.0},{"not_picked":["Bloodletting+1","Shrug It Off","Clothesline","Run Through"],"picked":"Dark Embrace","floor":54.0},{"not_picked":["MostiFishMod:Mania+1","Flame Barrier","Armaments","Replay:Undeath\u0027s Touch","Flex"],"picked":"SKIP","floor":56.0},{"not_picked":["Anger+1","Flex+1","Replay:Undeath\u0027s Touch+1","Berserk+1","Sentinel"],"picked":"SKIP","floor":59.0},{"not_picked":["Run Through+1","Heavy Blade","Defy Death","Body Slam","MostiFishMod:#F4004"],"picked":"SKIP","floor":60.0},{"not_picked":["AT_CaressingTears","Anger","conspire:ExplosiveBarrier","Sentinel","MostiFishMod:BrandingRite"],"picked":"SKIP","floor":61.0},{"not_picked":["AT_DrawKnifeCut+1","ReplayTheSpireMod:LeadingStrike","Intimidate","Perfected Strike","ReplayTheSpireMod:Strike From Hell"],"picked":"SKIP","floor":62.0},{"not_picked":["conspire:Charge","Massacre","Clothesline","MostiFishMod:FlyOverUtopia+1","Pummel"],"picked":"SKIP","floor":65.0},{"not_picked":["MostiFishMod:KnuckleDown+1","Inflame+1","Armaments","Shrug It Off","Havoc"],"picked":"SKIP","floor":67.0},{"not_picked":["AT_DrawKnifeCut","Clothesline","Whirlwind","Perfected Strike","Headbutt+1"],"picked":"SKIP","floor":68.0},{"not_picked":["True Grit","Uppercut+1","Demonic Infusion+1","Sword Boomerang"],"picked":"Seeing Red+1","floor":71.0},{"not_picked":["Havoc","Armaments","Heavy Blade","Twin Strike","Body Slam"],"picked":"SKIP","floor":76},{"not_picked":["Run Through+1","Anger","Thunderclap","Cleave"],"picked":"Power Through+1","floor":77},{"not_picked":["ReplayTheSpireMod:LeadingStrike+1","Rampage+1","Body Slam+1","AT_BodySlamDance","Flex"],"picked":"SKIP","floor":78},{"not_picked":["Inflame","Abandon+1","ReplayTheSpireMod:Stacked","REME_Scribble+1","Clothesline"],"picked":"SKIP","floor":82},{"not_picked":["Replay:Undeath\u0027s Touch","Heavy Blade","Sword Boomerang","Iron Wave+1","Rampage+1"],"picked":"SKIP","floor":82},{"not_picked":["AT_DiedThrough","Feel No Pain","Body Slam","Clash","Reckless Charge"],"picked":"SKIP","floor":82},{"not_picked":["Rage","AT_ManFootWork","REME_Scribble","REME_SingleHolding","MostiFishMod:BrandingRite"],"picked":"SKIP","floor":82},{"not_picked":["Iron Wave+1","Reckless Charge","REME_Scribble","Wild Strike"],"picked":"Entrench","floor":83}],"player_experience":2658939,"relics_obtained":[{"floor":1.0,"key":"Baka"},{"floor":1.0,"key":"SynthV:TestCard"},{"floor":4.0,"key":"Baka2"},{"floor":7.0,"key":"testmod-Hope"},{"floor":8.0,"key":"HandDrill"},{"floor":9.0,"key":"Lantern"},{"floor":10.0,"key":"Omamori"},{"floor":12.0,"key":"Incense Burner"},{"floor":13.0,"key":"TheBean"},{"floor":16.0,"key":"PatriotShield"},{"floor":18.0,"key":"BelialBook"},{"floor":19.0,"key":"DataDisk"},{"floor":20.0,"key":"Quantum Egg"},{"floor":29.0,"key":"BirthdayGift-Icosahedron"},{"floor":34.0,"key":"conspire:RunicOctahedron"},{"floor":37.0,"key":"King of Hearts"},{"floor":38.0,"key":"AT_BellowingDragoncrestRing"},{"floor":39.0,"key":"TwistedFunnel"},{"floor":40.0,"key":"MoneyPower"},{"floor":45.0,"key":"Toolbox"},{"floor":48.0,"key":"Philosopher\u0027s Stone"},{"floor":59.0,"key":"Raider\u0027s Mask"},{"floor":60.0,"key":"ReplayTheSpireMod:Lightbulb"},{"floor":61.0,"key":"MyShadow"},{"floor":61.0,"key":"testmod-TestBox"},{"floor":62.0,"key":"Du-Vu Doll"},{"floor":63.0,"key":"TimeFreeze"},{"floor":64.0,"key":"Counterbalance"},{"floor":65.0,"key":"Replay:Ringing Soul"},{"floor":67.0,"key":"DataDisk"},{"floor":67.0,"key":"Replay:Towering Pillar of Hats"},{"floor":71.0,"key":"Leech"},{"floor":71.0,"key":"Mango"},{"floor":72.0,"key":"SoulBox"},{"floor":77,"key":"paleoftheancients:SoulOfTheBard"},{"floor":78,"key":"paleoftheancients:SoulOfTheShowman"},{"floor":82,"key":"Centennial Puzzle"},{"floor":82,"key":"Bird Faced Urn"},{"floor":83,"key":"paleoftheancients:SoulOfTheBandit"},{"floor":86,"key":"FeatherPendant"}],"event_choices":[{"cards_removed":["Strike_R"],"damage_healed":0.0,"max_hp_gain":0.0,"max_hp_loss":0.0,"gold_gain":0.0,"event_name":"Golden Wing","player_choice":"Card Removal","floor":3.0,"gold_loss":0.0,"damage_taken":7.0},{"damage_healed":0.0,"max_hp_gain":0.0,"max_hp_loss":7.0,"gold_gain":0.0,"event_name":"Golden Idol","player_choice":"Lose Max HP","floor":5.0,"gold_loss":0.0,"damage_taken":0.0,"relics_obtained":["Golden Idol"]},{"damage_healed":0.0,"max_hp_gain":0.0,"max_hp_loss":0.0,"gold_gain":0.0,"event_name":"Addict","player_choice":"Obtained Relic","floor":43.0,"gold_loss":85.0,"damage_taken":0.0,"relics_obtained":["Leech"]},{"damage_healed":0.0,"max_hp_gain":0.0,"max_hp_loss":0.0,"gold_gain":0.0,"event_name":"conspire:Investor","player_choice":"Leave","floor":44.0,"gold_loss":0.0,"damage_taken":0.0},{"damage_healed":0.0,"max_hp_gain":0.0,"max_hp_loss":0.0,"gold_gain":0.0,"event_name":"Designer","player_choice":"Upgrade","floor":58.0,"gold_loss":50.0,"damage_taken":0.0,"cards_upgraded":["Dark Embrace"]},{"damage_healed":0.0,"max_hp_gain":0.0,"max_hp_loss":0.0,"gold_gain":400.0,"event_name":"¶÷ÂåË¹µÄÅÌ×Ó","player_choice":"Sell","floor":70.0,"relics_lost":["testmod-TestBox"],"gold_loss":0.0,"damage_taken":0.0}],"is_beta":false,"boss_relics":[{"not_picked":["testmod-BouquetWithThorns","Pen Nib"],"picked":"AT_ImmortalShieldbow"},{"not_picked":[]},{"not_picked":["Paper Frog","Sundial"],"picked":"AT_ChloranthyRing"},{"not_picked":[]}],"items_purged_floors":[26,28,33,51,55,66],"is_endless":false,"potions_floor_spawned":[4,9,10,19,21,25,34,37,45,46,47,50,56,60,61,62,67,76,77],"ascension_level":20}}