{"host":"i2ieyndca3ivj85d","time":1614415765,"event":{"mods":["BaseMod","Library of Ruina","Library of Ruina Extra","Minty Spire (QoL Compilation)","Quick Restart","StSLib"],"gold_per_floor":[144,189,189,234,234,324,324,369,394,484,484,484,159,234,234,534,534,579,579,624,624,669,669,19,19,19,109,109,199,199,199,199,499,499,499,499],"floor_reached":35,"language":"ZHS","playtime":1501,"items_purged":["Defend_P","Pain"],"score":524,"play_id":"e6500bbb-af96-431e-93d7-0a6ee8d4fdf5","local_time":"20210227164925","daily_mods":["Cursed Run","Diverse","Midas"],"is_ascension_mode":false,"campfire_choices":[{"floor":7.0,"key":"REST"},{"floor":15.0,"key":"REST"},{"floor":23,"key":"REST"},{"floor":25,"key":"REST"},{"floor":32,"key":"REST"}],"circlet_count":0,"master_deck":["Strike_P+1","Strike_P","Strike_P","Defend_P+1","Defend_P","Defend_P","Eruption","Vigilance","Unlock1","Dagger Throw","Anger","FollowUp+1","Normality","Injury"],"relics":["Cursed Key","Darkstone Periapt","Du-Vu Doll","PageOfBigBird","Strawberry","Juzu Bracelet","PageOfGreed","PageOfBlackSwan","PageOfWizard","Pen Nib","Toolbox","PageOfTheQueenOfHatred","PageOfTheKnightOfDespair","Singing Bowl","PageOfWrath","Philosopher\u0027s Stone"],"acts_visited":["Exordium","TheCity","TheBeyond"],"potions_floor_usage":[22],"damage_taken":[{"damage":0.0,"enemies":"Small Slimes","floor":1.0,"turns":3.0},{"damage":8.0,"enemies":"Cultist","floor":2.0,"turns":5.0},{"damage":0.0,"enemies":"2 Louse","floor":4.0,"turns":2.0},{"damage":14.0,"enemies":"3 Sentries","floor":6.0,"turns":12.0},{"damage":0.0,"enemies":"Large Slime","floor":8.0,"turns":9.0},{"damage":5.0,"enemies":"Gremlin Nob","floor":10.0,"turns":3.0},{"damage":17.0,"enemies":"The Guardian","floor":16.0,"turns":11.0},{"damage":2.0,"enemies":"Spheric Guardian","floor":18.0,"turns":3.0},{"damage":2.0,"enemies":"Shell Parasite","floor":20.0,"turns":5.0},{"damage":24,"enemies":"Centurion and Healer","floor":22,"turns":3},{"damage":25,"enemies":"Book of Stabbing","floor":27,"turns":6},{"damage":25,"enemies":"Gremlin Leader","floor":29,"turns":2},{"damage":5,"enemies":"KingOfGreed","floor":33,"turns":6},{"damage":117,"enemies":"3 Shapes","floor":35,"turns":3}],"seed_played":"-2463471341485849212","potions_obtained":[{"floor":1.0,"key":"BlessingOfTheForge"},{"floor":4.0,"key":"LiquidBronze"},{"floor":6.0,"key":"SpeedPotion"},{"floor":20.0,"key":"FearPotion"},{"floor":22,"key":"FearPotion"},{"floor":33,"key":"DistilledChaos"}],"is_trial":false,"path_per_floor":["M","M","?","M","?","E","R","M","T","E","?","?","$","?","R","B",null,"M","?","M","?","M","R","$","R","T","E","?","E","?","?","R","B",null,"M"],"character_chosen":"WATCHER","items_purchased":["PageOfGreed","PageOfWizard","Pen Nib","Toolbox"],"campfire_rested":5,"item_purchase_floors":[13,24,24,24],"current_hp_per_floor":[72,64,64,64,50,36,57,57,70,65,65,65,65,54,79,68,91,89,71,69,69,45,73,73,96,102,77,77,54,54,54,85,88,112,0,0],"gold":499,"neow_bonus":"","is_daily":true,"chose_seed":false,"campfire_upgraded":0,"win_rate":0.0,"timestamp":1614415765,"path_taken":["M","M","?","M","?","E","R","M","T","E","?","?","?","?","R","BOSS","M","?","M","?","M","R","$","R","T","E","?","E","?","?","R","BOSS","M"],"items_purchased_type":["Relic","Relic","Relic","Relic"],"build_version":"2020-12-22","purchased_purges":2,"victory":false,"max_hp_per_floor":[72,72,72,72,72,72,72,72,85,85,85,85,85,85,85,91,91,91,96,96,96,96,96,96,96,102,102,102,104,104,104,104,112,112,112,112],"card_choices":[{"not_picked":["Tactician","EmptyFist","CarveReality"],"picked":"SKIP","floor":1.0},{"not_picked":["BiteOff","AsThePrescriptOrders"],"picked":"Unlock1","floor":2.0},{"not_picked":["Redo","OpportunitySpotted","FlyingSleeves"],"picked":"SKIP","floor":4.0},{"not_picked":["VioletBlade","EnergyShield","QuickSuppression"],"picked":"SKIP","floor":6.0},{"not_picked":["WillProduceFineSilk","HardRehearsal","Outburst"],"picked":"SKIP","floor":8.0},{"not_picked":["GreatSerpentsImpact","FlashOfSunup","Diversion"],"picked":"SKIP","floor":10.0},{"not_picked":["Loop","Steam Power","ShrineToMusic"],"picked":"SKIP","floor":18.0},{"not_picked":["Sanctity","BackstreetsDash","GrazeTheGrass"],"picked":"SKIP","floor":20.0},{"not_picked":["StrongStrike","EnergyShield+1"],"picked":"FollowUp+1","floor":22},{"not_picked":["Searing Blow","TraceOfFumes","Tempest"],"picked":"SKIP","floor":27},{"not_picked":["Searing Blow","TraceOfFumes","Tempest"],"picked":"SKIP","floor":27},{"not_picked":["Duel_lor","Dagger Spray","UndertakePrescript"],"picked":"Singing Bowl","floor":29},{"not_picked":["Brilliance","Rainbow","Storm of Steel"],"picked":"Singing Bowl","floor":33}],"player_experience":189087,"relics_obtained":[{"floor":6.0,"key":"PageOfBigBird"},{"floor":9.0,"key":"Strawberry"},{"floor":10.0,"key":"Juzu Bracelet"},{"floor":26,"key":"PageOfTheQueenOfHatred"},{"floor":27,"key":"PageOfTheKnightOfDespair"},{"floor":29,"key":"PageOfWrath"}],"event_choices":[{"cards_removed":["Strike_P"],"damage_healed":0.0,"max_hp_gain":0.0,"max_hp_loss":0.0,"gold_gain":0.0,"event_name":"Living Wall","player_choice":"Forget","floor":3.0,"gold_loss":0.0,"damage_taken":0.0},{"damage_healed":0.0,"max_hp_gain":0.0,"max_hp_loss":0.0,"gold_gain":0.0,"event_name":"Shining Light","player_choice":"Entered Light","floor":5.0,"gold_loss":0.0,"damage_taken":14.0,"cards_upgraded":["Defend_P","Strike_P"]},{"damage_healed":0.0,"max_hp_gain":0.0,"max_hp_loss":0.0,"gold_gain":0.0,"event_name":"Match and Keep!","player_choice":"1 cards matched","floor":11.0,"gold_loss":0.0,"damage_taken":0.0,"cards_obtained":["Dagger Throw"]},{"cards_removed":["Writhe"],"damage_healed":0.0,"max_hp_gain":0.0,"max_hp_loss":0.0,"gold_gain":0.0,"event_name":"Purifier","player_choice":"Purged","floor":12.0,"gold_loss":0.0,"damage_taken":0.0},{"damage_healed":0.0,"max_hp_gain":0.0,"max_hp_loss":0.0,"gold_gain":75.0,"event_name":"World of Goop","player_choice":"Gather Gold","floor":14.0,"gold_loss":0.0,"damage_taken":11.0},{"damage_healed":0.0,"max_hp_gain":5.0,"max_hp_loss":0.0,"gold_gain":0.0,"event_name":"Forgotten Altar","player_choice":"Shed Blood","floor":19.0,"gold_loss":0.0,"damage_taken":23.0},{"damage_healed":0,"gold_gain":0,"player_choice":"Read","damage_taken":0,"max_hp_gain":0,"max_hp_loss":0,"event_name":"The Library","floor":21,"gold_loss":0,"cards_obtained":["Anger"]},{"damage_healed":0,"gold_gain":0,"player_choice":"Opened","damage_taken":0,"relics_obtained":["Singing Bowl"],"max_hp_gain":0,"max_hp_loss":0,"event_name":"The Mausoleum","floor":28,"gold_loss":0},{"damage_healed":0,"gold_gain":0,"player_choice":"Ignored","damage_taken":0,"max_hp_gain":0,"max_hp_loss":0,"event_name":"Ghosts","floor":30,"gold_loss":0},{"damage_healed":0,"gold_gain":0,"player_choice":"0 cards matched","damage_taken":0,"max_hp_gain":0,"max_hp_loss":0,"event_name":"Match and Keep!","floor":31,"gold_loss":0,"cards_obtained":[]}],"is_beta":false,"boss_relics":[{"not_picked":["Velvet Choker","Snecko Eye"],"picked":"PageOfBlackSwan"},{"not_picked":["Black Star","Empty Cage"],"picked":"Philosopher\u0027s Stone"}],"items_purged_floors":[13,24],"is_endless":false,"potions_floor_spawned":[1,4,6,20,22,33],"killed_by":"3 Shapes","ascension_level":0}}