{"host":"jt67skv49snb75sm","time":1614422326,"event":{"mods":["BaseMod","Bestiary","Minty Spire (QoL Compilation)","Relic Stats"],"gold_per_floor":[116,129,129,16,16,16,349,314,314,334,369,369,383,410,410,486,486,498,498,511,511,511],"floor_reached":21,"language":"ENG","playtime":772,"items_purged":[],"score":530,"play_id":"a3fb2fae-d72c-484e-a5d4-c48f0957be76","local_time":"20210227113846","is_ascension_mode":true,"campfire_choices":[{"data":"Eruption","floor":6.0,"key":"SMITH"},{"data":"CrushJoints","floor":12,"key":"SMITH"},{"data":"BowlingBash","floor":15,"key":"SMITH"}],"circlet_count":0,"master_deck":["AscendersBane","Strike_P","Strike_P","Strike_P","Defend_P","Defend_P+1","Defend_P","Defend_P+1","Eruption+1","Vigilance+1","FlurryOfBlows","CarveReality","Tantrum","BowlingBash+1","Omniscience","FollowUp","CrushJoints+1","ThirdEye","WaveOfTheHand+1","ConjureBlade","CutThroughFate","Necronomicurse","ThirdEye"],"relics":["PureWater","Old Coin","Mercury Hourglass","Boot","War Paint","Runic Dome","Necronomicon"],"acts_visited":["Exordium","TheCity"],"potions_floor_usage":[16],"damage_taken":[{"damage":1.0,"enemies":"2 Louse","floor":1.0,"turns":3.0},{"damage":7.0,"enemies":"Jaw Worm","floor":2.0,"turns":4.0},{"damage":0.0,"enemies":"Gremlin Nob","floor":7.0,"turns":2.0},{"damage":2,"enemies":"Small Slimes","floor":10,"turns":3},{"damage":5,"enemies":"3 Sentries","floor":11,"turns":3},{"damage":21,"enemies":"Exordium Wildlife","floor":13,"turns":4},{"damage":6,"enemies":"Lagavulin","floor":14,"turns":5},{"damage":0,"enemies":"Slime Boss","floor":16,"turns":3},{"damage":9,"enemies":"Spheric Guardian","floor":18,"turns":3},{"damage":25,"enemies":"Shell Parasite","floor":20,"turns":3},{"damage":27,"enemies":"Snake Plant","floor":21,"turns":3}],"seed_played":"-3243694934639857637","potions_obtained":[{"floor":10,"key":"Dexterity Potion"},{"floor":11,"key":"FairyPotion"},{"floor":14,"key":"Fire Potion"}],"is_trial":false,"path_per_floor":["M","M","?","$","?","R","E","?","T","M","E","R","M","E","R","B",null,"M","?","M","M"],"character_chosen":"WATCHER","items_purchased":["Tantrum","BowlingBash"],"campfire_rested":0,"item_purchase_floors":[4,4],"current_hp_per_floor":[66,59,37,37,30,30,30,48,48,46,41,41,20,14,14,14,59,50,29,4,3,3],"gold":511,"neow_bonus":"TEN_PERCENT_HP_BONUS","is_daily":false,"chose_seed":false,"campfire_upgraded":3,"win_rate":0.0,"timestamp":1614422326,"path_taken":["M","M","?","$","?","R","E","?","T","M","E","R","M","E","R","BOSS","M","?","M","M"],"items_purchased_type":["Card","Card"],"build_version":"2020-12-22","purchased_purges":0,"victory":false,"max_hp_per_floor":[74,74,74,74,74,74,74,74,74,74,74,74,74,74,74,74,74,74,74,74,74,74],"relic_stats":{"counters":[11,36],"Necronomicon":[0],"War Paint":["Defend_P","WaveOfTheHand"],"Boot":[19],"obtain_stats":[{"Runic Dome":17,"Necronomicon":19,"PureWater":0,"War Paint":14,"Boot":11,"Old Coin":7,"Mercury Hourglass":9},{"Runic Dome":8,"Necronomicon":9,"PureWater":0,"War Paint":7,"Boot":5,"Old Coin":3,"Mercury Hourglass":3},{"Runic Dome":27,"Necronomicon":30,"PureWater":0,"War Paint":24,"Boot":15,"Old Coin":9,"Mercury Hourglass":9}],"Mercury Hourglass":[90]},"card_choices":[{"not_picked":["Evaluate","Wireheading"],"picked":"FlurryOfBlows","floor":1.0},{"not_picked":["Crescendo","Evaluate"],"picked":"CarveReality","floor":2.0},{"not_picked":["Perseverance","ThirdEye"],"picked":"Omniscience","floor":7.0},{"not_picked":["Crescendo","Consecrate"],"picked":"FollowUp","floor":10},{"not_picked":["ClearTheMind","Omniscience"],"picked":"CrushJoints","floor":11},{"not_picked":["Protect","FlurryOfBlows"],"picked":"ThirdEye","floor":13},{"not_picked":["Worship","CarveReality"],"picked":"WaveOfTheHand","floor":14},{"not_picked":["Ragnarok","Blasphemy"],"picked":"ConjureBlade","floor":16},{"not_picked":["CrushJoints","SignatureMove"],"picked":"CutThroughFate","floor":18},{"not_picked":["FollowUp","Vengeance"],"picked":"ThirdEye","floor":20}],"player_experience":931770,"relics_obtained":[{"floor":7.0,"key":"Old Coin"},{"floor":9.0,"key":"Mercury Hourglass"},{"floor":11,"key":"Boot"},{"floor":14,"key":"War Paint"},{"floor":19,"key":"Necronomicon"}],"event_choices":[{"damage_healed":0.0,"max_hp_gain":0.0,"max_hp_loss":0.0,"gold_gain":0.0,"event_name":"Shining Light","player_choice":"Entered Light","floor":3.0,"gold_loss":0.0,"damage_taken":22.0,"cards_upgraded":["Defend_P","Vigilance"]},{"cards_removed":["Strike_P"],"damage_healed":0.0,"max_hp_gain":0.0,"max_hp_loss":0.0,"gold_gain":0.0,"event_name":"Golden Wing","player_choice":"Card Removal","floor":5.0,"gold_loss":0.0,"damage_taken":7.0},{"damage_healed":18.0,"max_hp_gain":0.0,"max_hp_loss":0.0,"gold_gain":0.0,"event_name":"The Cleric","player_choice":"Healed","floor":8.0,"gold_loss":35.0,"damage_taken":0.0},{"damage_healed":0,"gold_gain":0,"player_choice":"Obtained Book","damage_taken":21,"max_hp_gain":0,"max_hp_loss":0,"event_name":"Cursed Tome","floor":19,"gold_loss":0}],"is_beta":false,"boss_relics":[{"not_picked":["Busted Crown","Cursed Key"],"picked":"Runic Dome"}],"items_purged_floors":[],"is_endless":false,"potions_floor_spawned":[10,11,13,14],"killed_by":"Snake Plant","ascension_level":19}}