{"host":"sum4dy402bbv9y4o","time":1614440213,"event":{"mods":["Aspiration","BaseMod","Conspire","Highlight Path","Minty Spire (QoL Compilation)","StSLib"],"gold_per_floor":[114,28,28,44,119,144,144,179,204,233,248,282,302,314,314,385,385,402,402,417,417,437,437,462,462,462,462,462,29,64,87,99,187,199,222,53,53,71,90,118,135,135,135,135,135],"floor_reached":44,"language":"ENG","playtime":2199,"items_purged":["Feel No Pain","Fiend Fire"],"score":1062,"play_id":"58060adb-e14a-409a-a5e9-4d3e75f9b49f","local_time":"20210227183653","is_ascension_mode":true,"campfire_choices":[{"floor":7,"key":"REST"},{"data":"Eruption","floor":15,"key":"SMITH"},{"data":"Body Slam","floor":23,"key":"SMITH"},{"floor":28,"key":"REST"},{"data":"FlurryOfBlows","floor":32,"key":"SMITH"},{"floor":42,"key":"REST"}],"circlet_count":0,"master_deck":["AscendersBane","Strike_P+1","Strike_P+1","Defend_P+1","Defend_P+1","Defend_P+1","Eruption+1","Vigilance+1","Vengeance","FearNoEvil+1","BowlingBash+1","TalkToTheHand+1","EmptyBody","TalkToTheHand+1","EmptyFist","LessonLearned","EmptyBody+1","FollowUp","FlurryOfBlows+1","Body Slam+1","Rampage+1","Anger","LikeWater","Reaper","Body Slam+1","Feed","Halt+1","TalkToTheHand","Uppercut+1","Protect+1"],"relics":["PureWater","NeowsBlessing","Bag of Preparation","Tiny Chest","Meat on the Bone","Blood Vial","Question Card","War Paint","aspiration:IroncladSkillbook","aspiration:RitualStick","Strawberry","Mercury Hourglass","conspire:GlowingRock","Ancient Tea Set","MawBank","Omamori","conspire:InfiniteJournal"],"acts_visited":["Exordium","TheCity","TheBeyond"],"potions_floor_usage":[8,8,10,16,20,33,33,41,44],"damage_taken":[{"damage":0,"enemies":"2 Louse","floor":1,"turns":2},{"damage":0,"enemies":"Small Slimes","floor":4,"turns":1},{"damage":0,"enemies":"3 Sentries","floor":6,"turns":1},{"damage":12,"enemies":"Lagavulin","floor":8,"turns":4},{"damage":13,"enemies":"3 Sentries","floor":10,"turns":7},{"damage":0,"enemies":"Jaw Worm","floor":11,"turns":3},{"damage":20,"enemies":"Lagavulin","floor":12,"turns":5},{"damage":3,"enemies":"Blue Slaver","floor":13,"turns":3},{"damage":11,"enemies":"Red Slaver","floor":14,"turns":5},{"damage":19,"enemies":"Slime Boss","floor":16,"turns":8},{"damage":1,"enemies":"Chosen","floor":18,"turns":3},{"damage":0,"enemies":"conspire:FuzzyDice","floor":20,"turns":8},{"damage":3,"enemies":"Cultist and Chosen","floor":22,"turns":5},{"damage":42,"enemies":"Gremlin Leader","floor":24,"turns":6},{"damage":22,"enemies":"conspire:Head Lice","floor":30,"turns":7},{"damage":10,"enemies":"Centurion and Healer","floor":31,"turns":7},{"damage":28,"enemies":"Collector","floor":33,"turns":7},{"damage":11,"enemies":"3 Darklings","floor":35,"turns":7},{"damage":0,"enemies":"3 Shapes","floor":38,"turns":8},{"damage":68,"enemies":"Sphere and 2 Shapes","floor":39,"turns":9},{"damage":21,"enemies":"Nemesis","floor":40,"turns":7},{"damage":42,"enemies":"Jaw Worm Horde","floor":41,"turns":8},{"damage":86,"enemies":"Reptomancer","floor":44,"turns":7}],"seed_played":"-2831872844418892769","potions_obtained":[{"floor":1,"key":"EntropicBrew"},{"floor":4,"key":"Strength Potion"},{"floor":13,"key":"Energy Potion"},{"floor":14,"key":"AttackPotion"},{"floor":30,"key":"BlessingOfTheForge"},{"floor":31,"key":"Regen Potion"},{"floor":35,"key":"DuplicationPotion"},{"floor":40,"key":"BlessingOfTheForge"}],"is_trial":false,"path_per_floor":["M","$","?","M","?","E","R","E","T","E","M","E","M","M","R","B",null,"M","?","M","?","M","R","E","?","T","T","R","$","E","M","R","B",null,"M","$","?","M","M","E","M","R","T","E"],"character_chosen":"WATCHER","items_purchased":["FearNoEvil","PowerPotion","Ancient Tea Set","Anger","LikeWater","Feed"],"campfire_rested":3,"item_purchase_floors":[2,29,29,29,29,36],"current_hp_per_floor":[61,61,43,43,32,32,52,40,40,41,43,37,36,39,39,34,60,65,65,68,51,54,54,37,37,37,37,59,59,43,53,53,54,70,75,75,75,78,38,41,28,52,52,0,0],"gold":135,"neow_bonus":"THREE_ENEMY_KILL","is_daily":false,"chose_seed":false,"campfire_upgraded":3,"win_rate":0.0,"timestamp":1614440213,"path_taken":["M","$","?","M","?","E","R","E","T","E","M","E","M","M","R","BOSS","M","?","M","?","M","R","E","?","T","?","R","$","E","M","R","BOSS","M","$","?","M","M","E","M","R","T","E"],"items_purchased_type":["Card","Potion","Relic","Card","Card","Card"],"build_version":"2020-12-22","purchased_purges":2,"victory":false,"max_hp_per_floor":[68,68,68,68,68,68,68,68,68,68,68,68,68,68,68,68,68,68,68,68,68,68,68,75,75,75,75,75,75,75,75,75,75,75,75,75,75,78,78,78,81,81,81,81,81],"card_choices":[{"not_picked":["SignatureMove","Crescendo"],"picked":"Vengeance","floor":1},{"not_picked":["Adaptation","Prostrate"],"picked":"BowlingBash","floor":4},{"not_picked":["EmptyMind","Brilliance"],"picked":"TalkToTheHand","floor":6},{"not_picked":["CutThroughFate","Wireheading"],"picked":"EmptyBody","floor":8},{"not_picked":["Prostrate","PathToVictory"],"picked":"TalkToTheHand","floor":10},{"not_picked":["Crescendo","ThirdEye","SignatureMove"],"picked":"EmptyFist","floor":11},{"not_picked":["Crescendo","Study","FlyingSleeves"],"picked":"LessonLearned","floor":12},{"not_picked":["EmptyFist","Swivel","BowlingBash"],"picked":"EmptyBody","floor":13},{"not_picked":["BowlingBash","EmptyFist","DeceiveReality"],"picked":"FollowUp","floor":14},{"not_picked":["Fasting2","ThirdEye","Pommel Strike","WreathOfFlame","Entrench"],"picked":"SKIP","floor":18},{"not_picked":["Sword Boomerang","JustLucky+1","Entrench","Thunderclap"],"picked":"FlurryOfBlows","floor":20},{"not_picked":["WreathOfFlame","ThirdEye+1","BattleHymn","Sword Boomerang"],"picked":"Body Slam","floor":22},{"not_picked":["Shrug It Off","Evolve","EmptyFist","Protect+1"],"picked":"Rampage","floor":24},{"not_picked":["Dropkick","Wireheading","Flex","Sever Soul"],"picked":"Reaper","floor":30},{"not_picked":["Warcry","Pray","EmptyFist","Halt","Searing Blow"],"picked":"SKIP","floor":31},{"not_picked":["PathToVictory","DeceiveReality+1","Adaptation","Meditate"],"picked":"Body Slam+1","floor":35},{"not_picked":["CrushJoints","JustLucky","ClearTheMind","Flame Barrier"],"picked":"Halt","floor":38},{"not_picked":["WaveOfTheHand","Twin Strike","Armaments","Infernal Blade"],"picked":"TalkToTheHand","floor":39},{"not_picked":["JustLucky+1","Sever Soul","Wallop+1","Flex"],"picked":"Uppercut+1","floor":40},{"not_picked":["Perfected Strike","Conclude","Collect","FearNoEvil"],"picked":"Protect+1","floor":41}],"player_experience":3147950,"relics_obtained":[{"floor":6,"key":"Tiny Chest"},{"floor":8,"key":"Meat on the Bone"},{"floor":9,"key":"Blood Vial"},{"floor":10,"key":"Question Card"},{"floor":12,"key":"War Paint"},{"floor":24,"key":"Strawberry"},{"floor":26,"key":"Mercury Hourglass"},{"floor":27,"key":"conspire:GlowingRock"},{"floor":30,"key":"MawBank"},{"floor":40,"key":"Omamori"},{"floor":43,"key":"conspire:InfiniteJournal"}],"event_choices":[{"damage_healed":0,"gold_gain":0,"player_choice":"Success","damage_taken":18,"relics_obtained":["Bag of Preparation"],"max_hp_gain":0,"max_hp_loss":0,"event_name":"Scrap Ooze","floor":3,"gold_loss":0},{"damage_healed":0,"gold_gain":75,"player_choice":"Gather Gold","damage_taken":11,"max_hp_gain":0,"max_hp_loss":0,"event_name":"World of Goop","floor":5,"gold_loss":0},{"damage_healed":0,"gold_gain":0,"cards_transformed":["Strike_P","Defend_P"],"player_choice":"Became Test Subject","damage_taken":0,"max_hp_gain":0,"max_hp_loss":0,"event_name":"Drug Dealer","floor":19,"gold_loss":0,"cards_obtained":["Fiend Fire","Feel No Pain"]},{"cards_removed":["Strike_P"],"damage_healed":0,"gold_gain":0,"player_choice":"Offered Basic","damage_taken":0,"max_hp_gain":0,"max_hp_loss":0,"event_name":"Bonfire Elementals","floor":37,"gold_loss":0}],"is_beta":false,"boss_relics":[{"not_picked":["Philosopher\u0027s Stone","aspiration:RitualDagger"],"picked":"aspiration:IroncladSkillbook"},{"not_picked":["conspire:RoyalGoblet","aspiration:RunicSpoon","Cursed Key"]}],"items_purged_floors":[29,36],"is_endless":false,"potions_floor_spawned":[1,4,13,14,30,31,35,40],"killed_by":"Reptomancer","ascension_level":20}}