{"host":"jngeqill3bw7azzz","time":1614453403,"event":{"mods":["BaseMod","Highlight Path","Minty Spire (QoL Compilation)","Permanent Neow","Relic Stats"],"gold_per_floor":[118,131,206,206,232,269,333,15,41,62,105,116,116,145,145,220,220,220,220],"floor_reached":18,"language":"ENG","playtime":916,"items_purged":[],"score":510,"play_id":"fec095e6-14cb-4db2-8688-2854e67b7ded","local_time":"20210227141643","is_ascension_mode":true,"campfire_choices":[{"floor":13,"key":"REST"},{"floor":15,"key":"RECALL"}],"circlet_count":0,"master_deck":["AscendersBane","Strike_P","Strike_P+1","Strike_P","Strike_P+1","Defend_P","Defend_P","Defend_P","Defend_P","Eruption+1","Vigilance","Consecrate","ReachHeaven+1","FlurryOfBlows","Scrawl","LessonLearned+1","Scrawl","CrushJoints","MentalFortress"],"relics":["Fusion Hammer","CeramicFish","Shuriken","Pen Nib","Whetstone","Du-Vu Doll","StrikeDummy","Philosopher\u0027s Stone"],"acts_visited":["Exordium","TheCity"],"potions_floor_usage":[6,11,16],"damage_taken":[{"damage":8,"enemies":"2 Louse","floor":1,"turns":3},{"damage":0,"enemies":"Jaw Worm","floor":2,"turns":3},{"damage":1,"enemies":"Small Slimes","floor":5,"turns":3},{"damage":0,"enemies":"3 Sentries","floor":6,"turns":3},{"damage":3,"enemies":"Gremlin Nob","floor":7,"turns":3},{"damage":0,"enemies":"3 Louse","floor":10,"turns":2},{"damage":0,"enemies":"Gremlin Nob","floor":11,"turns":2},{"damage":13,"enemies":"Exordium Thugs","floor":12,"turns":3},{"damage":0,"enemies":"Lagavulin","floor":14,"turns":4},{"damage":24,"enemies":"Hexaghost","floor":16,"turns":5},{"damage":35,"enemies":"3 Byrds","floor":18,"turns":3}],"seed_played":"3502990480609767396","potions_obtained":[{"floor":2,"key":"Strength Potion"},{"floor":5,"key":"Ancient Potion"},{"floor":10,"key":"FearPotion"},{"floor":11,"key":"Strength Potion"},{"floor":12,"key":"FearPotion"}],"is_trial":false,"path_per_floor":["M","M","?","?","M","E","?","$","T","M","E","M","R","E","R","B",null,"M"],"character_chosen":"WATCHER","items_purchased":["LessonLearned","Scrawl"],"campfire_rested":1,"item_purchase_floors":[8,8],"current_hp_per_floor":[53,53,42,31,30,30,27,27,27,27,27,14,34,34,34,10,54,19,19],"gold":220,"neow_bonus":"BOSS_RELIC","is_daily":false,"chose_seed":false,"campfire_upgraded":0,"win_rate":0.0,"timestamp":1614453403,"path_taken":["M","M","?","?","M","E","?","$","T","M","E","M","R","E","R","BOSS","M"],"items_purchased_type":["Card","Card"],"build_version":"2020-12-22","purchased_purges":0,"victory":false,"max_hp_per_floor":[68,68,68,68,68,68,68,68,68,68,68,68,68,68,68,68,68,68,68],"relic_stats":{"counters":[11,34],"Shuriken":[13],"CeramicFish":54,"Pen Nib":[4],"Whetstone":["Strike_P","Eruption"],"obtain_stats":[{"Du-Vu Doll":11,"Shuriken":6,"CeramicFish":4,"Philosopher\u0027s Stone":17,"Fusion Hammer":0,"Pen Nib":7,"Whetstone":9,"PureWater":0,"StrikeDummy":14},{"Du-Vu Doll":7,"Shuriken":4,"CeramicFish":2,"Philosopher\u0027s Stone":10,"Fusion Hammer":0,"Pen Nib":5,"Whetstone":5,"PureWater":0,"StrikeDummy":9},{"Du-Vu Doll":19,"Shuriken":12,"CeramicFish":6,"Philosopher\u0027s Stone":31,"Fusion Hammer":0,"Pen Nib":15,"Whetstone":15,"PureWater":0,"StrikeDummy":26}]},"card_choices":[{"not_picked":["Prostrate","WaveOfTheHand"],"picked":"Consecrate","floor":1},{"not_picked":["BowlingBash","CutThroughFate"],"picked":"ReachHeaven","floor":2},{"not_picked":["JustLucky","CarveReality"],"picked":"FlurryOfBlows","floor":5},{"not_picked":["Protect","Adaptation"],"picked":"Scrawl","floor":6},{"not_picked":["JustLucky","Weave"],"picked":"CrushJoints","floor":10},{"not_picked":["BattleHymn","Swivel"],"picked":"MentalFortress","floor":11},{"not_picked":["Evaluate","SignatureMove","WindmillStrike"],"picked":"SKIP","floor":12},{"not_picked":["Brilliance","Consecrate","Weave"],"picked":"SKIP","floor":14}],"player_experience":2710530,"relics_obtained":[{"floor":6,"key":"Shuriken"},{"floor":7,"key":"Pen Nib"},{"floor":9,"key":"Whetstone"},{"floor":11,"key":"Du-Vu Doll"},{"floor":14,"key":"StrikeDummy"}],"event_choices":[{"damage_healed":0,"gold_gain":75,"player_choice":"Gather Gold","damage_taken":11,"max_hp_gain":0,"max_hp_loss":0,"event_name":"World of Goop","floor":3,"gold_loss":0},{"damage_healed":0,"gold_gain":0,"player_choice":"Success","damage_taken":11,"relics_obtained":["CeramicFish"],"max_hp_gain":0,"max_hp_loss":0,"event_name":"Scrap Ooze","floor":4,"gold_loss":0},{"damage_healed":0,"gold_gain":30,"player_choice":"Searched \u00272\u0027 times","damage_taken":0,"max_hp_gain":0,"max_hp_loss":0,"event_name":"Dead Adventurer","floor":7,"gold_loss":0}],"is_beta":false,"boss_relics":[{"not_picked":["SlaversCollar","Snecko Eye"],"picked":"Philosopher\u0027s Stone"}],"items_purged_floors":[],"is_endless":false,"potions_floor_spawned":[2,5,10,11,12,14],"killed_by":"3 Byrds","ascension_level":20}}