{"host":"njcl8kinlkfw245p","time":1614402631,"event":{"mods":["BaseMod","Block Reminder","Colored Map","Googly Eyes","KinomotoSakuraMod(????)","Minty Spire (QoL Compilation)","StSLib","The Senshi","Unceasing Turn Reminder","everything is the same but u backflip on backflip"],"gold_per_floor":[113,3,16,35,54,88,108,108,108,108,108,108,108,121,121,121,121],"floor_reached":16,"language":"ENG","playtime":733,"items_purged":[],"score":199,"play_id":"ddcf6e48-93bc-44e0-9725-49befc137684","local_time":"20210226211031","is_ascension_mode":true,"campfire_choices":[{"data":"theSenshi:CrisisMakeUp","floor":8,"key":"SMITH"},{"data":"theSenshi:SailorJupiterAssists","floor":10,"key":"SMITH"},{"data":"theSenshi:MoonPrismPowerMakeUp","floor":12,"key":"SMITH"},{"data":"theSenshi:RoseThrow","floor":15,"key":"SMITH"}],"circlet_count":0,"master_deck":["AscendersBane","theSenshi:SailorKick","theSenshi:SailorKick","theSenshi:SailorKick","theSenshi:SailorKick","theSenshi:SailorBlock","theSenshi:SailorBlock","theSenshi:SailorBlock","theSenshi:SailorBlock","theSenshi:RoseThrow+1","theSenshi:MoonPrismPowerMakeUp+1","theSenshi:SailorJupiterAssists+1","theSenshi:SailorMarsAssists","theSenshi:CrisisMakeUp+1","theSenshi:TallSilhouette","theSenshi:SailorChibiMoonAssists"],"relics":["Busted Crown","theSenshi:HolyMoonChaliceRelic","Calipers"],"acts_visited":["Exordium"],"potions_floor_usage":[14,16],"damage_taken":[{"damage":0,"enemies":"Cultist","floor":1,"turns":4},{"damage":6,"enemies":"Jaw Worm","floor":3,"turns":4},{"damage":6,"enemies":"2 Louse","floor":4,"turns":2},{"damage":0,"enemies":"2 Fungi Beasts","floor":5,"turns":4},{"damage":12,"enemies":"Lagavulin","floor":6,"turns":7},{"damage":12,"enemies":"Large Slime","floor":7,"turns":7},{"damage":6,"enemies":"3 Louse","floor":14,"turns":3},{"damage":30,"enemies":"Slime Boss","floor":16,"turns":7}],"seed_played":"-6937095122180061301","potions_obtained":[{"floor":3,"key":"EssenceOfSteel"},{"floor":6,"key":"Fruit Juice"},{"floor":14,"key":"Ancient Potion"}],"is_trial":false,"path_per_floor":["M","$","M","M","M","E","M","R","T","R","?","R","?","M","R","B"],"character_chosen":"THE_SENSHI","items_purchased":["theSenshi:SailorMarsAssists","theSenshi:CrisisMakeUp"],"campfire_rested":0,"item_purchase_floors":[2,2],"current_hp_per_floor":[68,68,62,56,56,44,32,32,32,32,27,27,27,26,26,0,0],"gold":121,"neow_bonus":"BOSS_RELIC","is_daily":false,"chose_seed":false,"campfire_upgraded":4,"win_rate":0.0,"timestamp":1614402631,"path_taken":["M","$","?","M","M","E","M","R","T","R","?","R","?","M","R","BOSS"],"items_purchased_type":["Card","Card"],"build_version":"2020-12-22","purchased_purges":0,"victory":false,"max_hp_per_floor":[75,75,75,75,75,75,75,75,75,75,75,75,75,80,80,80,80],"card_choices":[{"not_picked":[],"picked":"theSenshi:SailorJupiterAssists","floor":1},{"not_picked":["theSenshi:GatheringStrength"],"picked":"SKIP","floor":3},{"not_picked":[],"picked":"theSenshi:TallSilhouette","floor":4},{"not_picked":["theSenshi:SailorMercuryAssists"],"picked":"SKIP","floor":5},{"not_picked":["theSenshi:Overload"],"picked":"SKIP","floor":6},{"not_picked":[],"picked":"theSenshi:SailorChibiMoonAssists","floor":7},{"not_picked":["theSenshi:SailorMercuryAssists"],"picked":"SKIP","floor":14}],"player_experience":981072,"relics_obtained":[{"floor":6,"key":"theSenshi:HolyMoonChaliceRelic"}],"event_choices":[{"damage_healed":0,"gold_gain":0,"player_choice":"Success","damage_taken":5,"relics_obtained":["Calipers"],"max_hp_gain":0,"max_hp_loss":0,"event_name":"Scrap Ooze","floor":11,"gold_loss":0},{"damage_healed":0,"gold_gain":0,"player_choice":"Ignored","damage_taken":0,"max_hp_gain":0,"max_hp_loss":0,"event_name":"Liars Game","floor":13,"gold_loss":0}],"is_beta":false,"boss_relics":[],"items_purged_floors":[],"is_endless":false,"potions_floor_spawned":[3,6,14],"killed_by":"Slime Boss","ascension_level":19}}