{"host":"lktusdb9orijgc6z","time":1614407619,"event":{"mods":["BaseMod","Bestiary","Colored Map","Colored Powertips","Minty Spire (QoL Compilation)","Permanent Neow","Quick Restart","Relic Stats","StSLib","everything is the same but u backflip on backflip","slay the spire mod where everything is the same but ironclad has a cowboy hat"],"gold_per_floor":[115,130,130,5,25,56,69,69,114,114,114,133,173,186,186,285,285,306,306,324,5,5,5,45,95,174,187,187,231,255,291,291,382,382,405,405,187,187,225,268,38,74,143,183,183,37,37,65,65,65,65,65,65,14,58,58],"floor_reached":57,"language":"ENG","playtime":2773,"items_purged":["Clumsy","Strike_G","Pain"],"score":2887,"play_id":"9bfd85f6-cf66-4bc7-b77f-70ff158d5122","local_time":"20210227073339","is_ascension_mode":true,"campfire_choices":[{"data":"Noxious Fumes","floor":11.0,"key":"SMITH"},{"data":"Blade Dance","floor":15.0,"key":"SMITH"},{"data":"A Thousand Cuts","floor":23.0,"key":"SMITH"},{"data":"Caltrops","floor":28.0,"key":"SMITH"},{"data":"Noxious Fumes","floor":32.0,"key":"SMITH"},{"floor":45.0,"key":"RECALL"},{"floor":47,"key":"REST"},{"floor":49,"key":"REST"},{"floor":53,"key":"REST"}],"circlet_count":0,"master_deck":["AscendersBane","Strike_G","Strike_G","Strike_G","Defend_G","Defend_G","Defend_G","Defend_G","Survivor","Neutralize","Bane","Noxious Fumes+1","Backstab","Sucker Punch","Well Laid Plans","Dagger Throw","Blade Dance+1","Envenom","Caltrops+1","PiercingWail","A Thousand Cuts+1","Crippling Poison","Tools of the Trade","PiercingWail","Noxious Fumes+1","PiercingWail+1","Bullet Time","Acrobatics","Crippling Poison","A Thousand Cuts","Catalyst","PiercingWail","Accuracy","Caltrops"],"relics":["Ring of the Snake","Bird Faced Urn","Eternal Feather","Golden Idol","Pen Nib","Lantern","Snecko Eye","Orichalcum","Toolbox","Torii","The Courier","Incense Burner","Shuriken","Fusion Hammer","Bag of Marbles","WarpedTongs","Snake Skull","TwistedFunnel","Thread and Needle","CeramicFish","Pantograph"],"acts_visited":["Exordium","TheCity","TheBeyond","TheEnding"],"potions_floor_usage":[56,56],"damage_taken":[{"damage":11.0,"enemies":"Jaw Worm","floor":1.0,"turns":6.0},{"damage":6.0,"enemies":"Cultist","floor":2.0,"turns":4.0},{"damage":0.0,"enemies":"2 Louse","floor":5.0,"turns":3.0},{"damage":37.0,"enemies":"Gremlin Nob","floor":6.0,"turns":5.0},{"damage":3.0,"enemies":"Looter","floor":7.0,"turns":4.0},{"damage":4.0,"enemies":"2 Fungi Beasts","floor":12.0,"turns":3.0},{"damage":10.0,"enemies":"Lagavulin","floor":13.0,"turns":6.0},{"damage":7.0,"enemies":"Large Slime","floor":14.0,"turns":4.0},{"damage":7.0,"enemies":"Hexaghost","floor":16.0,"turns":8.0},{"damage":22.0,"enemies":"Spheric Guardian","floor":18.0,"turns":4.0},{"damage":30.0,"enemies":"3 Byrds","floor":20.0,"turns":4.0},{"damage":22.0,"enemies":"Slavers","floor":24.0,"turns":5.0},{"damage":1.0,"enemies":"3 Cultists","floor":27.0,"turns":3.0},{"damage":2.0,"enemies":"Gremlin Leader","floor":29.0,"turns":5.0},{"damage":1.0,"enemies":"Centurion and Healer","floor":30.0,"turns":5.0},{"damage":34.0,"enemies":"Book of Stabbing","floor":31.0,"turns":6.0},{"damage":34.0,"enemies":"Champ","floor":33.0,"turns":10.0},{"damage":1.0,"enemies":"3 Darklings","floor":35.0,"turns":5.0},{"damage":2.0,"enemies":"3 Shapes","floor":39.0,"turns":4.0},{"damage":37.0,"enemies":"Nemesis","floor":40.0,"turns":7.0},{"damage":28.0,"enemies":"Giant Head","floor":42.0,"turns":7.0},{"damage":0.0,"enemies":"Reptomancer","floor":44.0,"turns":4.0},{"damage":8,"enemies":"Maw","floor":48,"turns":5},{"damage":23,"enemies":"Time Eater","floor":50,"turns":6},{"damage":22,"enemies":"Donu and Deca","floor":51,"turns":7},{"damage":51,"enemies":"Shield and Spear","floor":55,"turns":5},{"damage":60,"enemies":"The Heart","floor":56,"turns":8}],"seed_played":"-825488766792992423","potions_obtained":[{"floor":2.0,"key":"SpeedPotion"},{"floor":5.0,"key":"Dexterity Potion"},{"floor":6.0,"key":"BlessingOfTheForge"},{"floor":13.0,"key":"DuplicationPotion"},{"floor":16.0,"key":"EssenceOfSteel"},{"floor":24.0,"key":"LiquidMemories"},{"floor":27.0,"key":"BlessingOfTheForge"},{"floor":29.0,"key":"ColorlessPotion"},{"floor":33.0,"key":"PowerPotion"},{"floor":35.0,"key":"BlessingOfTheForge"},{"floor":42.0,"key":"Dexterity Potion"},{"floor":44.0,"key":"CunningPotion"},{"floor":55,"key":"GamblersBrew"}],"is_trial":false,"path_per_floor":["M","M","?","$","M","E","M","?","T","?","R","M","E","M","R","B",null,"M","?","M","$","?","R","E","?","T","M","R","E","M","E","R","B",null,"M","?","$","?","M","E","$","E","T","E","R","$","R","M","R","B","B",null,"R","$","E","B",null],"character_chosen":"THE_SILENT","items_purchased":["Sucker Punch","Orichalcum","Toolbox","Bag of Marbles","TwistedFunnel","A Thousand Cuts","Catalyst","PiercingWail","Caltrops"],"campfire_rested":3,"item_purchase_floors":[4,21,21,37,41,46,46,46,54],"current_hp_per_floor":[48,42,42,42,42,9,8,8,8,8,17,17,13,12,24,25,51,37,37,17,17,17,32,18,18,18,23,38,44,57,32,47,27,52,60,60,60,60,60,28,28,16,16,32,47,47,60,52,60,43,39,55,60,60,16,1],"gold":58,"neow_bonus":"ONE_RARE_RELIC","is_daily":false,"chose_seed":false,"campfire_upgraded":5,"win_rate":0.0,"timestamp":1614407619,"path_taken":["M","M","?","$","M","E","?","?","T","?","R","M","E","M","R","BOSS","M","?","M","$","?","R","E","?","T","?","R","E","M","E","R","BOSS","M","?","?","?","M","E","$","E","T","E","R","$","R","M","R","BOSS","BOSS","R","$","E","BOSS"],"items_purchased_type":["Card","Relic","Relic","Relic","Relic","Card","Card","Card","Card"],"build_version":"2020-12-22","purchased_purges":3,"victory":true,"max_hp_per_floor":[66,66,66,66,66,66,66,60,60,60,60,60,60,60,60,60,60,60,60,60,60,60,60,60,60,60,60,60,60,60,60,60,60,60,60,60,60,60,60,60,60,60,60,60,60,60,60,60,60,60,60,60,60,60,60,60],"relic_stats":{"Torii":53,"counters":[27,143],"Golden Idol":195,"CeramicFish":45,"Eternal Feather":107,"Pen Nib":[26],"Snake Skull":[154],"Orichalcum":[288],"WarpedTongs":[53],"Shuriken":[27],"Bird Faced Urn":[206],"Pantograph":25,"Snecko Eye":[212,182,170,185],"obtain_stats":[{"TwistedFunnel":41,"Lantern":13,"Torii":24,"Golden Idol":8,"CeramicFish":44,"Eternal Feather":6,"Thread and Needle":42,"Pen Nib":9,"The Courier":26,"Snake Skull":40,"Incense Burner":29,"Orichalcum":21,"WarpedTongs":38,"Shuriken":31,"Bird Faced Urn":0,"Pantograph":55,"Snecko Eye":17,"Toolbox":21,"Fusion Hammer":34,"Bag of Marbles":37,"Ring of the Snake":0},{"TwistedFunnel":20,"Lantern":7,"Torii":12,"Golden Idol":5,"CeramicFish":22,"Eternal Feather":4,"Thread and Needle":21,"Pen Nib":5,"The Courier":12,"Snake Skull":20,"Incense Burner":14,"Orichalcum":11,"WarpedTongs":18,"Shuriken":16,"Bird Faced Urn":0,"Pantograph":26,"Snecko Eye":9,"Toolbox":11,"Fusion Hammer":17,"Bag of Marbles":18,"Ring of the Snake":0},{"TwistedFunnel":101,"Lantern":31,"Torii":56,"Golden Idol":22,"CeramicFish":112,"Eternal Feather":18,"Thread and Needle":108,"Pen Nib":22,"The Courier":56,"Snake Skull":101,"Incense Burner":64,"Orichalcum":51,"WarpedTongs":90,"Shuriken":75,"Bird Faced Urn":0,"Pantograph":135,"Snecko Eye":43,"Toolbox":51,"Fusion Hammer":85,"Bag of Marbles":90,"Ring of the Snake":0}],"Ring of the Snake":[54]},"card_choices":[{"not_picked":["Riddle With Holes","Dodge and Roll"],"picked":"Bane","floor":1.0},{"not_picked":["Blur","Dodge and Roll"],"picked":"Noxious Fumes","floor":2.0},{"not_picked":["Dodge and Roll","Masterful Stab"],"picked":"Well Laid Plans","floor":5.0},{"not_picked":["Bullet Time","Outmaneuver"],"picked":"Dagger Throw","floor":6.0},{"not_picked":["Slice","Masterful Stab"],"picked":"Blade Dance","floor":7.0},{"not_picked":["Infinite Blades","Underhanded Strike"],"picked":"Envenom","floor":12.0},{"not_picked":["Dodge and Roll","Blur"],"picked":"Caltrops","floor":13.0},{"not_picked":["Dagger Spray","Finisher"],"picked":"PiercingWail","floor":14.0},{"not_picked":["Unload","Storm of Steel"],"picked":"A Thousand Cuts","floor":16.0},{"not_picked":["Prepared","Outmaneuver","Bane"],"picked":"SKIP","floor":18.0},{"not_picked":["Skewer","Terror"],"picked":"Crippling Poison","floor":20.0},{"not_picked":["Flying Knee+1","Cloak And Dagger"],"picked":"PiercingWail","floor":24.0},{"not_picked":["Acrobatics","Prepared+1","Eviscerate"],"picked":"SKIP","floor":27.0},{"not_picked":["Reflex","Prepared"],"picked":"Noxious Fumes","floor":29.0},{"not_picked":["Dodge and Roll","Underhanded Strike","Setup"],"picked":"SKIP","floor":30.0},{"not_picked":["Acrobatics","Bane"],"picked":"PiercingWail+1","floor":31.0},{"not_picked":["Storm of Steel","Unload"],"picked":"Bullet Time","floor":33.0},{"not_picked":["Infinite Blades","Underhanded Strike","Poisoned Stab+1"],"picked":"SKIP","floor":35.0},{"not_picked":["Heel Hook","Predator","Sucker Punch"],"picked":"SKIP","floor":39.0},{"not_picked":["Dagger Throw+1","Deflect+1"],"picked":"Acrobatics","floor":40.0},{"not_picked":["Doppelganger","Sucker Punch"],"picked":"Crippling Poison","floor":42.0},{"not_picked":["Quick Slash","Outmaneuver","Prepared"],"picked":"SKIP","floor":44.0},{"not_picked":["Riddle With Holes","Dagger Throw"],"picked":"Accuracy","floor":48},{"not_picked":["Dash","Underhanded Strike+1","Riddle With Holes"],"picked":"SKIP","floor":55}],"player_experience":831709,"relics_obtained":[{"floor":6.0,"key":"Eternal Feather"},{"floor":9.0,"key":"Pen Nib"},{"floor":13.0,"key":"Lantern"},{"floor":24.0,"key":"Torii"},{"floor":26.0,"key":"The Courier"},{"floor":29.0,"key":"Incense Burner"},{"floor":31.0,"key":"Shuriken"},{"floor":40.0,"key":"Snake Skull"},{"floor":42.0,"key":"Thread and Needle"},{"floor":44.0,"key":"CeramicFish"},{"floor":55,"key":"Pantograph"}],"event_choices":[{"damage_healed":0.0,"max_hp_gain":0.0,"max_hp_loss":0.0,"gold_gain":0.0,"cards_transformed":["Defend_G"],"event_name":"Transmorgrifier","player_choice":"Transformed","floor":3.0,"gold_loss":0.0,"damage_taken":0.0,"cards_obtained":["Backstab"]},{"damage_healed":0.0,"max_hp_gain":0.0,"max_hp_loss":6.0,"gold_gain":0.0,"event_name":"Golden Idol","player_choice":"Lose Max HP","floor":8.0,"gold_loss":0.0,"damage_taken":0.0,"relics_obtained":["Golden Idol"]},{"damage_healed":0.0,"max_hp_gain":0.0,"max_hp_loss":0.0,"gold_gain":0.0,"event_name":"Scrap Ooze","player_choice":"Fled","floor":10.0,"gold_loss":0.0,"damage_taken":0.0},{"damage_healed":0.0,"max_hp_gain":0.0,"max_hp_loss":0.0,"gold_gain":0.0,"event_name":"The Mausoleum","player_choice":"Ignored","floor":19.0,"gold_loss":0.0,"damage_taken":0.0},{"damage_healed":0.0,"max_hp_gain":0.0,"max_hp_loss":0.0,"gold_gain":0.0,"event_name":"The Library","player_choice":"Read","floor":22.0,"gold_loss":0.0,"damage_taken":0.0,"cards_obtained":["Tools of the Trade"]},{"damage_healed":0.0,"max_hp_gain":0.0,"max_hp_loss":0.0,"gold_gain":50.0,"event_name":"Golden Shrine","player_choice":"Pray","floor":25.0,"gold_loss":0.0,"damage_taken":0.0},{"cards_removed":["Strike_G"],"damage_healed":0.0,"max_hp_gain":0.0,"max_hp_loss":0.0,"gold_gain":0.0,"event_name":"Bonfire Elementals","player_choice":"Offered Basic","floor":36.0,"gold_loss":0.0,"damage_taken":0.0},{"damage_healed":0.0,"max_hp_gain":0.0,"max_hp_loss":0.0,"gold_gain":0.0,"event_name":"Accursed Blacksmith","player_choice":"Rummage","floor":38.0,"gold_loss":0.0,"damage_taken":0.0,"relics_obtained":["WarpedTongs"],"cards_obtained":["Pain"]}],"is_beta":false,"boss_relics":[{"not_picked":["HoveringKite","Ectoplasm"],"picked":"Snecko Eye"},{"not_picked":["Empty Cage","Runic Pyramid"],"picked":"Fusion Hammer"}],"items_purged_floors":[4,37,41],"is_endless":false,"potions_floor_spawned":[2,5,6,13,16,24,27,29,33,35,42,44,55],"ascension_level":20}}