{"host":"2162l6swvnky91ct","time":1614452636,"event":{"mods":["AchievementEnabler","BaseMod","Downfall","Hermit","Infinite Spire","Marisa????????","Minty Spire (QoL Compilation)","Remilia??????","Replay The Spire","StSLib","The Bug Knight","The Cursed","The Disciple","The Necromancer","The Runesmith","The Servant 0.9.4"],"gold_per_floor":[99,119,134,153,169,169,169,195,195,195,210,225,225,240,260,355,355,155,155,255,337,348,348,371,390,390,405,405,431,42,74,94,189,189,189,204,217,21,21,21,45,68,68,218,15,64,82,82,100,205,205,205,221,241,259,411,411,487,487,487,587,587,606,606,606,626,626,626],"floor_reached":67,"language":"ENG","playtime":3610,"items_purged":[],"score":2352,"play_id":"79cb8559-cc4c-4ab5-992a-4b329e9cf1be","local_time":"20210227200356","is_ascension_mode":false,"campfire_choices":[{"data":"Siphon_Strength","floor":6,"key":"SMITH"},{"floor":10,"key":"RECALL"},{"floor":13,"key":"REST"},{"data":"Summon_Death_Knight","floor":18,"key":"SMITH"},{"data":"Negative_Energy_Arrows","floor":23,"key":"SMITH"},{"data":"Siphon_Strength","floor":26,"key":"SMITH"},{"data":"Summon_Undead","floor":28,"key":"SMITH"},{"data":"Summon_Vampire_Lady","floor":35,"key":"SMITH"},{"data":"expansioncontent:QuickStudy","floor":40,"key":"SMITH"},{"data":"expansioncontent:DashGenerateEvil","floor":43,"key":"SMITH"},{"data":"Summon_Vampire_Lady","floor":57,"key":"SMITH"},{"data":"Summon_Vampire_Lady","floor":60,"key":"SMITH"},{"data":"expansioncontent:StudyTheSpire","floor":62,"key":"SMITH"},{"data":"Summon_Death_Knight","floor":64,"key":"SMITH"}],"circlet_count":0,"master_deck":["Strike_W","Strike_W","Strike_W","Strike_W","Defend_W","Defend_W","Defend_W","Defend_W","Negative_Energy_Arrows+1","Bone_Wall","Exploit","Siphon_Strength+1","Epidemic","Siphon_Strength+1","Cloudkill","Negative_Energy_Javelin","Stop_Heart","Summon_Death_Knight+1","Summon_Lich","Summon_Undead+1","Summon_Death_Knight+1","Slay_Living","expansioncontent:DashGenerateEvil+1","Uncharnel","Summon_Vampire_Lady+1","Life_Tap+1","Summon_Vampire_Lady+1","expansioncontent:QuickStudy+1","expansioncontent:AwakenDeath","expansioncontent:Hexaburn","Life_Tap","expansioncontent:DashGenerateEvil+1","Summon_Lich","Summon_Vampire_Lady+1","CurseOfTheBell","downfall:Haunted","Skeleton_Dragon","expansioncontent:StudyTheSpire+1","Reap_The_Weak","Summon_Undead"],"relics":["Vampire_Amulet","Tiny Chest","Turnip","Black Star","downfall:HeartBlessingRed","downfall:HeartBlessingBlue","Replay:Bottled Flurry","Bottled Flame","Nunchaku","infinitespire:Eraser","Replay:Accelerometer","Gambling Chip","Ring of Chaos","Juzu Bracelet","Boot","CatCart","Frozen Eye","Calling Bell","Ice Cream","infinitespire:BottledMercury","infinitespire:Lucky Rock","Quantum Egg"],"acts_visited":["Exordium","TheCity","TheBeyond","Exordium"],"potions_floor_usage":[46,46,50,50,67,67],"damage_taken":[{"damage":4,"enemies":"2 Louse","floor":2,"turns":3},{"damage":8,"enemies":"Cultist","floor":3,"turns":5},{"damage":0,"enemies":"Small Slimes","floor":4,"turns":3},{"damage":14,"enemies":"3 Louse","floor":5,"turns":4},{"damage":26,"enemies":"Lagavulin","floor":8,"turns":7},{"damage":0,"enemies":"Blue Slaver","floor":11,"turns":3},{"damage":0,"enemies":"2 Fungi Beasts","floor":12,"turns":2},{"damage":0,"enemies":"Exordium Wildlife","floor":14,"turns":2},{"damage":4,"enemies":"3 Louse","floor":15,"turns":2},{"damage":53,"enemies":"DF_ARCHETYPE_STREAMLINE","floor":16,"turns":9},{"damage":1,"enemies":"Chosen","floor":22,"turns":5},{"damage":3,"enemies":"3 Byrds","floor":25,"turns":3},{"damage":0,"enemies":"Snake Plant","floor":27,"turns":4},{"damage":0,"enemies":"Nightmare","floor":29,"turns":7},{"damage":0,"enemies":"downfall:FleeingMerchant","floor":30,"turns":4},{"damage":5,"enemies":"Replay:Snechameleon","floor":31,"turns":7},{"damage":11,"enemies":"Cultist and Chosen","floor":32,"turns":5},{"damage":19,"enemies":"IC_MUSHROOM_ARCHETYPE","floor":33,"turns":7},{"damage":20,"enemies":"3 Shapes","floor":36,"turns":4},{"damage":24,"enemies":"Orb Walker","floor":37,"turns":5},{"damage":5,"enemies":"downfall:FleeingMerchant","floor":38,"turns":4},{"damage":0,"enemies":"downfall:FleeingMerchant","floor":45,"turns":4},{"damage":33,"enemies":"Orin","floor":46,"turns":10},{"damage":21,"enemies":"Sphere and 2 Shapes","floor":47,"turns":4},{"damage":84,"enemies":"Maw","floor":49,"turns":9},{"damage":23,"enemies":"WA_ARCHETYPE_DIVINITY","floor":50,"turns":10},{"damage":1,"enemies":"Cultist","floor":53,"turns":1},{"damage":13,"enemies":"Jaw Worm","floor":54,"turns":4},{"damage":0,"enemies":"2 Louse","floor":55,"turns":1},{"damage":3,"enemies":"downfall:FleeingMerchant","floor":56,"turns":4},{"damage":17,"enemies":"downfall:LooterAlt","floor":63,"turns":2},{"damage":39,"enemies":"Lots of Slimes","floor":66,"turns":3},{"damage":418,"enemies":"infinitespire:LordOfFortification","floor":67,"turns":17}],"seed_played":"1046181176308406961","potions_obtained":[{"floor":4,"key":"SkillPotion"},{"floor":5,"key":"Strength Potion"},{"floor":15,"key":"Death Potion"},{"floor":47,"key":"ColorlessPotion"},{"floor":49,"key":"PowerPotion"},{"floor":50,"key":"DistilledChaos"},{"floor":54,"key":"Strength Potion"},{"floor":63,"key":"LiquidMemories"}],"is_trial":false,"path_per_floor":["R","M","M","M","M","R","T","E","T","R","M","M","R","M","M","B",null,"R","T","?","T","M","R","T","M","R","M","R","NM","$","E","M","B",null,"R","M","M","?","?","R","T","T","R","?","$","?","M","AVR","M","B",null,"R","M","M","M","$","R","T","?","R","?","R","M","R","?","M","B"],"character_chosen":"NECROMANCER","items_purchased":["expansioncontent:DashGenerateEvil","ReplayTheSpireMod:Lightbulb","expansioncontent:QuickStudy","expansioncontent:DashGenerateEvil+1","expansioncontent:StudyTheSpire"],"campfire_rested":1,"item_purchase_floors":[30,30,38,45,56],"current_hp_per_floor":[82,82,76,80,72,72,72,48,48,48,50,54,78,82,82,31,82,92,92,92,92,92,92,92,92,92,92,92,92,92,92,85,76,92,92,78,62,66,61,61,61,61,61,61,73,92,87,87,38,38,92,92,91,83,87,86,86,86,86,86,86,86,74,74,74,45,0,0],"gold":626,"neow_bonus":"TEN_PERCENT_HP_BONUS","is_daily":false,"chose_seed":false,"campfire_upgraded":12,"win_rate":0.0,"timestamp":1614452636,"path_taken":["R","M","M","?","?","R","T","E","?","R","M","M","R","M","M","BOSS","R","?","?","?","M","R","T","M","R","M","R","NM","?","E","M","BOSS","R","M","M","?","?","R","T","?","R","?","$","?","M","AVR","M","BOSS","R","M","M","M","$","R","T","?","R","?","R","M","R","?","M","BOSS"],"items_purchased_type":["Card","Relic","Card","Card","Card"],"build_version":"2020-12-22","purchased_purges":0,"victory":false,"max_hp_per_floor":[82,82,82,82,82,82,82,82,82,82,82,82,82,82,82,82,82,92,92,92,92,92,92,92,92,92,92,92,92,92,92,92,92,92,92,92,92,92,92,92,92,92,92,92,92,92,92,92,92,92,92,92,92,92,92,92,92,92,92,92,92,92,92,92,92,92,92,92],"card_choices":[{"not_picked":["Consume_Illness","Negative_Energy_Shield"],"picked":"Exploit","floor":2},{"not_picked":["Vampiric_Strike","Bone_Armor"],"picked":"Siphon_Strength","floor":3},{"not_picked":["Negative_Energy_Javelin","Blood_Whip"],"picked":"Epidemic","floor":4},{"not_picked":["Corrupt","Blood_Magic"],"picked":"Siphon_Strength","floor":5},{"not_picked":["Thousand_Bone_Knives","Negative_Energy_Burst"],"picked":"Cloudkill","floor":8},{"not_picked":["Chill_Blood","Blood_Whip"],"picked":"Negative_Energy_Javelin","floor":11},{"not_picked":["Bone_Armor","Chill_Blood","Blood_Curse"],"picked":"SKIP","floor":12},{"not_picked":["Bone_Prison","Scare"],"picked":"Stop_Heart","floor":14},{"not_picked":["Epidemic","Bone_Spikes","Blood_Whip"],"picked":"SKIP","floor":15},{"not_picked":["Detonate_Bones","Blood_Magic"],"picked":"Summon_Death_Knight","floor":16},{"not_picked":["Blood_Whip","Scare"],"picked":"Summon_Lich","floor":22},{"not_picked":["Scare","Necromantic_Selection+1"],"picked":"Summon_Undead","floor":25},{"not_picked":["Death_Coil","Negative_Energy_Sphere","Vampiric_Strike"],"picked":"SKIP","floor":27},{"not_picked":["Deaths_Shadow","Bone_Shift+1"],"picked":"Summon_Death_Knight","floor":29},{"not_picked":["Blood_Curse","Bone_Shift+1"],"picked":"Slay_Living","floor":30},{"not_picked":["Plague_Bolt","Blood_Wake"],"picked":"Uncharnel","floor":31},{"not_picked":["Chill_Blood","Scare","Negative_Energy_Javelin"],"picked":"SKIP","floor":32},{"not_picked":["Grasp_Heart","Detonate_Bones"],"picked":"Summon_Vampire_Lady","floor":33},{"not_picked":["Bone_Armor","Plague_Bolt+1"],"picked":"Life_Tap+1","floor":36},{"not_picked":["Whirlwind_of_Bones","Blood_Curse","Chill_Blood+1"],"picked":"SKIP","floor":37},{"not_picked":["Chill_Blood+1","Slay_Living"],"picked":"Summon_Vampire_Lady","floor":38},{"not_picked":["expansioncontent:HyperBeam","expansioncontent:GuardianWhirl"],"picked":"expansioncontent:AwakenDeath","floor":39},{"not_picked":["expansioncontent:HyperBeam","expansioncontent:GuardianWhirl"],"picked":"expansioncontent:Hexaburn","floor":39},{"not_picked":["Shackles_Of_Pain","Acid_Javelin+1"],"picked":"Life_Tap","floor":45},{"not_picked":["Blood_Shield+1","Epidemic","Negative_Energy_Mist+1"],"picked":"SKIP","floor":47},{"not_picked":["Shackles_Of_Pain+1","Death_Knell+1"],"picked":"Summon_Lich","floor":49},{"not_picked":["Negative_Energy_Bomb","Requiem"],"picked":"Summon_Vampire_Lady","floor":50},{"not_picked":["Bone_Spikes","Shackles_Of_Pain","Life_Tap"],"picked":"SKIP","floor":53},{"not_picked":["Toxic_Smoke_Screen","Finger_Of_Death","Chill_Blood"],"picked":"SKIP","floor":54},{"not_picked":["Necrotic_Claws","Bone_Spikes"],"picked":"Skeleton_Dragon","floor":55},{"not_picked":["Deaths_Shadow","Blood_Shield","Death_March_Dance"],"picked":"SKIP","floor":56},{"not_picked":["Bone_Armor","Death_March_Dance","Toxic_Smoke_Screen"],"picked":"SKIP","floor":63},{"not_picked":["Epidemic","Necrotic_Claws","Blood_Shield"],"picked":"SKIP","floor":66}],"player_experience":158802,"relics_obtained":[{"floor":8,"key":"Tiny Chest"},{"floor":9,"key":"Turnip"},{"floor":19,"key":"Replay:Bottled Flurry"},{"floor":21,"key":"Bottled Flame"},{"floor":24,"key":"Replay:Baseball"},{"floor":29,"key":"Nunchaku"},{"floor":29,"key":"infinitespire:Eraser"},{"floor":31,"key":"Replay:Accelerometer"},{"floor":31,"key":"Gambling Chip"},{"floor":41,"key":"Juzu Bracelet"},{"floor":42,"key":"Boot"},{"floor":46,"key":"CatCart"},{"floor":51,"key":"Ice Cream"},{"floor":51,"key":"infinitespire:BottledMercury"},{"floor":51,"key":"infinitespire:Lucky Rock"},{"floor":58,"key":"Quantum Egg"}],"event_choices":[{"damage_healed":0,"gold_gain":0,"player_choice":"Fight","damage_taken":0,"max_hp_gain":0,"max_hp_loss":0,"event_name":"OrinTheCat","floor":46,"gold_loss":0}],"is_beta":false,"boss_relics":[{"not_picked":["Velvet Choker","Sozu"],"picked":"Black Star"},{"not_picked":["Replay:Bronze Core","bronze:MakeshiftBattery"],"picked":"Ring of Chaos"},{"not_picked":["Snecko Eye","Philosopher\u0027s Stone"],"picked":"Calling Bell"}],"items_purged_floors":[],"is_endless":true,"potions_floor_spawned":[4,5,15,22,31,47,49,50,54,55,63],"killed_by":"infinitespire:LordOfFortification","ascension_level":0}}