{"host":"mg3e76uznu9x14du","time":1614384172,"event":{"mods":["BaseMod","Better Note","Colored Map","Downfall","Minty Spire (QoL Compilation)","Permanent Neow","Relic Stats","Spire Arcade","StSLib","The Wild Card","Waifu the Spire","everything is the same but u backflip on backflip"],"gold_per_floor":[99,113,113,127,302,321,321,351,251,251,276,291,309,335,350,350,350,350],"floor_reached":16,"language":"ENG","playtime":784,"items_purged":[],"score":196,"play_id":"bde154fe-e74a-4543-ae27-8b8d7c288a69","local_time":"20210226190252","is_ascension_mode":true,"campfire_choices":[{"data":"champ:Taunt","floor":1,"key":"SMITH"},{"data":"champ:HeartStrike","floor":9,"key":"SMITH"}],"circlet_count":0,"master_deck":["champ:Strike","champ:Strike","champ:Strike","champ:Strike","champ:Defend","champ:Defend","champ:Defend","champ:Defend","champ:Execute","champ:Taunt+1","champ:AdrenalArmor","champ:Backstep","Doubt","champ:HeartStrike+1","champ:StanceDance","champ:TripleStrike","champ:RageSigil","champ:Encircle","champ:StanceDance","champ:BladeFlurry"],"relics":["champ:ChampionCrown","Pear","downfall:HeartBlessingBlue","Nunchaku","Sundial"],"acts_visited":["Exordium"],"potions_floor_usage":[11,11,13],"damage_taken":[{"damage":10,"enemies":"2 Louse","floor":2,"turns":4},{"damage":30,"enemies":"Cultist","floor":4,"turns":4},{"damage":20,"enemies":"Small Slimes","floor":6,"turns":5},{"damage":58,"enemies":"3 Sentries","floor":8,"turns":13},{"damage":55,"enemies":"Lagavulin","floor":11,"turns":9},{"damage":13,"enemies":"Blue Slaver","floor":12,"turns":4},{"damage":57,"enemies":"Gremlin Gang","floor":13,"turns":5},{"damage":46,"enemies":"3 Sentries","floor":14,"turns":8},{"damage":19,"enemies":"2 Fungi Beasts","floor":15,"turns":4},{"damage":22,"enemies":"SI_SHIV_ARCHETYPE","floor":16,"turns":3}],"seed_played":"-204284035672130609","potions_obtained":[{"floor":4,"key":"champ:UltimateStancePotion"},{"floor":8,"key":"GamblersBrew"},{"floor":10,"key":"champ:CounterPotion"},{"floor":10,"key":"Weak Potion"},{"floor":15,"key":"sneckomod:MuddlingPotion"}],"is_trial":false,"path_per_floor":["R","M","?","M","?","M","T","E","R","?","E","M","M","E","M","B"],"character_chosen":"THE_CHAMP","items_purchased":[],"campfire_rested":0,"item_purchase_floors":[],"current_hp_per_floor":[90,90,100,100,100,100,100,72,82,82,67,64,32,16,12,0,0,0],"gold":350,"neow_bonus":"ONE_RANDOM_RARE_CARD","is_daily":false,"chose_seed":false,"campfire_upgraded":2,"win_rate":0.0,"timestamp":1614384172,"path_taken":["R","M","?","?","?","M","T","E","R","?","E","M","M","E","M","BOSS"],"items_purchased_type":[],"build_version":"2020-12-22","purchased_purges":0,"victory":false,"max_hp_per_floor":[90,90,100,100,100,100,100,110,120,120,120,120,120,120,120,120,120,120],"relic_stats":{"Nunchaku":[5],"counters":[10,59],"Sundial":[0],"obtain_stats":[{"Nunchaku":11,"Pear":8,"downfall:HeartBlessingBlue":9,"Sundial":14,"champ:ChampionCrown":0},{"Nunchaku":5,"Pear":4,"downfall:HeartBlessingBlue":4,"Sundial":8,"champ:ChampionCrown":0},{"Nunchaku":35,"Pear":26,"downfall:HeartBlessingBlue":26,"Sundial":52,"champ:ChampionCrown":0}]},"card_choices":[{"not_picked":["champ:GutPunch","champ:BladeFlurry"],"picked":"champ:AdrenalArmor","floor":2},{"not_picked":["champ:PreciseThrust","champ:Shatter"],"picked":"champ:Backstep","floor":4},{"not_picked":["champ:EndlessRage","champ:BringItOn"],"picked":"champ:HeartStrike","floor":6},{"not_picked":["champ:Shatter","champ:Haymaker"],"picked":"champ:StanceDance","floor":8},{"not_picked":["champ:StanceDance","champ:CrownThrow"],"picked":"champ:TripleStrike","floor":11},{"not_picked":["champ:FlashCut","champ:AdrenalArmor"],"picked":"champ:RageSigil","floor":12},{"not_picked":["champ:FancyFootwork","champ:BringItOn"],"picked":"champ:Encircle","floor":13},{"not_picked":["champ:Endure","champ:DancingMaster"],"picked":"champ:StanceDance","floor":14},{"not_picked":["champ:SwordSigil","champ:CrownThrow"],"picked":"champ:BladeFlurry","floor":15}],"player_experience":550899,"relics_obtained":[{"floor":8,"key":"Pear"},{"floor":11,"key":"Nunchaku"},{"floor":14,"key":"Sundial"}],"event_choices":[{"cards_removed":["champ:SteelEdge"],"damage_healed":0,"gold_gain":0,"player_choice":"Offered Rare","damage_taken":0,"max_hp_gain":10,"max_hp_loss":0,"event_name":"Bonfire Elementals","floor":3,"gold_loss":0},{"damage_healed":0,"gold_gain":0,"player_choice":"Got Potions","damage_taken":0,"max_hp_gain":0,"max_hp_loss":0,"event_name":"Lab","floor":10,"gold_loss":0}],"is_beta":false,"boss_relics":[],"items_purged_floors":[],"is_endless":false,"potions_floor_spawned":[4,8,15],"killed_by":"SI_SHIV_ARCHETYPE","ascension_level":4}}