{"host":"emzatosnsokm6754","time":1614440903,"event":{"mods":["Act Like it!","BaseMod","Bossed Relics","Colored Powertips","Dota2Spire","Energized Spire","Minty Spire (QoL Compilation)","Rare Cards Sparkle","Replay The Spire","Ruina","Small Relic Pack","StSLib","The Hierophant","The Servant 0.9.4"],"gold_per_floor":[118,118,129,129,129,172,205,139,139,190,220,239,239,277,277,412,412,444,478,518,559,559,559,597,597,597,653,720,488,488,526,526,707,707,749,786,786,838,586,658,702,750,776,835,835,889,889,889,889,951],"floor_reached":51,"language":"ENG","playtime":1935,"items_purged":["Dualcast","Strike_B"],"score":610,"play_id":"e444b306-a040-4020-bbc1-fa46335b66f1","local_time":"20210228044823","is_ascension_mode":true,"campfire_choices":[{"data":"Seek","floor":13,"key":"SMITH"},{"floor":15,"key":"REST"},{"floor":23,"key":"REST"},{"data":"Reprogram","floor":25,"key":"SMITH"},{"floor":30,"key":"REST"},{"data":"Beam Cell","floor":32,"key":"SMITH"},{"floor":45,"key":"REST"},{"data":"Double Energy","floor":47,"key":"SMITH"},{"data":"Steam","floor":49,"key":"SMITH"}],"circlet_count":0,"master_deck":["Strike_B+1","Defend_B","Defend_B+1","Defend_B","Go for the Eyes","Go for the Eyes","Reprogram+1","Go for the Eyes","Seek+1","Gash","Fusion+1","Scrape+1","Beam Cell+1","Reprogram+1","Go for the Eyes","Double Energy+1","Go for the Eyes+1","Beam Cell","Steam+1","Beam Cell","Double Energy+1"],"relics":["Cracked Core","NeowsBlessing","Golden Idol","Replay:Bandana","Oddly Smooth Stone","ReplayTheSpireMod:Ninjato","Onion Ring","Replay:Drink Me","Prayer Wheel","Cables","Regal Pillow","OrangePellets","Pandora\u0027s Box","Blue Doll","Dota2Spire:Butterfly","Pen Nib","relicPack:AllForOne"],"acts_visited":["Exordium","ruina:Briah","TheBeyond"],"potions_floor_usage":[12,12,16,21,24,33,40,50,50,50],"damage_taken":[{"damage":0,"enemies":"2 Louse","floor":1,"turns":1},{"damage":0,"enemies":"Jaw Worm","floor":3,"turns":1},{"damage":0,"enemies":"Gremlin Nob","floor":6,"turns":1},{"damage":12,"enemies":"Small Slimes","floor":7,"turns":3},{"damage":17,"enemies":"Lagavulin","floor":10,"turns":8},{"damage":0,"enemies":"Red Slaver","floor":11,"turns":2},{"damage":0,"enemies":"Gremlin Gang","floor":12,"turns":3},{"damage":1,"enemies":"Blue Slaver","floor":14,"turns":2},{"damage":19,"enemies":"The Guardian","floor":16,"turns":13},{"damage":27,"enemies":"ruina:BadWolf","floor":18,"turns":5},{"damage":0,"enemies":"ruina:2_Scarecrows","floor":19,"turns":5},{"damage":5,"enemies":"ruina:KnightOfDespair","floor":20,"turns":6},{"damage":17,"enemies":"ruina:QueenOfHate","floor":21,"turns":7},{"damage":0,"enemies":"ruina:KingOfGreed","floor":24,"turns":6},{"damage":24,"enemies":"ruina:3_Scarecrows","floor":27,"turns":3},{"damage":7,"enemies":"ruina:Mountain","floor":28,"turns":6},{"damage":0,"enemies":"ruina:Woodsman","floor":31,"turns":3},{"damage":17,"enemies":"ruina:Ozma","floor":33,"turns":5},{"damage":1,"enemies":"3 Shapes","floor":35,"turns":3},{"damage":8,"enemies":"Orb Walker","floor":36,"turns":2},{"damage":8,"enemies":"Jaw Worm Horde","floor":38,"turns":2},{"damage":0,"enemies":"Nemesis","floor":40,"turns":5},{"damage":6,"enemies":"Sphere and 2 Shapes","floor":41,"turns":3},{"damage":7,"enemies":"3 Darklings","floor":42,"turns":3},{"damage":0,"enemies":"Transient","floor":44,"turns":5},{"damage":4,"enemies":"Sphere and 2 Shapes","floor":46,"turns":2},{"damage":0,"enemies":"Replay:Hell Engine","floor":50,"turns":3}],"seed_played":"-8753925776932337627","potions_obtained":[{"floor":10,"key":"Dota2Spire:HealingSalve"},{"floor":11,"key":"ColorlessPotion"},{"floor":12,"key":"ColorlessPotion"},{"floor":19,"key":"Venom Potion"},{"floor":21,"key":"SkillPotion"},{"floor":24,"key":"FairyPotion"},{"floor":28,"key":"Dota2Spire:Clarity"},{"floor":35,"key":"ColorlessPotion"},{"floor":36,"key":"Reflective Coating"},{"floor":40,"key":"Dota2Spire:Clarity"},{"floor":41,"key":"Venom Potion"}],"is_trial":false,"path_per_floor":["M","?","M","?","?","E","M","?","T","E","M","M","R","M","R","B",null,"M","M","M","M","?","R","M","R","T","M","E","$","R","M","R","B",null,"M","M","?","M","$","E","M","M","T","M","R","M","R","?","R","B",null],"character_chosen":"DEFECT","items_purchased":["OrangePellets","Blue Doll"],"campfire_rested":4,"item_purchase_floors":[29,39],"current_hp_per_floor":[75,60,60,65,45,45,33,33,33,16,16,25,25,24,48,29,60,33,33,28,11,11,28,28,28,28,4,15,15,47,47,47,30,57,56,48,48,40,40,40,34,27,27,27,57,53,53,53,53,53],"gold":951,"neow_bonus":"THREE_ENEMY_KILL","is_daily":false,"chose_seed":false,"campfire_upgraded":5,"win_rate":0.0,"timestamp":1614440903,"path_taken":["M","?","M","?","?","E","M","?","T","E","?","?","R","M","R","BOSS","M","?","?","M","?","R","M","R","T","M","E","$","R","M","R","BOSS","M","M","?","M","$","E","?","M","T","M","R","?","R","?","R","BOSS"],"items_purchased_type":["Relic","Relic"],"build_version":"2020-12-22","purchased_purges":2,"victory":true,"max_hp_per_floor":[75,75,75,80,80,80,80,80,80,80,80,80,80,80,80,80,60,60,60,60,60,57,57,57,57,57,57,57,57,57,57,57,57,57,57,57,57,57,57,57,57,57,57,57,57,57,57,57,57,57],"card_choices":[{"not_picked":["Barrage","Turbo"],"picked":"Go for the Eyes","floor":1},{"not_picked":["Conserve Battery","Hello World"],"picked":"Go for the Eyes","floor":3},{"not_picked":["ReplayTheSpireMod:Calculation Training","BasicCrystalCard","Cold Snap"],"picked":"SKIP","floor":6},{"not_picked":["BootSequence","Coolheaded"],"picked":"Reprogram","floor":7},{"not_picked":["BootSequence","Conserve Battery"],"picked":"Go for the Eyes","floor":10},{"not_picked":["ReplaySort","Stack"],"picked":"Seek","floor":11},{"not_picked":["Streamline","Steam"],"picked":"Gash","floor":12},{"not_picked":["Sunder","Glacier","Turbo"],"picked":"SKIP","floor":14},{"not_picked":["Rainbow","Reboot"],"picked":"ReplayTheSpireMod:Fabricate Wheel","floor":16},{"not_picked":["Coolheaded","Stack+1","Chill"],"picked":"SKIP","floor":18},{"not_picked":["BootSequence","Storm","Panic Button"],"picked":"SKIP","floor":19},{"not_picked":["Streamline","Heatsinks","Reinforced Body"],"picked":"SKIP","floor":20},{"not_picked":["Stack","Panic Button"],"picked":"Fusion+1","floor":21},{"not_picked":["Redo","Auto Shields","Sweeping Beam"],"picked":"SKIP","floor":21},{"not_picked":["Leap","Tempest"],"picked":"Scrape+1","floor":24},{"not_picked":["Machine Learning","Melter","Conserve Battery"],"picked":"SKIP","floor":24},{"not_picked":["Force Field","Barrage"],"picked":"Beam Cell","floor":27},{"not_picked":["ReplayTheSpireMod:Calculation Training","Force Field","Compile Driver"],"picked":"SKIP","floor":27},{"not_picked":["Streamline","Leap"],"picked":"Reprogram+1","floor":28},{"not_picked":["Rebound","Stack","Coolheaded+1"],"picked":"SKIP","floor":31},{"not_picked":["Stack+1","BasicCrystalCard","Rip and Tear+1"],"picked":"SKIP","floor":31},{"not_picked":["Conserve Battery","Glacier+1"],"picked":"Go for the Eyes","floor":35},{"not_picked":["ReplayTheSpireMod:Calculation Training+1","Rebound+1","Static Discharge+1"],"picked":"SKIP","floor":35},{"not_picked":["Ball Lightning","Blizzard+1","FTL+1"],"picked":"SKIP","floor":36},{"not_picked":["Leap","Ball Lightning+1","Turbo"],"picked":"SKIP","floor":36},{"not_picked":["Barrage","Streamline+1"],"picked":"Double Energy+1","floor":38},{"not_picked":["ReplayTheSpireMod:Reroute Power","Storm+1","Hologram+1"],"picked":"SKIP","floor":38},{"not_picked":["Turbo","ReplayRNGCard","Crystallizer"],"picked":"SKIP","floor":40},{"not_picked":["Capacitor","Turbo","Crystallizer+1"],"picked":"SKIP","floor":41},{"not_picked":["BasicCrystalCard","Consume","Ball Lightning+1"],"picked":"SKIP","floor":41},{"not_picked":["Darkness+1","Genetic Algorithm+1"],"picked":"Go for the Eyes+1","floor":42},{"not_picked":["Tempest+1","ReplayTheSpireMod:Fabricate Wheel"],"picked":"Beam Cell","floor":42},{"not_picked":["Panic Button+1","Rebound"],"picked":"Steam","floor":44},{"not_picked":["Stack+1","Skim","Hello World"],"picked":"SKIP","floor":44},{"not_picked":["Sweeping Beam","ReplaySort"],"picked":"Beam Cell","floor":46},{"not_picked":["BasicCrystalCard","Double Energy","Sweeping Beam"],"picked":"SKIP","floor":46},{"not_picked":["BasicCrystalCard","Sweeping Beam"],"picked":"Double Energy","floor":46}],"player_experience":238466,"relics_obtained":[{"floor":6,"key":"Replay:Bandana"},{"floor":9,"key":"ReplayTheSpireMod:Ninjato"},{"floor":10,"key":"Onion Ring"},{"floor":26,"key":"Cables"},{"floor":28,"key":"Regal Pillow"},{"floor":40,"key":"Dota2Spire:Butterfly"},{"floor":43,"key":"Pen Nib"}],"event_choices":[{"damage_healed":0,"gold_gain":0,"player_choice":"Entered Light","damage_taken":15,"max_hp_gain":0,"max_hp_loss":0,"event_name":"Shining Light","floor":2,"gold_loss":0,"cards_upgraded":["Defend_B","Strike_B"]},{"damage_healed":0,"gold_gain":0,"player_choice":"Donut","damage_taken":0,"max_hp_gain":5,"max_hp_loss":0,"event_name":"Big Fish","floor":4,"gold_loss":0},{"damage_healed":0,"gold_gain":0,"player_choice":"Take Damage","damage_taken":20,"relics_obtained":["Golden Idol"],"max_hp_gain":0,"max_hp_loss":0,"event_name":"Golden Idol","floor":5,"gold_loss":0},{"damage_healed":0,"gold_gain":0,"player_choice":"Paid Gold","damage_taken":0,"relics_obtained":["Oddly Smooth Stone"],"max_hp_gain":0,"max_hp_loss":0,"event_name":"WeMeetAgain","floor":8,"gold_loss":66},{"damage_healed":0,"gold_gain":0,"player_choice":"Ignored","damage_taken":0,"max_hp_gain":0,"max_hp_loss":0,"event_name":"Transmorgrifier","floor":37,"gold_loss":0}],"is_beta":false,"boss_relics":[{"not_picked":["Calling Bell","Ectoplasm"],"picked":"Replay:Drink Me"},{"not_picked":["Replay:Ancient Bell","relicPack:ShieldShield"],"picked":"Pandora\u0027s Box"}],"items_purged_floors":[29,39],"is_endless":false,"potions_floor_spawned":[10,11,12,19,21,24,28,35,36,40,41,46],"ascension_level":2}}