{"host":"x665ekuy0qorxtwt","time":1614416041,"event":{"mods":["AchievementEnabler","BaseMod","Bestiary","Colored Map","Colored Powertips","Minty Spire (QoL Compilation)"],"gold_per_floor":[116,128,140,159,173,200,218,251,274,292,292,309,339,353,353,453,453,467,487,506,165,207,207,232,244,244,244,289,331,331,342,342,441,441,483,553,565,608,683,683,710,710,710,754,754,365,382,382,382,382,382],"floor_reached":50,"language":"ENG","playtime":4635,"items_purged":["Defend_B"],"score":614,"play_id":"aaef71f7-386c-460f-a88f-7b2feeb276aa","local_time":"20210227005401","is_ascension_mode":false,"campfire_choices":[{"floor":11.0,"key":"REST"},{"floor":15.0,"key":"REST"},{"floor":23,"key":"REST"},{"floor":27,"key":"REST"},{"floor":32,"key":"REST"},{"data":"Buffer","floor":40,"key":"SMITH"},{"data":"Echo Form","floor":42,"key":"SMITH"},{"floor":45,"key":"REST"},{"data":"Rainbow","floor":49,"key":"SMITH"}],"circlet_count":0,"master_deck":["Strike_B+1","Strike_B","Strike_B","Defend_B","Defend_B","Zap","Dualcast","Sweeping Beam+1","Hello World","Defragment","Coolheaded","Melter","Rainbow+1","Conserve Battery","Go for the Eyes+1","Ball Lightning+1","Loop","Echo Form+1","Skim","Capacitor","Steam","Sweeping Beam+1","HandOfGreed+1","Cold Snap+1","Beam Cell+1","Beam Cell+1","Glacier+1","Machine Learning","Buffer","Seek","Buffer+1","Leap","Ball Lightning+1","Leap+1","Auto Shields","BootSequence+1","Panache+1"],"relics":["Cracked Core","Molten Egg 2","Bag of Marbles","Centennial Puzzle","Letter Opener","Black Star","Vajra","Whetstone","Pen Nib","Potion Belt","Busted Crown","Mango","Ginger","Regal Pillow","Art of War","Frozen Egg 2","Incense Burner"],"acts_visited":["Exordium","TheCity","TheBeyond"],"potions_floor_usage":[25,33,36,36,50,50,50],"damage_taken":[{"damage":2.0,"enemies":"Small Slimes","floor":1.0,"turns":4.0},{"damage":7.0,"enemies":"2 Louse","floor":2.0,"turns":3.0},{"damage":1.0,"enemies":"Jaw Worm","floor":3.0,"turns":4.0},{"damage":11.0,"enemies":"Blue Slaver","floor":4.0,"turns":4.0},{"damage":8.0,"enemies":"Exordium Wildlife","floor":5.0,"turns":5.0},{"damage":34.0,"enemies":"Gremlin Nob","floor":6.0,"turns":5.0},{"damage":7.0,"enemies":"Looter","floor":7.0,"turns":4.0},{"damage":2.0,"enemies":"3 Sentries","floor":8.0,"turns":9.0},{"damage":8.0,"enemies":"Blue Slaver","floor":10.0,"turns":3.0},{"damage":7.0,"enemies":"Exordium Wildlife","floor":12.0,"turns":3.0},{"damage":12.0,"enemies":"Gremlin Gang","floor":14.0,"turns":3.0},{"damage":4.0,"enemies":"Hexaghost","floor":16.0,"turns":6.0},{"damage":22.0,"enemies":"3 Byrds","floor":18.0,"turns":6.0},{"damage":15.0,"enemies":"Chosen","floor":19.0,"turns":6.0},{"damage":1.0,"enemies":"Snecko","floor":20.0,"turns":4.0},{"damage":37,"enemies":"Cultist and Chosen","floor":22,"turns":5},{"damage":40,"enemies":"Book of Stabbing","floor":24,"turns":7},{"damage":3,"enemies":"3 Cultists","floor":25,"turns":3},{"damage":3,"enemies":"Centurion and Healer","floor":28,"turns":4},{"damage":3,"enemies":"Cultist and Chosen","floor":29,"turns":4},{"damage":21,"enemies":"Chosen and Byrds","floor":31,"turns":7},{"damage":25,"enemies":"Automaton","floor":33,"turns":10},{"damage":0,"enemies":"3 Shapes","floor":35,"turns":4},{"damage":33,"enemies":"2 Orb Walkers","floor":36,"turns":4},{"damage":0,"enemies":"Orb Walker","floor":37,"turns":3},{"damage":32,"enemies":"4 Shapes","floor":38,"turns":4},{"damage":0,"enemies":"Mind Bloom Boss Battle","floor":39,"turns":4},{"damage":0,"enemies":"Nemesis","floor":41,"turns":7},{"damage":12,"enemies":"Sphere and 2 Shapes","floor":44,"turns":5},{"damage":9,"enemies":"Spire Growth","floor":47,"turns":7},{"damage":56,"enemies":"Donu and Deca","floor":50,"turns":8}],"seed_played":"-6437016579179198818","potions_obtained":[{"floor":2.0,"key":"FairyPotion"},{"floor":7.0,"key":"DuplicationPotion"},{"floor":10.0,"key":"Strength Potion"},{"floor":12.0,"key":"DistilledChaos"},{"floor":14.0,"key":"Explosive Potion"},{"floor":16.0,"key":"PowerPotion"},{"floor":22,"key":"SteroidPotion"},{"floor":25,"key":"Fire Potion"},{"floor":28,"key":"Fire Potion"},{"floor":29,"key":"Weak Potion"},{"floor":31,"key":"AttackPotion"},{"floor":33,"key":"SpeedPotion"},{"floor":38,"key":"SteroidPotion"},{"floor":41,"key":"SteroidPotion"}],"is_trial":false,"path_per_floor":["M","M","M","M","M","E","M","E","T","M","R","M","?","M","R","B",null,"M","M","M","$","M","R","E","M","T","R","M","M","?","M","R","B",null,"M","?","M","M","?","R","E","R","T","M","R","$","M","?","R","B"],"character_chosen":"DEFECT","items_purchased":["Sweeping Beam+1","HandOfGreed+1","Vajra","Incense Burner"],"campfire_rested":6,"item_purchase_floors":[21,21,21,46],"current_hp_per_floor":[80,73,72,61,53,19,12,10,10,2,26,19,19,7,31,27,82,60,45,44,44,7,31,16,13,13,37,34,31,31,10,34,9,82,82,63,63,31,31,31,31,31,31,19,62,62,53,53,53,0,0],"gold":382,"neow_bonus":"TEN_PERCENT_HP_BONUS","is_daily":false,"chose_seed":false,"campfire_upgraded":3,"win_rate":0.0,"timestamp":1614416041,"path_taken":["M","M","M","M","M","E","M","E","T","M","R","M","?","M","R","BOSS","M","M","M","$","M","R","E","M","T","R","M","M","?","M","R","BOSS","M","?","M","M","?","R","E","R","T","M","R","$","?","?","R","BOSS"],"items_purchased_type":["Card","Card","Relic","Relic"],"build_version":"2020-12-22","purchased_purges":1,"victory":false,"max_hp_per_floor":[82,82,82,82,82,82,82,82,82,82,82,82,82,82,82,82,82,82,82,82,82,82,82,82,82,82,82,82,82,82,82,82,82,82,82,96,96,96,96,96,96,96,96,96,96,96,96,96,96,96,96],"card_choices":[{"not_picked":["Rebound","Rip and Tear"],"picked":"Sweeping Beam","floor":1.0},{"not_picked":["Gash","Steam"],"picked":"Hello World","floor":2.0},{"not_picked":["Doom and Gloom","Sweeping Beam"],"picked":"Defragment","floor":3.0},{"not_picked":["Scrape","Streamline"],"picked":"Coolheaded","floor":4.0},{"not_picked":["Cold Snap","BootSequence"],"picked":"Melter","floor":5.0},{"not_picked":["Leap","Gash+1"],"picked":"Rainbow","floor":6.0},{"not_picked":["Coolheaded","Reprogram"],"picked":"Conserve Battery","floor":7.0},{"not_picked":["Coolheaded","Hello World"],"picked":"Go for the Eyes+1","floor":8.0},{"not_picked":["Thunder Strike+1","Reinforced Body"],"picked":"Ball Lightning+1","floor":10.0},{"not_picked":["Streamline+1","Leap","Gash+1"],"picked":"SKIP","floor":12.0},{"not_picked":["Coolheaded","Gash+1"],"picked":"Loop","floor":14.0},{"not_picked":["Reboot","Multi-Cast"],"picked":"Echo Form","floor":16.0},{"not_picked":["Scrape+1","Beam Cell+1"],"picked":"Skim","floor":18.0},{"not_picked":["Compile Driver+1","Force Field"],"picked":"Capacitor","floor":19.0},{"not_picked":["Sweeping Beam+1","Conserve Battery"],"picked":"Steam","floor":20.0},{"not_picked":["Steam Power","Steam"],"picked":"Cold Snap+1","floor":22},{"not_picked":["Melter+1","Static Discharge"],"picked":"Beam Cell+1","floor":24},{"not_picked":["Compile Driver+1","Ball Lightning+1"],"picked":"Beam Cell+1","floor":25},{"not_picked":["Go for the Eyes+1","Chaos"],"picked":"Glacier+1","floor":28},{"not_picked":["Skim+1","Conserve Battery+1"],"picked":"Machine Learning","floor":29},{"not_picked":["Redo","Conserve Battery","Rebound+1"],"picked":"SKIP","floor":31},{"not_picked":["Machine Learning","All For One+1"],"picked":"Buffer","floor":33},{"not_picked":[],"picked":"Leap","floor":35},{"not_picked":[],"picked":"Ball Lightning+1","floor":36},{"not_picked":["Sweeping Beam+1"],"picked":"SKIP","floor":37},{"not_picked":[],"picked":"Leap+1","floor":38},{"not_picked":[],"picked":"Auto Shields","floor":41},{"not_picked":[],"picked":"BootSequence+1","floor":44},{"not_picked":["Beam Cell+1"],"picked":"SKIP","floor":47},{"not_picked":[],"picked":"Panache+1","floor":48}],"player_experience":226675,"relics_obtained":[{"floor":6.0,"key":"Molten Egg 2"},{"floor":8.0,"key":"Bag of Marbles"},{"floor":9.0,"key":"Centennial Puzzle"},{"floor":24,"key":"Whetstone"},{"floor":24,"key":"Pen Nib"},{"floor":26,"key":"Potion Belt"},{"floor":36,"key":"Mango"},{"floor":39,"key":"Ginger"},{"floor":41,"key":"Regal Pillow"},{"floor":41,"key":"Art of War"},{"floor":43,"key":"Frozen Egg 2"}],"event_choices":[{"damage_healed":0.0,"max_hp_gain":0.0,"max_hp_loss":0.0,"gold_gain":30.0,"event_name":"Dead Adventurer","player_choice":"Searched \u00272\u0027 times","floor":13.0,"gold_loss":0.0,"damage_taken":0.0,"relics_obtained":["Letter Opener"]},{"damage_healed":0,"gold_gain":0,"cards_transformed":["Strike_B","Defend_B"],"player_choice":"Became Test Subject","damage_taken":0,"max_hp_gain":0,"max_hp_loss":0,"event_name":"Drug Dealer","floor":30,"gold_loss":0,"cards_obtained":["Buffer","Seek"]},{"damage_healed":0,"gold_gain":0,"player_choice":"Fight","damage_taken":0,"max_hp_gain":0,"max_hp_loss":0,"event_name":"Mysterious Sphere","floor":36,"gold_loss":0},{"damage_healed":0,"gold_gain":0,"player_choice":"Fight","damage_taken":0,"max_hp_gain":0,"max_hp_loss":0,"event_name":"MindBloom","floor":39,"gold_loss":0},{"damage_healed":0,"gold_gain":0,"player_choice":"Memory 1","damage_taken":0,"max_hp_gain":0,"max_hp_loss":0,"event_name":"SensoryStone","floor":48,"gold_loss":0}],"is_beta":false,"boss_relics":[{"not_picked":["SacredBark","Calling Bell"],"picked":"Black Star"},{"not_picked":["Runic Dome","Cursed Key"],"picked":"Busted Crown"}],"items_purged_floors":[46],"is_endless":false,"potions_floor_spawned":[2,7,10,12,14,16,22,25,28,29,31,33,38,41,47],"killed_by":"Donu and Deca","ascension_level":0}}