{"host":"za9ilm1uiwmpmin1","time":1614438356,"event":{"mods":["AchievementEnabler","BaseMod","Downfall","Friendly Minions","KomeijiMod","Lobotomy","Minty Spire (QoL Compilation)","MostiFishMod","Remilia（蕾米莉亚）","StSLib","TestMod","Waifu the Spire"],"gold_per_floor":[111,121,121,121,131,158,83,111,111,130,156,176,203,218,218,295,295,307,318,318,335,250,278,278,65,65,65,92,104,136,150,150,229,229,245,145,157,168,568,896,915,940,940,746,746,746,763,795,795,795,795,795,795,303,333,333],"floor_reached":57,"language":"ZHS","playtime":2598,"items_purged":["champ:Strike","champ:Strike","champ:Defend","champ:StanceDance"],"score":3171,"play_id":"31f18752-86c4-4783-828a-dcffff951233","local_time":"20210227230556","is_ascension_mode":true,"campfire_choices":[{"data":"champ:FanOfKnives","floor":15,"key":"SMITH"},{"data":"champ:Execute","floor":24,"key":"SMITH"},{"data":"champ:EnchantCrown","floor":27,"key":"SMITH"},{"data":"champ:HoldFirm","floor":32,"key":"SMITH"},{"floor":46,"key":"RECALL"},{"data":"champ:EnchantSword","floor":49,"key":"SMITH"},{"data":"champ:Defend","floor":53,"key":"SMITH"}],"circlet_count":0,"master_deck":["AscendersBane","champ:Defend","champ:Defend+1","champ:Defend+1","champ:Execute+1","champ:Taunt+1","champ:FanOfKnives+1","champ:EnchantCrown+1","champ:HoldFirm+1","champ:EnchantSword+1","champ:Duel+1","champ:EnchantShield+1"],"relics":["testmod-TestBox","testmod-CrystalShield","SacredBark","ExusiaiGun","SynthV:TestCard","Blue Candle","Meat on the Bone","champ:FightingForDummies","Singing Bowl","Strawberry","War Paint","JellyFishMachine","ArrowTower","Tiny Chest","Membership Card","champ:SignatureFinisher","SynthV:C4","Boot","xbg","Old Coin","Mummified Hand","AntiCross","Guardian:PocketSentry","champ:DefensiveTrainingManual","Gremlin Horn","BrkXgEgg","hexamod:CandleOfCauterizing"],"acts_visited":["Exordium","TheCity","TheBeyond","TheEnding"],"potions_floor_usage":[11,13,54,56,56,56],"damage_taken":[{"damage":0,"enemies":"Small Slimes","floor":1,"turns":2},{"damage":0,"enemies":"2 Louse","floor":2,"turns":1},{"damage":0,"enemies":"Cultist","floor":5,"turns":1},{"damage":67,"enemies":"Lagavulin","floor":6,"turns":4},{"damage":50,"enemies":"3 Sentries","floor":8,"turns":3},{"damage":0,"enemies":"3 Louse","floor":10,"turns":1},{"damage":50,"enemies":"Gremlin Nob","floor":11,"turns":3},{"damage":8,"enemies":"Looter","floor":12,"turns":2},{"damage":0,"enemies":"3 Sentries","floor":13,"turns":3},{"damage":0,"enemies":"Large Slime","floor":14,"turns":2},{"damage":110,"enemies":"The Guardian","floor":16,"turns":8},{"damage":0,"enemies":"3 Byrds","floor":18,"turns":2},{"damage":0,"enemies":"Chosen","floor":19,"turns":2},{"damage":64,"enemies":"Snake Plant","floor":21,"turns":3},{"damage":34,"enemies":"Book of Stabbing","floor":23,"turns":3},{"damage":18,"enemies":"Slavers","floor":28,"turns":3},{"damage":55,"enemies":"Cultist and Chosen","floor":29,"turns":3},{"damage":56,"enemies":"Book of Stabbing","floor":30,"turns":2},{"damage":50,"enemies":"Centurion and Healer","floor":31,"turns":1},{"damage":50,"enemies":"Automaton","floor":33,"turns":1},{"damage":0,"enemies":"3 Darklings","floor":35,"turns":1},{"damage":0,"enemies":"Orb Walker","floor":37,"turns":2},{"damage":50,"enemies":"Writhing Mass","floor":38,"turns":2},{"damage":23,"enemies":"Nemesis","floor":40,"turns":3},{"damage":160,"enemies":"Transient","floor":41,"turns":6},{"damage":50,"enemies":"Reptomancer","floor":42,"turns":2},{"damage":46,"enemies":"4 Shapes","floor":47,"turns":1},{"damage":108,"enemies":"Nemesis","floor":48,"turns":3},{"damage":143,"enemies":"Time Eater","floor":50,"turns":3},{"damage":1,"enemies":"Shield and Spear","floor":55,"turns":2},{"damage":214,"enemies":"The Heart","floor":56,"turns":6}],"seed_played":"-519655257317723017","potions_obtained":[{"floor":6,"key":"Fire Potion"},{"floor":8,"key":"Weak Potion"},{"floor":11,"key":"Ancient Potion"},{"floor":13,"key":"SpeedPotion"},{"floor":55,"key":"Guardian:BlockOnCardUsePotion"}],"is_trial":false,"path_per_floor":["M","M","?","?","M","E","$","E","T","M","E","M","E","M","R","B",null,"M","M","?","M","?","E","R","$","T","R","E","M","E","M","R","B",null,"M","?","M","M","?","E","M","E","T","$","?","R","M","E","R","B",null,null,"R","$","E","B",null],"character_chosen":"THE_CHAMP","items_purchased":["Membership Card","AntiCross","champ:DefensiveTrainingManual","Gremlin Horn","testmod-SpacePotion","GamblersBrew","Block Potion","BrkXgEgg"],"campfire_rested":0,"item_purchase_floors":[25,44,54,54,54,54,54,54],"current_hp_per_floor":[73,73,68,68,68,68,68,70,70,70,90,84,86,88,88,95,96,98,100,100,93,93,89,89,89,89,89,73,87,83,97,97,99,109,111,115,117,119,119,118,107,109,109,109,104,104,105,104,104,101,101,124,124,124,123,119],"gold":333,"neow_bonus":"BOSS_RELIC","is_daily":false,"chose_seed":false,"campfire_upgraded":6,"win_rate":0.0,"timestamp":1614438356,"path_taken":["M","M","?","?","M","E","$","E","T","M","E","M","E","?","R","BOSS","M","M","?","M","?","E","R","$","T","R","E","M","E","M","R","BOSS","M","?","M","M","?","E","M","E","T","$","?","R","M","E","R","BOSS","R","$","E","BOSS"],"items_purchased_type":["Relic","Relic","Relic","Relic","Potion","Potion","Potion","Relic"],"build_version":"2020-12-22","purchased_purges":4,"victory":true,"max_hp_per_floor":[81,81,81,81,81,81,81,81,81,81,90,92,94,96,96,96,96,98,100,100,102,102,102,102,102,102,102,104,106,108,110,110,112,112,114,118,120,122,122,124,126,128,128,128,128,128,130,132,132,132,132,132,132,132,132,132],"card_choices":[{"not_picked":["champ:TornadoPunch","champ:Haymaker","champ:BerserkersShout"],"picked":"SKIP","floor":1},{"not_picked":["champ:Endure","champ:EnragedBash","champ:FlashCut","champ:BringItOn","champ:GutPunch"],"picked":"SKIP","floor":2},{"not_picked":["champ:StanceDance","champ:Backstep","champ:Haymaker","champ:SkillfulDodge","champ:MurderStrike"],"picked":"SKIP","floor":5},{"not_picked":["champ:BringItOn","champ:ShieldSlam","champ:DefensiveShout","champ:Parry"],"picked":"champ:FanOfKnives","floor":6},{"not_picked":["champ:GutPunch","champ:SwordSigil","champ:FaceSlap","champ:StanceDance","champ:TornadoPunch"],"picked":"SKIP","floor":8},{"not_picked":["champ:FanOfKnives","champ:BerserkerStyle","champ:ShieldSlam","champ:ShieldWall"],"picked":"champ:EnchantCrown","floor":10},{"not_picked":["champ:FaceSlap","champ:FlashCut","champ:PreemptiveStrike","champ:ArenaPreparation","champ:EnragedBash"],"picked":"Singing Bowl","floor":11},{"not_picked":["champ:FlashCut","champ:DefensiveShout","champ:BerserkersShout","champ:PreciseThrust","champ:FanOfKnives"],"picked":"Singing Bowl","floor":12},{"not_picked":["champ:CrownThrow","champ:Lariat","champ:IgnorePain","champ:PreciseThrust","champ:FlashCut"],"picked":"Singing Bowl","floor":13},{"not_picked":["champ:ShieldSigil","champ:HeartStrike","champ:GladiatorForm","champ:BringItOn","champ:EnGarde"],"picked":"Singing Bowl","floor":14},{"not_picked":["champ:EnchantSword","champ:SteelEdge","champ:EnchantShield","champ:EnchantCrown"],"picked":"champ:HoldFirm","floor":16},{"not_picked":["champ:BladeFlurry","champ:StanceDance","champ:FanOfKnives","champ:Haymaker","champ:BerserkerStyle"],"picked":"Singing Bowl","floor":18},{"not_picked":["champ:SetATrap","champ:Circumvent","champ:PreemptiveStrike","champ:FlashCut","champ:DefensiveStyle"],"picked":"Singing Bowl","floor":19},{"not_picked":["champ:EnGarde+1","champ:RisingSlash","champ:BringItOn","champ:ShieldSlam","champ:Haymaker"],"picked":"Singing Bowl","floor":21},{"not_picked":["champ:SkillfulDodge","champ:Endure","champ:FocusedDefense","champ:DefensiveShout"],"picked":"champ:EnchantSword","floor":23},{"not_picked":["champ:Parry","champ:DancingMaster","champ:Improvising","champ:EnragedBash","champ:PreciseThrust"],"picked":"Singing Bowl","floor":28},{"not_picked":["champ:GutPunch","champ:FanOfKnives","champ:Backstep","champ:BringItOn+1","champ:Encircle"],"picked":"Singing Bowl","floor":29},{"not_picked":["champ:Haymaker","champ:SetATrap","champ:Shatter+1","champ:BringItOn","champ:RisingSlash"],"picked":"Singing Bowl","floor":30},{"not_picked":["champ:Haymaker","champ:DefensiveStyle","champ:FocusedBerserking+1","champ:RapidStrikes","champ:SwordSigil"],"picked":"Singing Bowl","floor":31},{"not_picked":["champ:UltimateStance","champ:VampiricStrike","champ:Devastate","champ:HeavySlash","champ:EnchantSword"],"picked":"Singing Bowl","floor":33},{"not_picked":["champ:StanceDance","champ:PerfectedStrike","champ:Circumvent","champ:BringItOn","champ:ShieldSlam+1"],"picked":"Singing Bowl","floor":35},{"not_picked":["champ:Haymaker","champ:Shatter","champ:BerserkersShout","champ:BladeFlurry"],"picked":"champ:Duel+1","floor":36},{"not_picked":["champ:FlashCut","champ:SteelEdge","champ:ShieldSigil","champ:DeathBlow","champ:CrownThrow"],"picked":"Singing Bowl","floor":36},{"not_picked":["champ:BladeFlurry","champ:CrownThrow","champ:Haymaker+1","champ:ShieldWall","champ:DefensiveShout+1"],"picked":"Singing Bowl","floor":36},{"not_picked":["champ:EnchantCrown","champ:FocusedDefense","champ:HeartStrike","champ:CrownThrow","champ:ShieldWall"],"picked":"Singing Bowl","floor":37},{"not_picked":["champ:RecklessLeap","champ:CalledShot+1","champ:Parry","champ:FalseCounter+1","champ:Circumvent"],"picked":"Singing Bowl","floor":38},{"not_picked":["champ:PreciseThrust+1","champ:FanOfKnives+1","champ:DefensiveShout","champ:Encircle","champ:Endure"],"picked":"Singing Bowl","floor":40},{"not_picked":["champ:AdrenalArmor","champ:FocusedDefense","champ:DefensiveShout","champ:SwordSigil","champ:PreciseThrust"],"picked":"Singing Bowl","floor":41},{"not_picked":["champ:CalledShot","champ:CrownThrow+1","champ:PreciseThrust","champ:GutPunch","champ:Haymaker+1"],"picked":"Singing Bowl","floor":42},{"not_picked":["champ:AdrenalArmor+1","champ:CrookedStrike","champ:StanceDance","champ:RapidStrikes","champ:Shatter"],"picked":"Singing Bowl","floor":47},{"not_picked":["champ:ShieldSlam","champ:EnragedBash","champ:ShieldSigil","champ:SwordSigil","champ:CrookedStrike"],"picked":"Singing Bowl","floor":48},{"not_picked":["champ:MurderStrike+1","champ:DeathBlow","champ:IronFortress","champ:TornadoPunch+1"],"picked":"champ:EnchantShield+1","floor":55}],"player_experience":1387663,"relics_obtained":[{"floor":1,"key":"SynthV:TestCard"},{"floor":6,"key":"Meat on the Bone"},{"floor":8,"key":"champ:FightingForDummies"},{"floor":9,"key":"Singing Bowl"},{"floor":11,"key":"Strawberry"},{"floor":13,"key":"War Paint"},{"floor":23,"key":"Tiny Chest"},{"floor":26,"key":"champ:SignatureFinisher"},{"floor":28,"key":"SynthV:C4"},{"floor":30,"key":"Boot"},{"floor":40,"key":"Old Coin"},{"floor":42,"key":"Mummified Hand"},{"floor":48,"key":"Guardian:PocketSentry"},{"floor":55,"key":"hexamod:CandleOfCauterizing"}],"event_choices":[{"damage_healed":0,"gold_gain":0,"cards_transformed":["champ:Strike"],"player_choice":"Transformed","damage_taken":0,"max_hp_gain":0,"max_hp_loss":0,"event_name":"Transmorgrifier","floor":4,"gold_loss":0,"cards_obtained":["champ:StanceDance"]},{"damage_healed":0,"gold_gain":0,"player_choice":"Obtained Relic","damage_taken":0,"relics_obtained":["ArrowTower"],"max_hp_gain":0,"max_hp_loss":0,"event_name":"Addict","floor":22,"gold_loss":85},{"damage_healed":0,"gold_gain":400,"player_choice":"Sell","damage_taken":0,"max_hp_gain":0,"max_hp_loss":0,"event_name":"恩洛斯的盘子","floor":39,"relics_lost":["DaveBox"],"gold_loss":0}],"is_beta":false,"boss_relics":[{"not_picked":["testmod-Prudence","Calling Bell"],"picked":"JellyFishMachine"},{"not_picked":["GreenFoldingFan","Empty Cage"],"picked":"xbg"}],"items_purged_floors":[7,25,44,54],"is_endless":false,"potions_floor_spawned":[2,6,8,11,13,18,28,33,41,42,47,55],"ascension_level":19}}