{"host":"7vlopc64487frs6y","time":1614429152,"event":{"mods":["Aspiration","BaseMod","BetterRewards","Colored Map","Decade(Õı–°√˜)","Downfall","Good Game Mod","Highlight Path","Minty Spire (QoL Compilation)","Quick Restart","Reimu£®≤©¿ˆ¡È√Œ£©","Remilia£®¿Ÿ√◊¿Ú—«£©","Replay The Spire","Shop Mod","StSLib","TestMod","Unceasing Turn Reminder","Youmu£®ªÍ∆«—˝√Œ£©"],"gold_per_floor":[115,40,40,40,60,60,75,150,150,150,161,161,187,187,187,261,261,281,296,296,296],"floor_reached":20,"language":"ZHS","playtime":817,"items_purged":["Defend_B"],"score":494,"play_id":"333bc302-7816-4bb2-af4d-171982cf73e5","local_time":"20210227203232","is_ascension_mode":true,"campfire_choices":[{"data":"Defragment","floor":6,"key":"SMITH"},{"floor":10,"key":"RECALL"},{"data":"Panic Button","floor":12,"key":"SMITH"},{"data":"Coolheaded","floor":15,"key":"SMITH"}],"circlet_count":0,"master_deck":["AscendersBane","Strike_B","Strike_B","Strike_B","Strike_B","Defend_B","Defend_B","Defend_B","Zap","Dualcast","Injury","Defragment+1","Panic Button+1","Coolheaded+1","Biased Cognition","CurseOfTheBell","Defragment","Coolheaded+1"],"relics":["Cracked Core","testmod-TestBox","REME:ComplimentaryCards","testmod-TurbochargingSystem","Pondfish Scales","aspiration:SeaSaltIceCream","NeowsBlessing","Tea:ReiMu","Calling Bell","Replay:Mystery Machine","testmod-ArcanaOfDestiny","Shovel"],"acts_visited":["Exordium","TheCity"],"potions_floor_usage":[19,20,20,20],"damage_taken":[{"damage":1.0,"enemies":"Cultist","floor":1.0,"turns":4.0},{"damage":6,"enemies":"Small Slimes","floor":5,"turns":3},{"damage":12,"enemies":"Jaw Worm","floor":7,"turns":3},{"damage":0,"enemies":"Exordium Wildlife","floor":11,"turns":1},{"damage":0,"enemies":"3 Sentries","floor":13,"turns":1},{"damage":0,"enemies":"Slime Boss","floor":16,"turns":1},{"damage":21,"enemies":"Shell Parasite","floor":18,"turns":13},{"damage":23,"enemies":"Chosen","floor":19,"turns":6},{"damage":14,"enemies":"Centurion and Healer","floor":20,"turns":13}],"seed_played":"-3351764941937061146","potions_obtained":[{"floor":1.0,"key":"EssenceOfSteel"},{"floor":5,"key":"ColorlessPotion"},{"floor":14,"key":"EntropicBrew"}],"is_trial":false,"path_per_floor":["M","$","?","$","M","R","M","?","T","R","M","R","E","?","R","B",null,"M","M","M"],"character_chosen":"DEFECT","items_purchased":[],"campfire_rested":0,"item_purchase_floors":[],"current_hp_per_floor":[63,63,63,63,57,57,45,34,34,34,34,34,34,34,34,34,62,41,18,4,4],"gold":296,"neow_bonus":"ONE_RARE_RELIC","is_daily":false,"chose_seed":false,"campfire_upgraded":3,"win_rate":0.0,"timestamp":1614429152,"path_taken":["M","$","?","$","M","R","M","?","T","R","M","R","E","?","R","BOSS","M","?","M"],"items_purchased_type":[],"build_version":"2020-12-22","purchased_purges":1,"victory":false,"max_hp_per_floor":[71,71,71,71,71,71,71,71,71,71,71,71,71,71,71,71,71,71,71,71,71],"card_choices":[{"not_picked":["Chaos","Genetic Algorithm"],"picked":"Defragment","floor":1.0},{"not_picked":["Rebound","Heatsinks","Conserve Battery"],"picked":"SKIP","floor":5},{"not_picked":["Tempest","Beam Cell","Lockon"],"picked":"SKIP","floor":7},{"not_picked":["Conserve Battery","BasicCrystalCard"],"picked":"Panic Button","floor":11},{"not_picked":["Reboot","ReplayTheSpireMod:Repulse"],"picked":"Coolheaded","floor":13},{"not_picked":["Reboot","Machine Learning"],"picked":"Biased Cognition","floor":16},{"not_picked":["Redo","Conserve Battery"],"picked":"Defragment","floor":18},{"not_picked":["Scrape","Capacitor"],"picked":"Coolheaded+1","floor":19}],"player_experience":797303,"relics_obtained":[{"floor":9,"key":"aspiration:SeaSaltIceCream"},{"floor":13,"key":"Tea:ReiMu"},{"floor":17,"key":"Replay:Mystery Machine"},{"floor":17,"key":"testmod-ArcanaOfDestiny"},{"floor":17,"key":"Shovel"}],"event_choices":[{"damage_healed":0,"gold_gain":75,"player_choice":"Gather Gold","damage_taken":11,"max_hp_gain":0,"max_hp_loss":0,"event_name":"World of Goop","floor":8,"gold_loss":0},{"damage_healed":0,"gold_gain":0,"player_choice":"Got Potions","damage_taken":0,"max_hp_gain":0,"max_hp_loss":0,"event_name":"Lab","floor":14,"gold_loss":0}],"is_beta":false,"boss_relics":[{"not_picked":["testmod-Fanaticism","testmod-IncinerationGenerator"],"picked":"Calling Bell"}],"items_purged_floors":[2],"is_endless":false,"potions_floor_spawned":[1,5,13,18],"killed_by":"Centurion and Healer","ascension_level":20}}