{"host":"raaimkojny05jekw","time":1614431955,"event":{"mods":["AchievementEnabler","BaseMod","Colored Map","Colored Powertips","DeckTracker","Minty Spire (QoL Compilation)","Quick Restart","Rare Cards Sparkle","everything is the same but u backflip on backflip"],"gold_per_floor":[116,116,186,206,219,219,71,81,107,107,134,203,203,231,231,231,231],"floor_reached":16,"language":"KOR","playtime":474,"items_purged":[],"score":158,"play_id":"8657ac50-5652-422c-87a5-e6279704d134","local_time":"20210227221915","is_ascension_mode":true,"campfire_choices":[{"data":"Double Tap","floor":6,"key":"SMITH"},{"data":"Blood for Blood","floor":10,"key":"SMITH"},{"data":"Bash","floor":13,"key":"SMITH"},{"data":"Shockwave","floor":15,"key":"SMITH"}],"circlet_count":0,"master_deck":["AscendersBane","Strike_R","Strike_R","Strike_R","Strike_R","Strike_R","Defend_R","Defend_R","Defend_R","Defend_R","Bash+1","Double Tap+1","Sword Boomerang","Shockwave+1","Brutality","Headbutt","Blood for Blood+1","Ghostly Armor","Feed","Clothesline","Metallicize","Twin Strike","Wild Strike"],"relics":["Burning Blood","SsserpentHead","Orrery","CeramicFish"],"acts_visited":["Exordium"],"potions_floor_usage":[11,16,16],"damage_taken":[{"damage":9,"enemies":"2 Louse","floor":1,"turns":3},{"damage":1,"enemies":"Cultist","floor":3,"turns":3},{"damage":12,"enemies":"Jaw Worm","floor":4,"turns":4},{"damage":18,"enemies":"3 Louse","floor":5,"turns":4},{"damage":11,"enemies":"Looter","floor":8,"turns":3},{"damage":21,"enemies":"Gremlin Gang","floor":11,"turns":7},{"damage":27,"enemies":"3 Louse","floor":12,"turns":4},{"damage":5,"enemies":"Blue Slaver","floor":14,"turns":3},{"damage":22,"enemies":"The Guardian","floor":16,"turns":7}],"seed_played":"-760965051825058422","potions_obtained":[{"floor":3,"key":"Block Potion"},{"floor":5,"key":"Strength Potion"},{"floor":12,"key":"Explosive Potion"},{"floor":14,"key":"AttackPotion"}],"is_trial":false,"path_per_floor":["M","?","M","M","M","R","$","M","T","R","M","M","R","M","R","B"],"character_chosen":"IRONCLAD","items_purchased":["Orrery"],"campfire_rested":0,"item_purchase_floors":[7],"current_hp_per_floor":[69,69,72,66,54,54,54,49,49,49,37,19,19,20,20,0,0],"gold":231,"neow_bonus":"THREE_RARE_CARDS","is_daily":false,"chose_seed":false,"campfire_upgraded":4,"win_rate":0.0,"timestamp":1614431955,"path_taken":["M","?","?","M","M","R","$","M","T","R","M","?","R","M","R","BOSS"],"items_purchased_type":["Relic"],"build_version":"2020-12-22","purchased_purges":0,"victory":false,"max_hp_per_floor":[72,72,72,72,72,72,72,72,72,72,75,78,78,78,78,78,78],"card_choices":[{"not_picked":["Demon Form","Barricade"],"picked":"Double Tap","floor":0},{"not_picked":["Dual Wield","Flex"],"picked":"Sword Boomerang","floor":1},{"not_picked":["Feel No Pain","Heavy Blade"],"picked":"Shockwave","floor":3},{"not_picked":["Perfected Strike","Pummel"],"picked":"Brutality","floor":4},{"not_picked":["True Grit","Warcry"],"picked":"Headbutt","floor":5},{"not_picked":["Perfected Strike","Shockwave"],"picked":"Blood for Blood","floor":7},{"not_picked":["Clothesline","Twin Strike"],"picked":"Ghostly Armor","floor":7},{"not_picked":["Spot Weakness","Pommel Strike"],"picked":"Feed","floor":7},{"not_picked":["Havoc","Anger"],"picked":"Clothesline","floor":7},{"not_picked":["Anger","Perfected Strike","Fire Breathing"],"picked":"SKIP","floor":8},{"not_picked":["Armaments","Heavy Blade"],"picked":"Metallicize","floor":11},{"not_picked":["Heavy Blade","Pummel"],"picked":"Twin Strike","floor":12},{"not_picked":["Cleave","Shrug It Off"],"picked":"Wild Strike","floor":14}],"player_experience":795786,"relics_obtained":[{"floor":9,"key":"CeramicFish"}],"event_choices":[{"damage_healed":0,"gold_gain":0,"player_choice":"Trade","damage_taken":0,"relics_obtained":["SsserpentHead"],"max_hp_gain":0,"max_hp_loss":0,"event_name":"FaceTrader","floor":2,"gold_loss":0}],"is_beta":false,"boss_relics":[],"items_purged_floors":[],"is_endless":false,"potions_floor_spawned":[3,5,8,12,14],"killed_by":"The Guardian","ascension_level":13}}