{"host":"h3awr6eovmieyhyn","time":1614393432,"event":{"mods":["Act Like it!","Aspiration","BaseMod","BetterRewards","Downfall","Gensokyo","Hallownest","Hubris","Infinite Spire","Marisa????????","Minty Spire (QoL Compilation)","Replay The Spire","Robot Space Explorer","StSLib","Td1madao Mod","The Bug Knight","The Cursed","The Disciple","The Hierophant","The Jungle","The Servant 0.9.4","[IsaacMod]????"],"gold_per_floor":[99,109,189,189,189,201,201,74,74,4,33,33,33,33,44,44,44],"floor_reached":16,"language":"ENG","playtime":794,"items_purged":["Cursed Blade"],"score":121,"play_id":"6e844167-d6ca-4ab8-b2e3-bfeea4923045","local_time":"20210227023712","daily_mods":["Diverse","Colorless Cards","Heirloom","Flight","DeadlyEvents"],"is_ascension_mode":false,"campfire_choices":[{"data":"TheCursedMod:CleanUpWorkshop","floor":1,"key":"SMITH"},{"data":"EpicFetus","floor":12,"key":"SMITH"},{"data":"sneckomod:UnknownClassINFINITE_BLACK","floor":13,"key":"SMITH"}],"circlet_count":0,"master_deck":["TheCursedMod:Strike_TheCursed","TheCursedMod:Strike_TheCursed","TheCursedMod:Strike_TheCursed","TheCursedMod:Strike_TheCursed","TheCursedMod:Defend_TheCursed","TheCursedMod:Defend_TheCursed","TheCursedMod:Defend_TheCursed","TheCursedMod:Defend_TheCursed","TheCursedMod:CursedWand","TheCursedMod:CleanUpWorkshop+1","TheCursedMod:Dregs","EpicFetus+1","hierophant:FieryStrike","sneckomod:UnknownClassShop Special","LockedScales","sneckomod:UnknownClassINFINITE_BLACK+1","BeatsPerMinute","Gensokyo:RPG","RobotSpaceExplorer:SurgingStrike","hexamod:BacktrackSmack"],"relics":["Snecko Eye","replay:Trail_Library","HushsDoor","Damocles","BlankCard","hubris:MedicalManual","GuppysPaw","Letter Opener","Gremlin Horn","infinitespire:ShieldingShard","ReplayTheSpireMod:Shallot","Meat on the Bone","Ancient Tea Set","hubris:BundleOfHerbs"],"acts_visited":["Gensokyo:Gensokyo"],"potions_floor_usage":[6,6,11,11,11],"damage_taken":[{"damage":0,"enemies":"Gensokyo:2_Kodama","floor":2,"turns":3},{"damage":0,"enemies":"Gensokyo:Gryphon","floor":6,"turns":3},{"damage":0,"enemies":"downfall:FleeingMerchant","floor":8,"turns":4},{"damage":10,"enemies":"Gensokyo:Mamizou","floor":11,"turns":4},{"damage":0,"enemies":"Gensokyo:Python","floor":15,"turns":3},{"damage":20,"enemies":"WA_ARCHETYPE_RETAIN","floor":16,"turns":4}],"seed_played":"2802839798508529810","potions_obtained":[{"floor":2,"key":"Languid Potion"},{"floor":6,"key":"EntropicBrew"}],"is_trial":true,"path_per_floor":["R","M","?","T","WH","M","T","$","WH","COS","E","R","R","WH","M","B"],"character_chosen":"THE_CURSED","items_purchased":["BeatsPerMinute"],"campfire_rested":0,"item_purchase_floors":[8],"current_hp_per_floor":[75,75,75,75,82,82,82,82,90,90,80,80,80,89,89,0,0],"gold":44,"neow_bonus":"TEN_PERCENT_HP_BONUS","is_daily":false,"chose_seed":false,"campfire_upgraded":3,"win_rate":0.0,"timestamp":1614393432,"path_taken":["R","M","?","?","WH","?","T","$","WH","COS","E","R","R","WH","M","BOSS"],"items_purchased_type":["Card"],"build_version":"2020-12-22","purchased_purges":1,"victory":false,"max_hp_per_floor":[75,75,75,75,82,82,82,82,90,90,90,90,90,99,99,99,99],"card_choices":[{"not_picked":[],"picked":"EpicFetus","floor":0},{"not_picked":["Flying Knee","sneckomod:UnknownClassUrban Legend"],"picked":"hierophant:FieryStrike","floor":2},{"not_picked":["Guardian:PrimingBeam","Slimebound:SlimeSpikes"],"picked":"LockedScales","floor":6},{"not_picked":["hexamod:HeatShield","Wraith Form v2"],"picked":"sneckomod:UnknownClassINFINITE_BLACK","floor":8},{"not_picked":["champ:RecklessLeap","RobotSpaceExplorer:Jetpack"],"picked":"RobotSpaceExplorer:SurgingStrike","floor":11},{"not_picked":["Heel Hook","Trip"],"picked":"hexamod:BacktrackSmack","floor":15}],"player_experience":153318,"relics_obtained":[{"floor":2,"key":"hubris:MedicalManual"},{"floor":4,"key":"GuppysPaw"},{"floor":6,"key":"Letter Opener"},{"floor":7,"key":"Gremlin Horn"},{"floor":8,"key":"infinitespire:ShieldingShard"},{"floor":11,"key":"ReplayTheSpireMod:Shallot"},{"floor":11,"key":"Meat on the Bone"},{"floor":15,"key":"hubris:BundleOfHerbs"}],"event_choices":[],"is_beta":false,"boss_relics":[],"items_purged_floors":[8],"is_endless":false,"potions_floor_spawned":[2,6],"killed_by":"WA_ARCHETYPE_RETAIN","ascension_level":0}}