{"host":"bx54wbx1b8s5cm4v","time":1614432952,"event":{"mods":["BaseMod","Beaked The Cultist","GifTheSpireLib","Hubris","Minty Spire (QoL Compilation)","StSLib","The Blackbeard","The Forsaken","The Necromancer","The Servant 0.9.4"],"gold_per_floor":[20,38,38,51,70,70,70,70,149,149,169,194,194,225,225,326,326,336,355,380,151,151,179,179,213,213,231,231,260,279,311,311,407,407,419,719,737,755,773,808,808,827,850,850,850,884,834,852,852,852],"floor_reached":51,"language":"ENG","playtime":2837,"items_purged":["Strike_S","Pain"],"score":1066,"play_id":"b87ef11b-464f-4fa5-ad26-d90ef8e00bd9","local_time":"20210227103552","is_ascension_mode":true,"campfire_choices":[{"data":"Apotheosis","floor":6,"key":"SMITH"},{"data":"DoubleEdge","floor":8,"key":"SMITH"},{"data":"Sabotage","floor":10,"key":"SMITH"},{"data":"Defy","floor":13,"key":"SMITH"},{"data":"BottledTime","floor":15,"key":"SMITH"},{"data":"Potential","floor":28,"key":"SMITH"},{"data":"FlawlessForm","floor":32,"key":"SMITH"},{"floor":41,"key":"RECALL"},{"data":"Embodiment","floor":49,"key":"SMITH"}],"circlet_count":0,"master_deck":["Strike_S","Strike_S","Strike_S","Defend_S","Defend_S","Defend_S","KidneyShot","Exchange","Apotheosis+1","ShiftingGears","BottledTime+1","DoubleEdge+1","Sabotage+1","KidneyShot","Defy+1","Potential+1","LightFlow","InstantArmor","Moonlight","BottledTime","Hightail","Advance","Spin+1","Reset+1","FlawlessForm+1","Starlight+1","FastForward+1","Embodiment+1","Rearm+1","Misdirection+1","Contraction","ShatteredReality+1","BottledTime+1","Solidify","Luminosity","BottledTime+1"],"relics":["SplendidAttire","hubris:BottledRain","Nunchaku","theForsaken:ScaryMask","Red Mask","Bag of Preparation","theForsaken:Lifeblossom","hubris:Zylophone","theForsaken:HumbleEgg","Happy Flower","Question Card","hubris:Backtick","Vajra","Bottled Lightning","Smiling Mask","WarpedTongs","beaked:ShinyBauble"],"acts_visited":["Exordium","TheCity","TheBeyond"],"potions_floor_usage":[],"damage_taken":[{"damage":3,"enemies":"Jaw Worm","floor":1,"turns":3},{"damage":4,"enemies":"Cultist","floor":2,"turns":4},{"damage":0,"enemies":"Small Slimes","floor":4,"turns":3},{"damage":10,"enemies":"Blue Slaver","floor":5,"turns":3},{"damage":0,"enemies":"Large Slime","floor":11,"turns":4},{"damage":0,"enemies":"Lagavulin","floor":12,"turns":5},{"damage":6,"enemies":"Gremlin Nob","floor":14,"turns":4},{"damage":11,"enemies":"The Guardian","floor":16,"turns":7},{"damage":0,"enemies":"Chosen","floor":18,"turns":3},{"damage":0,"enemies":"Spheric Guardian","floor":19,"turns":2},{"damage":13,"enemies":"Masked Bandits","floor":20,"turns":3},{"damage":16,"enemies":"Slavers","floor":23,"turns":5},{"damage":1,"enemies":"Book of Stabbing","floor":25,"turns":4},{"damage":0,"enemies":"Snake Plant","floor":27,"turns":2},{"damage":0,"enemies":"Slavers","floor":29,"turns":4},{"damage":0,"enemies":"Centurion and Healer","floor":30,"turns":4},{"damage":0,"enemies":"Book of Stabbing","floor":31,"turns":4},{"damage":0,"enemies":"Champ","floor":33,"turns":8},{"damage":0,"enemies":"3 Darklings","floor":35,"turns":3},{"damage":0,"enemies":"Orb Walker","floor":37,"turns":3},{"damage":2,"enemies":"Spire Growth","floor":38,"turns":4},{"damage":0,"enemies":"Writhing Mass","floor":39,"turns":5},{"damage":0,"enemies":"Nemesis","floor":40,"turns":6},{"damage":0,"enemies":"Sphere and 2 Shapes","floor":42,"turns":3},{"damage":0,"enemies":"beaked:SuperParasite","floor":46,"turns":7},{"damage":0,"enemies":"Maw","floor":48,"turns":4},{"damage":10,"enemies":"Time Eater","floor":50,"turns":10}],"seed_played":"-5298921956504949871","potions_obtained":[{"floor":2,"key":"FairyPotion"},{"floor":4,"key":"Explosive Potion"},{"floor":12,"key":"SpeedPotion"},{"floor":48,"key":"EntropicBrew"}],"is_trial":false,"path_per_floor":["M","M","?","M","M","R","?","R","T","R","M","E","R","E","R","B",null,"M","M","?","$","?","E","?","E","T","M","R","E","M","E","R","B",null,"M","?","M","M","M","E","R","M","T","?","?","E","$","M","R","B",null],"character_chosen":"THE_SERVANT","items_purchased":["Bag of Preparation"],"campfire_rested":0,"item_purchase_floors":[21],"current_hp_per_floor":[62,58,58,58,48,48,48,48,48,48,48,48,48,42,42,31,65,65,65,52,52,52,36,65,64,64,65,65,65,65,65,65,65,65,65,65,65,64,65,65,65,65,65,65,65,65,65,65,65,55],"gold":852,"neow_bonus":"RANDOM_COLORLESS_2","is_daily":false,"chose_seed":false,"campfire_upgraded":8,"win_rate":0.0,"timestamp":1614432952,"path_taken":["M","M","?","?","M","R","?","R","T","R","?","E","R","E","R","BOSS","M","M","?","$","?","E","?","E","T","M","R","E","?","E","R","BOSS","M","?","M","M","?","E","R","M","T","?","?","E","$","?","R","BOSS"],"items_purchased_type":["Relic"],"build_version":"2020-12-22","purchased_purges":2,"victory":true,"max_hp_per_floor":[65,65,65,65,65,65,65,65,65,65,65,65,65,65,65,65,65,65,65,65,65,65,65,65,65,65,65,65,65,65,65,65,65,65,65,65,65,65,65,65,65,65,65,65,65,65,65,65,65,65],"card_choices":[{"not_picked":["Metamorphosis","Secret Technique"],"picked":"Apotheosis","floor":0},{"not_picked":["Desolation","Moondial"],"picked":"ShiftingGears","floor":1},{"not_picked":["Alleviate","Manipulate"],"picked":"BottledTime","floor":2},{"not_picked":["Unruled","Rewind"],"picked":"DoubleEdge","floor":4},{"not_picked":["DoubleEdge","Spin"],"picked":"Sabotage","floor":5},{"not_picked":["Alleviate","KillingDoll"],"picked":"Defy","floor":11},{"not_picked":["Collapse","BottledTime"],"picked":"DualDimension","floor":12},{"not_picked":["BestPractice","RealityMarble"],"picked":"Potential","floor":14},{"not_picked":["SoulSculpture","PendulumOfEternity"],"picked":"LightFlow","floor":16},{"not_picked":["ShiftingGears","Rearm+1"],"picked":"InstantArmor","floor":18},{"not_picked":["Desolation","Potential"],"picked":"Moonlight","floor":19},{"not_picked":["Replace","Defy"],"picked":"BottledTime","floor":20},{"not_picked":["Ricochet","Rearm"],"picked":"Advance","floor":23},{"not_picked":["Replace+1","ReturningBlade"],"picked":"Spin+1","floor":25},{"not_picked":["Barrier","Alleviate+1"],"picked":"Reset+1","floor":27},{"not_picked":["Spin+1","Rewind+1"],"picked":"FlawlessForm","floor":29},{"not_picked":["Snipe","Rewind+1"],"picked":"Starlight+1","floor":30},{"not_picked":["ShatteredReality+1","Potential+1"],"picked":"FastForward+1","floor":31},{"not_picked":["TheWorld","Dilation","SoulSculpture"],"picked":"Embodiment","floor":33},{"not_picked":["Unruled+1","Reset+1","TimeWarp+1"],"picked":"Rearm+1","floor":35},{"not_picked":["Alleviate+1","DoubleEdge+1","Read"],"picked":"Misdirection+1","floor":37},{"not_picked":["Alleviate+1","Replace+1","Rearm+1"],"picked":"Contraction","floor":38},{"not_picked":["Rearm+1","Replace+1","Rewind+1"],"picked":"ShatteredReality+1","floor":39},{"not_picked":["Ricochet+1","Potential+1","StarChef"],"picked":"BottledTime+1","floor":40},{"not_picked":["Revamp+1","Starlight+1","Ricochet+1"],"picked":"Solidify","floor":42},{"not_picked":["Reset","RealityMarble","Ricochet+1"],"picked":"Luminosity","floor":46},{"not_picked":["Misdirection+1","RealityMarble+1","Sabotage"],"picked":"BottledTime+1","floor":48}],"player_experience":88426,"relics_obtained":[{"floor":9,"key":"hubris:BottledRain"},{"floor":12,"key":"Nunchaku"},{"floor":14,"key":"theForsaken:ScaryMask"},{"floor":20,"key":"Red Mask"},{"floor":23,"key":"theForsaken:Lifeblossom"},{"floor":25,"key":"hubris:Zylophone"},{"floor":26,"key":"theForsaken:HumbleEgg"},{"floor":29,"key":"Happy Flower"},{"floor":31,"key":"Question Card"},{"floor":40,"key":"Bottled Lightning"},{"floor":43,"key":"Smiling Mask"},{"floor":46,"key":"beaked:ShinyBauble"}],"event_choices":[{"cards_removed":["Defend_S"],"damage_healed":0,"gold_gain":0,"player_choice":"Purged","damage_taken":0,"max_hp_gain":0,"max_hp_loss":0,"event_name":"Purifier","floor":3,"gold_loss":0},{"damage_healed":0,"gold_gain":0,"player_choice":"1 cards matched","damage_taken":0,"max_hp_gain":0,"max_hp_loss":0,"event_name":"Match and Keep!","floor":7,"gold_loss":0,"cards_obtained":["KidneyShot"]},{"damage_healed":0,"gold_gain":0,"player_choice":"Fought Bandits","damage_taken":0,"max_hp_gain":0,"max_hp_loss":0,"event_name":"Masked Bandits","floor":20,"gold_loss":0},{"damage_healed":0,"gold_gain":0,"player_choice":"Read","damage_taken":0,"max_hp_gain":0,"max_hp_loss":0,"event_name":"The Library","floor":22,"gold_loss":0,"cards_obtained":["Hightail"]},{"cards_removed":["DualDimension"],"damage_healed":29,"gold_gain":0,"player_choice":"Offered Uncommon","damage_taken":0,"max_hp_gain":0,"max_hp_loss":0,"event_name":"Bonfire Elementals","floor":24,"gold_loss":0},{"damage_healed":0,"gold_gain":300,"player_choice":"Gold","damage_taken":0,"max_hp_gain":0,"max_hp_loss":0,"event_name":"Wheel of Change","floor":36,"gold_loss":0},{"damage_healed":0,"gold_gain":0,"player_choice":"Rummage","damage_taken":0,"relics_obtained":["WarpedTongs"],"max_hp_gain":0,"max_hp_loss":0,"event_name":"Accursed Blacksmith","floor":45,"gold_loss":0,"cards_obtained":["Pain"]}],"is_beta":false,"boss_relics":[{"not_picked":["SlaversCollar","MysterySword"],"picked":"SplendidAttire"},{"not_picked":["Velvet Choker","Pandora\u0027s Box"],"picked":"hubris:Backtick"}],"items_purged_floors":[21,47],"is_endless":false,"potions_floor_spawned":[2,4,12,16,25,29,31,38,39,42,48],"ascension_level":1}}