{"host":"lktusdb9orijgc6z","time":1614408433,"event":{"mods":["BaseMod","Bestiary","Colored Map","Colored Powertips","Minty Spire (QoL Compilation)","Permanent Neow","Quick Restart","Relic Stats","StSLib","everything is the same but u backflip on backflip","slay the spire mod where everything is the same but ironclad has a cowboy hat"],"gold_per_floor":[114,133,133,133,133,133,162,87,87,87,31,31,60,78,78,78,78],"floor_reached":16,"language":"ENG","playtime":416,"items_purged":[],"score":212,"play_id":"4530f30b-18ca-4072-8f43-02446bb62229","local_time":"20210227074713","is_ascension_mode":true,"campfire_choices":[{"floor":6,"key":"REST"},{"data":"Predator","floor":10,"key":"SMITH"},{"floor":12,"key":"REST"},{"data":"Deadly Poison","floor":15,"key":"SMITH"}],"circlet_count":0,"master_deck":["AscendersBane","Strike_G","Strike_G","Strike_G","Strike_G","Strike_G","Defend_G","Defend_G","Defend_G","Survivor","Neutralize","Blade Dance+1","Terror","Predator+1","Dagger Throw","Blade Dance","Acrobatics","Blade Dance","Deadly Poison+1"],"relics":["Ring of the Snake","Dream Catcher","Gambling Chip","Matryoshka","Pear"],"acts_visited":["Exordium"],"potions_floor_usage":[],"damage_taken":[{"damage":12,"enemies":"Jaw Worm","floor":1,"turns":6},{"damage":3,"enemies":"Small Slimes","floor":2,"turns":4},{"damage":36,"enemies":"Gremlin Nob","floor":7,"turns":4},{"damage":17,"enemies":"Lagavulin","floor":13,"turns":4},{"damage":0,"enemies":"2 Louse","floor":14,"turns":2},{"damage":33,"enemies":"The Guardian","floor":16,"turns":7}],"seed_played":"520893325031624130","potions_obtained":[{"floor":1,"key":"ColorlessPotion"},{"floor":7,"key":"SmokeBomb"}],"is_trial":false,"path_per_floor":["M","M","?","?","?","R","E","?","T","R","$","R","E","M","R","B"],"character_chosen":"THE_SILENT","items_purchased":["Blade Dance"],"campfire_rested":2,"item_purchase_floors":[11],"current_hp_per_floor":[47,44,37,37,37,56,20,20,20,20,20,39,32,32,32,0,0],"gold":78,"neow_bonus":"RANDOM_COMMON_RELIC","is_daily":false,"chose_seed":false,"campfire_upgraded":2,"win_rate":0.0,"timestamp":1614408433,"path_taken":["M","M","?","?","?","R","E","?","T","R","$","R","E","M","R","BOSS"],"items_purchased_type":["Card"],"build_version":"2020-12-22","purchased_purges":0,"victory":false,"max_hp_per_floor":[66,66,66,66,66,66,66,66,66,66,66,66,76,76,76,76,76],"relic_stats":{"Dream Catcher":2,"counters":[6,27],"Gambling Chip":[18],"obtain_stats":[{"Dream Catcher":0,"Matryoshka":9,"Pear":13,"Gambling Chip":7,"Ring of the Snake":0},{"Dream Catcher":0,"Matryoshka":3,"Pear":4,"Gambling Chip":3,"Ring of the Snake":0},{"Dream Catcher":0,"Matryoshka":14,"Pear":18,"Gambling Chip":14,"Ring of the Snake":0}],"Ring of the Snake":[12]},"card_choices":[{"not_picked":["All Out Attack","Endless Agony"],"picked":"Blade Dance","floor":1},{"not_picked":["PiercingWail","Slice"],"picked":"Terror","floor":2},{"not_picked":["Prepared","Deadly Poison"],"picked":"Predator","floor":6},{"not_picked":["Skewer","Infinite Blades"],"picked":"Dagger Throw","floor":7},{"not_picked":["Escape Plan","Riddle With Holes"],"picked":"Acrobatics","floor":12},{"not_picked":["Doppelganger","Accuracy"],"picked":"Blade Dance","floor":13},{"not_picked":["Bane","Blade Dance"],"picked":"Deadly Poison","floor":14}],"player_experience":834482,"relics_obtained":[{"floor":7,"key":"Gambling Chip"},{"floor":9,"key":"Matryoshka"},{"floor":13,"key":"Pear"}],"event_choices":[{"cards_removed":["Defend_G"],"damage_healed":0,"gold_gain":0,"player_choice":"Card Removal","damage_taken":7,"max_hp_gain":0,"max_hp_loss":0,"event_name":"Golden Wing","floor":3,"gold_loss":0},{"damage_healed":0,"gold_gain":0,"player_choice":"Grow","damage_taken":0,"max_hp_gain":0,"max_hp_loss":0,"event_name":"Living Wall","floor":4,"gold_loss":0,"cards_upgraded":["Blade Dance"]},{"damage_healed":0,"gold_gain":0,"player_choice":"Ignored","damage_taken":0,"max_hp_gain":0,"max_hp_loss":0,"event_name":"Liars Game","floor":5,"gold_loss":0},{"cards_removed":["Defend_G"],"damage_healed":0,"gold_gain":0,"player_choice":"Card Removal","damage_taken":0,"max_hp_gain":0,"max_hp_loss":0,"event_name":"The Cleric","floor":8,"gold_loss":75}],"is_beta":false,"boss_relics":[],"items_purged_floors":[],"is_endless":false,"potions_floor_spawned":[1,7],"killed_by":"The Guardian","ascension_level":20}}