{"host":"nb3r5a3er9rrnn3n","time":1614426662,"event":{"mods":["Always Whale","BaseMod","Colored Map","Minty Spire (QoL Compilation)","Relic Stats","StSLib","everything is the same but u backflip on backflip"],"gold_per_floor":[115,190,25,98,68,112,112,153,153,153,12,47,73,114,114,224,224,250,270,13,35,64,12,12,52,78,107,32,32,73,108,120,243,255,291,303,315,348,373,417,429,479,514,526,548,569,581,326,326,326,326,326,27,71,71],"floor_reached":56,"language":"ENG","playtime":8149,"items_purged":["Strike_B"],"score":1435,"play_id":"5b946de7-0e15-49ec-bc36-293abc17494d","local_time":"20210227225102","is_ascension_mode":true,"campfire_choices":[{"data":"Static Discharge","floor":7.0,"key":"SMITH"},{"floor":10.0,"key":"REST"},{"data":"Defragment","floor":15.0,"key":"SMITH"},{"floor":24.0,"key":"REST"},{"data":"Defragment","floor":32.0,"key":"SMITH"},{"floor":41.0,"key":"RECALL"},{"data":"Loop","floor":44.0,"key":"SMITH"},{"data":"Seek","floor":47,"key":"SMITH"},{"data":"Turbo","floor":49,"key":"SMITH"},{"data":"Turbo","floor":52,"key":"SMITH"}],"circlet_count":0,"master_deck":["Strike_B","Strike_B","Defend_B","Defend_B","Defend_B","Defend_B","Zap","Dualcast","Turbo+1","Sunder","Hologram","Defragment+1","Static Discharge+1","Steam","Lockon","Multi-Cast","Coolheaded","Conserve Battery","Hyperbeam","Coolheaded+1","BootSequence+1","Steam","Capacitor+1","Glacier","Doom and Gloom","Defragment+1","Barrage","Barrage+1","Seek+1","Reinforced Body+1","Sweeping Beam+1","Loop+1","Seek+1","Turbo+1","Master of Strategy","Dark Shackles","PanicButton","Conserve Battery+1"],"relics":["Cracked Core","Torii","CeramicFish","Regal Pillow","The Courier","PreservedInsect","Gremlin Horn","Bird Faced Urn","Nuclear Battery","Pocketwatch","Ancient Tea Set","Art of War","Lizard Tail","MawBank","Inserter","Orichalcum","Bag of Preparation","Bottled Lightning","Oddly Smooth Stone"],"acts_visited":["Exordium","TheCity","TheBeyond","TheEnding"],"potions_floor_usage":[55,55,55],"damage_taken":[{"damage":1.0,"enemies":"Jaw Worm","floor":1.0,"turns":3.0},{"damage":11.0,"enemies":"Lagavulin","floor":6.0,"turns":7.0},{"damage":8.0,"enemies":"Gremlin Nob","floor":8.0,"turns":3.0},{"damage":12.0,"enemies":"3 Sentries","floor":12.0,"turns":3.0},{"damage":0.0,"enemies":"Small Slimes","floor":13.0,"turns":1.0},{"damage":23.0,"enemies":"Gremlin Nob","floor":14.0,"turns":3.0},{"damage":6.0,"enemies":"The Guardian","floor":16.0,"turns":6.0},{"damage":13.0,"enemies":"Spheric Guardian","floor":18.0,"turns":3.0},{"damage":7.0,"enemies":"Chosen","floor":19.0,"turns":4.0},{"damage":18.0,"enemies":"Snake Plant","floor":21.0,"turns":3.0},{"damage":1.0,"enemies":"Chosen and Byrds","floor":22.0,"turns":7.0},{"damage":1.0,"enemies":"Slavers","floor":25.0,"turns":4.0},{"damage":2.0,"enemies":"Gremlin Leader","floor":27.0,"turns":5.0},{"damage":2.0,"enemies":"Book of Stabbing","floor":30.0,"turns":3.0},{"damage":2.0,"enemies":"3 Cultists","floor":31.0,"turns":4.0},{"damage":30.0,"enemies":"Automaton","floor":33.0,"turns":7.0},{"damage":1.0,"enemies":"Orb Walker","floor":35.0,"turns":3.0},{"damage":6.0,"enemies":"3 Shapes","floor":38.0,"turns":4.0},{"damage":1.0,"enemies":"Spire Growth","floor":39.0,"turns":6.0},{"damage":8.0,"enemies":"Giant Head","floor":40.0,"turns":7.0},{"damage":10.0,"enemies":"Nemesis","floor":42.0,"turns":9.0},{"damage":1,"enemies":"Writhing Mass","floor":45,"turns":7},{"damage":12,"enemies":"Awakened One","floor":50,"turns":46},{"damage":16,"enemies":"Shield and Spear","floor":54,"turns":10},{"damage":96,"enemies":"The Heart","floor":55,"turns":7}],"seed_played":"4096141806960983659","potions_obtained":[{"floor":1.0,"key":"DistilledChaos"},{"floor":5.0,"key":"CultistPotion"},{"floor":5.0,"key":"SkillPotion"},{"floor":13.0,"key":"SteroidPotion"},{"floor":21.0,"key":"BlessingOfTheForge"},{"floor":22.0,"key":"FearPotion"},{"floor":25.0,"key":"BlessingOfTheForge"},{"floor":33.0,"key":"Fire Potion"},{"floor":38.0,"key":"LiquidBronze"},{"floor":39.0,"key":"CultistPotion"}],"is_trial":false,"path_per_floor":["M","?","$","?","?","E","R","E","T","R","$","E","M","E","R","B",null,"M","M","$","M","M","$","R","E","T","E","?","$","E","M","R","B",null,"M","?","?","M","M","E","R","E","T","R","M","?","R","$","R","B",null,"R","$","E","B",null],"character_chosen":"DEFECT","items_purchased":["Sunder","Hologram","Defragment","PreservedInsect","Lockon","Pocketwatch","Steam","Doom and Gloom","Bottled Lightning","Turbo","Master of Strategy","Dark Shackles","PanicButton","PowerPotion"],"campfire_rested":2,"item_purchase_floors":[3,3,3,11,11,20,20,23,48,48,53,53,53,53],"current_hp_per_floor":[53,42,42,42,42,31,31,23,23,60,60,48,48,25,25,23,75,63,58,58,44,49,49,75,75,75,74,74,74,73,74,74,46,75,74,74,74,73,75,71,71,68,68,68,75,75,75,75,75,67,75,75,75,62,35],"gold":71,"neow_bonus":"ONE_RARE_RELIC","is_daily":false,"chose_seed":false,"campfire_upgraded":7,"win_rate":0.0,"timestamp":1614426662,"path_taken":["M","?","$","?","?","E","R","E","T","R","$","E","?","E","R","BOSS","M","M","$","M","M","?","R","E","T","E","?","$","E","M","R","BOSS","M","?","?","M","M","E","R","E","T","R","?","?","R","$","R","BOSS","R","$","E","BOSS"],"items_purchased_type":["Card","Card","Card","Relic","Card","Relic","Card","Card","Relic","Card","Card","Card","Card","Potion"],"build_version":"2020-12-22","purchased_purges":1,"victory":true,"max_hp_per_floor":[75,75,75,75,75,75,75,75,75,75,75,75,75,75,75,75,75,75,75,75,75,75,75,75,75,75,75,75,75,75,75,75,75,75,75,75,75,75,75,75,75,75,75,75,75,75,75,75,75,75,75,75,75,75,75],"relic_stats":{"Regal Pillow":19,"Inserter":[29],"Torii":111,"Gremlin Horn":[18,18],"counters":[25,165],"CeramicFish":234,"PreservedInsect":416,"Bag of Preparation":[8],"Orichalcum":[252],"MawBank":216,"Lizard Tail":37,"Bird Faced Urn":[75],"Art of War":[57],"obtain_stats":[{"Regal Pillow":8,"Inserter":34,"Torii":0,"Gremlin Horn":12,"CeramicFish":6,"Oddly Smooth Stone":54,"The Courier":9,"PreservedInsect":11,"Bag of Preparation":42,"Orichalcum":40,"Ancient Tea Set":25,"MawBank":30,"Nuclear Battery":17,"Lizard Tail":27,"Bird Faced Urn":14,"Art of War":26,"Bottled Lightning":48,"Cracked Core":0,"Pocketwatch":20},{"Regal Pillow":3,"Inserter":16,"Torii":0,"Gremlin Horn":4,"CeramicFish":2,"Oddly Smooth Stone":24,"The Courier":3,"PreservedInsect":3,"Bag of Preparation":21,"Orichalcum":20,"Ancient Tea Set":12,"MawBank":14,"Nuclear Battery":7,"Lizard Tail":13,"Bird Faced Urn":6,"Art of War":12,"Bottled Lightning":22,"Cracked Core":0,"Pocketwatch":9},{"Regal Pillow":13,"Inserter":66,"Torii":0,"Gremlin Horn":16,"CeramicFish":10,"Oddly Smooth Stone":158,"The Courier":13,"PreservedInsect":13,"Bag of Preparation":95,"Orichalcum":86,"Ancient Tea Set":47,"MawBank":55,"Nuclear Battery":26,"Lizard Tail":52,"Bird Faced Urn":20,"Art of War":47,"Bottled Lightning":102,"Cracked Core":0,"Pocketwatch":33}],"Pocketwatch":[258]},"card_choices":[{"not_picked":["Lockon","Redo"],"picked":"Turbo","floor":1.0},{"not_picked":["Defragment","Redo"],"picked":"Static Discharge","floor":6.0},{"not_picked":["Beam Cell","Hello World"],"picked":"Steam","floor":8.0},{"not_picked":["Steam Power","Hello World"],"picked":"Multi-Cast","floor":12.0},{"not_picked":["Streamline","Leap"],"picked":"Coolheaded","floor":13.0},{"not_picked":["Compile Driver","Barrage"],"picked":"Conserve Battery","floor":14.0},{"not_picked":["Amplify","Multi-Cast"],"picked":"Hyperbeam","floor":16.0},{"not_picked":["Beam Cell","Stack"],"picked":"Coolheaded+1","floor":18.0},{"not_picked":["Sweeping Beam","Recycle"],"picked":"BootSequence+1","floor":19.0},{"not_picked":["Compile Driver","Turbo+1"],"picked":"Capacitor+1","floor":21.0},{"not_picked":["Turbo","Conserve Battery"],"picked":"Glacier","floor":22.0},{"not_picked":["Steam","Cold Snap+1"],"picked":"Defragment","floor":25.0},{"not_picked":["Sunder","Coolheaded","Sweeping Beam"],"picked":"SKIP","floor":27.0},{"not_picked":["Coolheaded","Hologram"],"picked":"Barrage","floor":30.0},{"not_picked":["BootSequence","Reinforced Body"],"picked":"Barrage+1","floor":31.0},{"not_picked":["All For One","Machine Learning"],"picked":"Seek","floor":33.0},{"not_picked":["Sweeping Beam","Chaos"],"picked":"Reinforced Body+1","floor":35.0},{"not_picked":["Auto Shields+1","Doom and Gloom"],"picked":"Sweeping Beam+1","floor":38.0},{"not_picked":["Scrape","Beam Cell+1","Sweeping Beam+1"],"picked":"SKIP","floor":39.0},{"not_picked":["BootSequence+1","Chill","Hello World"],"picked":"SKIP","floor":40.0},{"not_picked":["Hologram","Compile Driver"],"picked":"Loop","floor":42.0},{"not_picked":["Steam+1","Sweeping Beam","Compile Driver"],"picked":"SKIP","floor":45},{"not_picked":["Force Field","Heatsinks"],"picked":"Conserve Battery+1","floor":54}],"player_experience":1682133,"relics_obtained":[{"floor":6.0,"key":"CeramicFish"},{"floor":8.0,"key":"Regal Pillow"},{"floor":9.0,"key":"The Courier"},{"floor":12.0,"key":"Gremlin Horn"},{"floor":14.0,"key":"Bird Faced Urn"},{"floor":25.0,"key":"Ancient Tea Set"},{"floor":26.0,"key":"Art of War"},{"floor":27.0,"key":"Lizard Tail"},{"floor":30.0,"key":"MawBank"},{"floor":40.0,"key":"Orichalcum"},{"floor":42.0,"key":"Bag of Preparation"},{"floor":54,"key":"Oddly Smooth Stone"}],"event_choices":[{"damage_healed":0.0,"max_hp_gain":0.0,"max_hp_loss":0.0,"gold_gain":75.0,"event_name":"World of Goop","player_choice":"Gather Gold","floor":2.0,"gold_loss":0.0,"damage_taken":11.0},{"damage_healed":0.0,"max_hp_gain":0.0,"max_hp_loss":0.0,"gold_gain":73.0,"event_name":"Golden Wing","player_choice":"Gained Gold","floor":4.0,"gold_loss":0.0,"damage_taken":0.0},{"damage_healed":0.0,"max_hp_gain":0.0,"max_hp_loss":0.0,"gold_gain":0.0,"event_name":"The Woman in Blue","player_choice":"Bought 2 Potions","floor":5.0,"gold_loss":0.0,"damage_taken":0.0},{"cards_removed":["Strike_B"],"damage_healed":0.0,"max_hp_gain":0.0,"max_hp_loss":0.0,"gold_gain":0.0,"event_name":"Beggar","player_choice":"Gave Gold","floor":28.0,"gold_loss":75.0,"damage_taken":0.0},{"damage_healed":0.0,"max_hp_gain":0.0,"max_hp_loss":0.0,"gold_gain":0.0,"event_name":"Tomb of Lord Red Mask","player_choice":"Ignored","floor":36.0,"gold_loss":0.0,"damage_taken":0.0},{"damage_healed":0.0,"max_hp_gain":0.0,"max_hp_loss":0.0,"gold_gain":0.0,"event_name":"Upgrade Shrine","player_choice":"Upgraded","floor":37.0,"gold_loss":0.0,"damage_taken":0.0,"cards_upgraded":["Seek"]},{"damage_healed":0,"gold_gain":0,"player_choice":"1 cards matched","damage_taken":0,"max_hp_gain":0,"max_hp_loss":0,"event_name":"Match and Keep!","floor":46,"gold_loss":0,"cards_obtained":["Seek"]}],"is_beta":false,"boss_relics":[{"not_picked":["Coffee Dripper","Fusion Hammer"],"picked":"Nuclear Battery"},{"not_picked":["Runic Pyramid","Tiny House"],"picked":"Inserter"}],"items_purged_floors":[48],"is_endless":false,"potions_floor_spawned":[1,13,21,22,25,33,38,39,45],"ascension_level":3}}