{"host":"mnljlkge2zm8bbif","time":1614456323,"event":{"mods":["Aspiration","BaseMod","Beaked The Cultist","Better Third Choice","BetterRewards","CCEM2","Challenge The Spire","Displayed Cursed Tome","Gremlin Mod","Hubris","Minty Spire (QoL Compilation)","Relic Stats","Replay The Spire","Robot Space Explorer","Shop Mod","Spicy Shops","StSLib","The Marked"],"gold_per_floor":[116,94,113,20,36,61,61,79,79,114,134,134,162,223,223,319,319,331,347,359,359,7,7,7,7,7,36,12,62,76,196,196,296,296,308,328,358,358,143,143,158,0,0,0,0,17,58,70,70,70,70,70,9,37,37,37],"floor_reached":55,"language":"ENG","playtime":5624,"items_purged":["Voices"],"score":1210,"play_id":"14563871-5d80-43e9-9c9b-8271c9fe1d9a","local_time":"20210227150523","is_ascension_mode":true,"campfire_choices":[{"data":"beaked:Ceremony","floor":7,"key":"SMITH"},{"floor":15,"key":"RECALL"},{"data":"beaked:Ceremony","floor":23,"key":"SMITH"},{"data":"beaked:Recite","floor":32,"key":"SMITH"},{"data":"beaked:Ceremony","floor":40,"key":"SMITH"}],"circlet_count":0,"master_deck":["beaked:Strike_Y","beaked:Strike_Y","beaked:Defend_Y","beaked:Defend_Y","beaked:Defend_Y","beaked:Defend_Y","beaked:Ceremony+1","beaked:Ceremony+1","beaked:Ceremony+1","beaked:Ceremony+1","beaked:Struggle","beaked:Evade","beaked:Roost","beaked:WindBringer","beaked:Flinch","beaked:WindBringer","beaked:Roost","beaked:Foresight","beaked:ScreechingChant+1","beaked:KnowThyFoe+1","Magnetism+1","beaked:Recite+1","beaked:AwakenedForm+1","beaked:AwakenedForm+1","CommonCold","beaked:HuntressEssence","beaked:DigDeep","beaked:Sacrifice+1"],"relics":["beaked:BlessedCoat","DollysMirror","Oddly Smooth Stone","FossilizedHelix","Membership Card","betterThird:SlimedRelic","Durian","CCEMRelics:TeddyBear","Replay:PocketPolymizer","Ring of Peace","Ring of Fury","Golden Egg","CCEMRelics:JestersCrown","betterThird:NestCultRelic","beaked:ThroatLozenge","Happy Flower","Orichalcum","StoneCalendar","Singing Bowl","ChewingGum","ReplayTheSpireMod:CursedCoin","hubris:MysteriousPyramids","CCEMRelics:Pendulum","hubris:PeanutButter","hubris:HerbalPaste","CCEMRelics:WhiteRose","ReplayTheSpireMod:TigerMarble","Molten Egg 2","Eternal Feather","Akabeko","CCEMRelics:TechnogenicHelmet"],"acts_visited":["Exordium","TheCity","TheBeyond","TheEnding"],"potions_floor_usage":[4,6,10,14,16,27,29,46,50,50,54,55],"damage_taken":[{"damage":0,"enemies":"Cultist","floor":1,"turns":4},{"damage":0,"enemies":"Jaw Worm","floor":3,"turns":4},{"damage":0,"enemies":"Small Slimes","floor":5,"turns":5},{"damage":14,"enemies":"Lagavulin","floor":6,"turns":7},{"damage":0,"enemies":"3 Louse","floor":8,"turns":4},{"damage":0,"enemies":"Gremlin Nob","floor":10,"turns":4},{"damage":10,"enemies":"Blue Slaver","floor":11,"turns":5},{"damage":0,"enemies":"Lagavulin","floor":13,"turns":6},{"damage":0,"enemies":"Gremlin Nob","floor":14,"turns":5},{"damage":20,"enemies":"Fading Forest","floor":16,"turns":11},{"damage":21,"enemies":"Spheric Guardian","floor":18,"turns":6},{"damage":13,"enemies":"3 Byrds","floor":19,"turns":9},{"damage":28,"enemies":"Snecko","floor":20,"turns":7},{"damage":76,"enemies":"Gremlin Leader","floor":27,"turns":8},{"damage":43,"enemies":"Book of Stabbing","floor":29,"turns":7},{"damage":0,"enemies":"Sentry and Sphere","floor":30,"turns":5},{"damage":23,"enemies":"Colosseum Slavers","floor":31,"turns":6},{"damage":16,"enemies":"Colosseum Nobs","floor":31,"turns":6},{"damage":4,"enemies":"Pondfish","floor":33,"turns":11},{"damage":0,"enemies":"3 Darklings","floor":35,"turns":4},{"damage":0,"enemies":"Orb Walker","floor":36,"turns":5},{"damage":71,"enemies":"4 Shapes","floor":37,"turns":6},{"damage":25,"enemies":"Spire Growth","floor":41,"turns":6},{"damage":0,"enemies":"3 Darklings","floor":46,"turns":5},{"damage":17,"enemies":"Transient","floor":48,"turns":5},{"damage":22,"enemies":"Replay:Hell Engine","floor":50,"turns":8},{"damage":23,"enemies":"Shield and Spear","floor":54,"turns":5},{"damage":210,"enemies":"The Heart","floor":55,"turns":9}],"seed_played":"-8653166944179305836","potions_obtained":[{"floor":3,"key":"FearPotion"},{"floor":5,"key":"ColorlessPotion"},{"floor":8,"key":"Swift Potion"},{"floor":11,"key":"ColorlessPotion"},{"floor":13,"key":"Swift Potion"},{"floor":18,"key":"Dexterity Potion"},{"floor":36,"key":"Elixir"},{"floor":37,"key":"beaked:MendingBrew"},{"floor":47,"key":"EntropicBrew"}],"is_trial":false,"path_per_floor":["M","?","M","$","M","E","R","M","T","E","M","?","E","?","R","B",null,"M","M","M","?","$","R","?","?","T","E","$","E","M","?","R","B",null,"M","M","M","?","$","R","M","$","T","R","?","M","?","M","R","B",null,"R","$","E","B"],"character_chosen":"BEAKED_THE_CULTIST","items_purchased":["DollysMirror","Oddly Smooth Stone","FossilizedHelix","Membership Card","beaked:Struggle","Durian","Fruit Juice","beaked:WindBringer","beaked:Flinch","beaked:ThroatLozenge","Magnetism","Adrenaline Potion","ReplayTheSpireMod:CursedCoin","hubris:MysteriousPyramids","CCEMRelics:Pendulum","hubris:PeanutButter","hubris:HerbalPaste","CCEMRelics:WhiteRose","ReplayTheSpireMod:TigerMarble","Akabeko","Block Potion"],"campfire_rested":0,"item_purchase_floors":[0,0,0,0,0,4,4,4,4,22,22,28,39,39,39,39,39,42,42,53,53],"current_hp_per_floor":[36,25,33,43,52,51,51,59,59,60,60,60,60,60,60,53,60,50,60,44,44,44,44,44,44,44,16,16,29,60,51,51,62,62,64,66,14,59,59,59,44,44,44,44,44,63,50,67,67,61,67,67,67,64,0,0],"gold":37,"neow_bonus":"","is_daily":false,"chose_seed":false,"campfire_upgraded":4,"win_rate":0.0,"timestamp":1614456323,"path_taken":["M","?","M","$","M","E","R","M","T","E","M","?","E","?","R","BOSS","M","M","M","?","$","R","?","?","T","E","$","E","?","?","R","BOSS","M","M","M","?","$","R","M","$","T","R","?","M","?","M","R","BOSS","R","$","E","BOSS"],"items_purchased_type":["Relic","Relic","Relic","Relic","Card","Relic","Potion","Card","Card","Relic","Card","Potion","Relic","Relic","Relic","Relic","Relic","Relic","Relic","Relic","Potion"],"build_version":"2020-12-22","purchased_purges":1,"victory":false,"max_hp_per_floor":[50,50,50,60,60,60,60,60,60,60,60,60,60,60,60,60,60,60,60,60,60,60,60,60,60,60,60,60,60,60,62,62,62,62,64,66,68,59,59,59,61,61,61,61,61,63,65,67,67,67,67,67,67,69,69,69],"relic_stats":{"Happy Flower":[29],"Singing Bowl":18,"counters":[41,234],"StoneCalendar":[182],"Eternal Feather":0,"Orichalcum":[180],"obtain_stats":[{"Golden Egg":13,"Replay:PocketPolymizer":9,"Singing Bowl":31,"CCEMRelics:TeddyBear":6,"CCEMRelics:Pendulum":39,"StoneCalendar":31,"CCEMRelics:TechnogenicHelmet":54,"hubris:MysteriousPyramids":39,"beaked:BlessedCoat":17,"BranchBurnRelic":6,"hubris:HerbalPaste":39,"DollysMirror":0,"Ring of Peace":12,"CCEMRelics:WhiteRose":42,"CCEMRelics:JestersCrown":14,"Ring of the Snake":0,"beaked:ThroatLozenge":22,"Happy Flower":27,"ReplayTheSpireMod:CursedCoin":39,"Dead Branch":5,"Oddly Smooth Stone":0,"Eternal Feather":47,"betterThird:NestCultRelic":21,"Orichalcum":29,"Akabeko":53,"CCEMRelics:SpiritsEdge":20,"CCEMRelics:IronFruit":26,"Bronze Scales":10,"CCEMRelics:DefectiveTurbocharger":17,"betterThird:SlimedRelic":2,"Ring of Fury":12,"ChewingGum":34,"hubris:PeanutButter":39,"Molten Egg 2":43,"hubris:TenFootPole":8,"Durian":4,"ReplayTheSpireMod:TigerMarble":42,"Membership Card":0,"FossilizedHelix":0},{"Golden Egg":21,"Replay:PocketPolymizer":18,"Singing Bowl":31,"CCEMRelics:TeddyBear":17,"CCEMRelics:Pendulum":35,"StoneCalendar":31,"CCEMRelics:TechnogenicHelmet":40,"hubris:MysteriousPyramids":35,"beaked:BlessedCoat":23,"BranchBurnRelic":2,"hubris:HerbalPaste":35,"DollysMirror":13,"Ring of Peace":20,"CCEMRelics:WhiteRose":36,"CCEMRelics:JestersCrown":22,"Ring of the Snake":0,"beaked:ThroatLozenge":26,"Happy Flower":27,"ReplayTheSpireMod:CursedCoin":35,"Dead Branch":2,"Oddly Smooth Stone":13,"Eternal Feather":37,"betterThird:NestCultRelic":26,"Orichalcum":28,"Akabeko":39,"CCEMRelics:SpiritsEdge":9,"CCEMRelics:IronFruit":12,"Bronze Scales":5,"CCEMRelics:DefectiveTurbocharger":8,"betterThird:SlimedRelic":14,"Ring of Fury":20,"ChewingGum":32,"hubris:PeanutButter":35,"Molten Egg 2":36,"hubris:TenFootPole":4,"Durian":15,"ReplayTheSpireMod:TigerMarble":36,"Membership Card":13,"FossilizedHelix":13},{"Golden Egg":100,"Replay:PocketPolymizer":85,"Singing Bowl":170,"CCEMRelics:TeddyBear":81,"CCEMRelics:Pendulum":196,"StoneCalendar":170,"CCEMRelics:TechnogenicHelmet":225,"hubris:MysteriousPyramids":196,"beaked:BlessedCoat":116,"BranchBurnRelic":8,"hubris:HerbalPaste":196,"DollysMirror":61,"Ring of Peace":94,"CCEMRelics:WhiteRose":202,"CCEMRelics:JestersCrown":105,"Ring of the Snake":0,"beaked:ThroatLozenge":138,"Happy Flower":146,"ReplayTheSpireMod:CursedCoin":196,"Dead Branch":8,"Oddly Smooth Stone":61,"Eternal Feather":207,"betterThird:NestCultRelic":138,"Orichalcum":153,"Akabeko":220,"CCEMRelics:SpiritsEdge":42,"CCEMRelics:IronFruit":59,"Bronze Scales":22,"CCEMRelics:DefectiveTurbocharger":37,"betterThird:SlimedRelic":65,"Ring of Fury":94,"ChewingGum":181,"hubris:PeanutButter":196,"Molten Egg 2":202,"hubris:TenFootPole":16,"Durian":69,"ReplayTheSpireMod:TigerMarble":202,"Membership Card":61,"FossilizedHelix":61}]},"card_choices":[{"not_picked":["beaked:Flinch","beaked:HuntressEssence"],"picked":"beaked:Evade","floor":1},{"not_picked":["beaked:Overexert","beaked:BraceForImpact"],"picked":"beaked:Roost","floor":3},{"not_picked":["beaked:Windmill","beaked:Roost","beaked:FeelMyPain"],"picked":"SKIP","floor":5},{"not_picked":["beaked:Windmill","beaked:LiftOff","beaked:BraceForImpact"],"picked":"SKIP","floor":6},{"not_picked":["beaked:BraceForImpact","ReplayTheSpireMod:RavenHex"],"picked":"beaked:WindBringer","floor":8},{"not_picked":["beaked:DigDeeper","beaked:StickSmack","beaked:Mantra"],"picked":"SKIP","floor":10},{"not_picked":["beaked:DigDeeper","beaked:Pecker"],"picked":"beaked:Roost","floor":11},{"not_picked":["beaked:Evade","beaked:Cower"],"picked":"beaked:Brace","floor":13},{"not_picked":["beaked:Daydream","beaked:Struggle"],"picked":"beaked:Foresight","floor":14},{"not_picked":["beaked:WildInstinct","ReplayTheSpireMod:Owlgaze"],"picked":"beaked:ScreechingChant","floor":16},{"not_picked":["beaked:Daydream","beaked:Brace","beaked:Insight"],"picked":"SKIP","floor":18},{"not_picked":["beaked:Tweet","beaked:Evade+1"],"picked":"beaked:KnowThyFoe","floor":19},{"not_picked":["beaked:Pecker","beaked:Poke","beaked:MimicWarrior"],"picked":"SKIP","floor":20},{"not_picked":["beaked:WarriorSpirit","beaked:SurvivalInstinct+1","beaked:VigorBurst"],"picked":"SKIP","floor":27},{"not_picked":["beaked:BarbedWire","beaked:Pecker+1","beaked:MimicWarrior+1"],"picked":"SKIP","floor":29},{"not_picked":["beaked:DigDeep","beaked:Brace+1"],"picked":"beaked:Recite","floor":30},{"not_picked":["beaked:Tweet","beaked:Flinch","beaked:Tradeoff"],"picked":"Singing Bowl","floor":31},{"not_picked":["beaked:Brainwash","ReplayTheSpireMod:Owlgaze"],"picked":"beaked:AwakenedForm","floor":33},{"not_picked":["beaked:Foresight","beaked:FeelMyPain+1","beaked:Resilience+1"],"picked":"Singing Bowl","floor":35},{"not_picked":["beaked:Redirect+1","beaked:StickSmack+1","beaked:MimicMachine+1"],"picked":"Singing Bowl","floor":36},{"not_picked":["beaked:RuinSticks","beaked:Foresight+1","beaked:Struggle+1"],"picked":"Singing Bowl","floor":37},{"not_picked":["beaked:Roost","beaked:DigDeep+1","beaked:Tweet+1"],"picked":"Singing Bowl","floor":41},{"not_picked":["beaked:Insight","beaked:MimicHuntress","beaked:Foresight+1"],"picked":"Singing Bowl","floor":46},{"not_picked":["beaked:BloodRitual","beaked:Brace","beaked:WildInstinct+1"],"picked":"Singing Bowl","floor":47},{"not_picked":["beaked:Foresight+1","beaked:Evade+1","beaked:SacrificialAttack+1"],"picked":"Singing Bowl","floor":48},{"not_picked":["beaked:Daydream+1","ReplayTheSpireMod:Prepare the Ceremony+1","beaked:Flinch"],"picked":"Singing Bowl","floor":54}],"player_experience":507593,"relics_obtained":[{"floor":6,"key":"CCEMRelics:TeddyBear"},{"floor":9,"key":"Replay:PocketPolymizer"},{"floor":12,"key":"Ring of Peace"},{"floor":12,"key":"Ring of Fury"},{"floor":13,"key":"Golden Egg"},{"floor":14,"key":"CCEMRelics:JestersCrown"},{"floor":27,"key":"Happy Flower"},{"floor":29,"key":"Orichalcum"},{"floor":31,"key":"StoneCalendar"},{"floor":31,"key":"Singing Bowl"},{"floor":43,"key":"Molten Egg 2"},{"floor":47,"key":"Eternal Feather"},{"floor":54,"key":"CCEMRelics:TechnogenicHelmet"}],"event_choices":[{"damage_healed":0,"gold_gain":0,"player_choice":"Slimed","damage_taken":11,"max_hp_gain":0,"max_hp_loss":0,"event_name":"betterThird:BetterGoop","floor":2,"gold_loss":22},{"damage_healed":0,"gold_gain":0,"player_choice":"Searched \u00272\u0027 times","damage_taken":0,"max_hp_gain":0,"max_hp_loss":0,"event_name":"Dead Adventurer","floor":14,"gold_loss":0},{"damage_healed":0,"gold_gain":0,"player_choice":"Madness","damage_taken":0,"relics_obtained":["betterThird:NestCultRelic"],"max_hp_gain":0,"max_hp_loss":0,"event_name":"betterThird:BetterNest","floor":21,"gold_loss":0},{"damage_healed":0,"gold_gain":0,"player_choice":"Upgraded","damage_taken":0,"max_hp_gain":0,"max_hp_loss":0,"event_name":"Upgrade Shrine","floor":25,"gold_loss":0,"cards_upgraded":["beaked:Ceremony"]},{"damage_healed":0,"gold_gain":0,"player_choice":"Fight","damage_taken":0,"max_hp_gain":0,"max_hp_loss":0,"event_name":"Colosseum","floor":31,"gold_loss":0},{"damage_healed":0,"gold_gain":0,"player_choice":"Fought Nobs","damage_taken":0,"max_hp_gain":0,"max_hp_loss":0,"event_name":"Colosseum","floor":31,"gold_loss":0},{"damage_healed":59,"gold_gain":0,"player_choice":"Heal","damage_taken":0,"max_hp_gain":0,"max_hp_loss":9,"event_name":"The Moai Head","floor":38,"gold_loss":0},{"cards_removed":["beaked:Strike_Y"],"damage_healed":0,"gold_gain":0,"player_choice":"Removed Attack","damage_taken":0,"max_hp_gain":0,"max_hp_loss":0,"event_name":"Falling","floor":45,"gold_loss":0}],"is_beta":false,"boss_relics":[{"not_picked":["Ectoplasm","Runic Pyramid"],"picked":"beaked:BlessedCoat"},{"not_picked":["Ring of Chaos","Empty Cage"],"picked":"ChewingGum"}],"items_purged_floors":[39],"is_endless":false,"potions_floor_spawned":[3,5,8,11,13,18,31,36,37],"killed_by":"The Heart","ascension_level":4}}