{"host":"lvjqw7fcq3t7v0cp","time":1614445394,"event":{"mods":["Act Like it!","BaseMod","Block Reminder","Colored Map","DeckTracker","Downfall","Hallownest","Marisa????????","Minty Spire (QoL Compilation)","Permanent Neow","Replay The Spire","StSLib","The Bug Knight","The Cursed","The Servant 0.9.4"],"gold_per_floor":[115,132,150,150,163,163,192,192,192,203,3,3,18,33,33,138,138,152,152,7,7,7,7,34,34,34,69,69,99,12,12,12,111,111,121,139,139,139],"floor_reached":37,"language":"ENG","playtime":2270,"items_purged":[],"score":374,"play_id":"e77c4895-f58d-49e3-ae57-62581b6eb869","local_time":"20210227110314","is_ascension_mode":true,"campfire_choices":[{"floor":6,"key":"REST"},{"floor":8,"key":"REST"},{"floor":15,"key":"REST"},{"floor":23,"key":"REST"},{"floor":28,"key":"REST"},{"floor":32,"key":"REST"}],"circlet_count":0,"master_deck":["Strike_R+1","Strike_R+1","Strike_R+1","Strike_R+1","Strike_R+1","Defend_R+1","Defend_R+1","Defend_R+1","Defend_R+1","Armaments","Thunderclap","Flame Barrier+1","Cleave","Impervious","Metallicize","Whirlwind+1","Life Link","Barricade+1","Life Link+1","RitualDagger","Bludgeon+1","Metallicize","Dual Wield","Replay:Bootleg Shield Generator+1","AbeCurse","Immolate+1"],"relics":["Burning Blood","Pet Ghost","Toy Ornithopter","Golden Egg","Regal Pillow","Black Star","Replay:Mystery Machine","Champion Belt","Strawberry","ReplayTheSpireMod:Lightbulb","Orichalcum","Bag of Preparation","Gremlin Food","Paper Frog","Busted Crown"],"acts_visited":["Exordium","TheCity","TheBeyond"],"potions_floor_usage":[16,16,27,29],"damage_taken":[{"damage":20,"enemies":"Small Slimes","floor":1,"turns":3},{"damage":6,"enemies":"Cultist","floor":2,"turns":4},{"damage":13,"enemies":"2 Louse","floor":3,"turns":3},{"damage":17,"enemies":"Looter","floor":5,"turns":3},{"damage":30,"enemies":"3 Sentries","floor":7,"turns":7},{"damage":26,"enemies":"Exordium Wildlife","floor":10,"turns":5},{"damage":8,"enemies":"Blue Slaver","floor":13,"turns":5},{"damage":11,"enemies":"Looter","floor":14,"turns":3},{"damage":31,"enemies":"Slime Boss","floor":16,"turns":12},{"damage":25,"enemies":"Chosen","floor":18,"turns":9},{"damage":42,"enemies":"Gremlin Leader","floor":24,"turns":7},{"damage":49,"enemies":"Book of Stabbing","floor":27,"turns":7},{"damage":34,"enemies":"Gremlin Leader","floor":29,"turns":6},{"damage":17,"enemies":"Pondfish","floor":33,"turns":24},{"damage":16,"enemies":"3 Shapes","floor":35,"turns":4},{"damage":24,"enemies":"3 Darklings","floor":36,"turns":6},{"damage":92,"enemies":"Transient","floor":37,"turns":5}],"seed_played":"-1420622582029885413","potions_obtained":[{"floor":2,"key":"Adrenaline Potion"},{"floor":5,"key":"Adrenaline Potion"},{"floor":10,"key":"Elixir"},{"floor":13,"key":"SteroidPotion"},{"floor":24,"key":"ColorlessPotion"},{"floor":27,"key":"Slimebound:ThreeZeroPotion"},{"floor":33,"key":"LifebloodPotion"},{"floor":35,"key":"Ancient Potion"},{"floor":36,"key":"hexamod:SoulburnPotion"}],"is_trial":false,"path_per_floor":["M","M","M","?","M","R","E","R","T","M","$","?","M","M","R","B",null,"M","?","$","?","?","R","E","$","T","E","R","E","$","?","R","B",null,"M","M","M"],"character_chosen":"IRONCLAD","items_purchased":["Regal Pillow","Whirlwind+1","Replay:Mystery Machine","Replay:Bootleg Shield Generator"],"campfire_rested":6,"item_purchase_floors":[11,11,20,30],"current_hp_per_floor":[66,66,59,59,48,72,48,72,72,52,52,52,50,45,80,65,80,61,61,61,55,55,80,51,51,51,13,54,31,31,31,72,61,87,77,59,0,0],"gold":139,"neow_bonus":"RANDOM_COMMON_RELIC","is_daily":false,"chose_seed":false,"campfire_upgraded":0,"win_rate":0.0,"timestamp":1614445394,"path_taken":["M","M","M","?","?","R","E","R","T","M","$","?","M","M","R","BOSS","M","?","$","?","?","R","E","?","T","E","R","E","?","?","R","BOSS","M","M","M"],"items_purchased_type":["Relic","Card","Relic","Card"],"build_version":"2020-12-22","purchased_purges":0,"victory":false,"max_hp_per_floor":[80,80,80,80,80,80,80,80,80,80,80,80,80,80,80,80,80,80,80,80,80,80,80,87,87,87,87,87,87,87,87,87,87,87,87,87,87,87],"card_choices":[{"not_picked":["Flex","Dual Wield"],"picked":"Armaments","floor":1},{"not_picked":["Clothesline","Body Slam"],"picked":"Thunderclap","floor":2},{"not_picked":["Pommel Strike","Shrug It Off"],"picked":"Flame Barrier","floor":3},{"not_picked":["Perfected Strike","Hemokinesis"],"picked":"Cleave","floor":5},{"not_picked":["Clash","Armaments"],"picked":"Impervious","floor":7},{"not_picked":["Headbutt","Shrug It Off"],"picked":"Metallicize","floor":10},{"not_picked":["Rage","Uppercut"],"picked":"Life Link","floor":13},{"not_picked":["Combust","Havoc","Heavy Blade"],"picked":"SKIP","floor":14},{"not_picked":["Limit Break","Fiend Fire"],"picked":"Barricade","floor":16},{"not_picked":["Headbutt+1","Body Slam"],"picked":"Life Link+1","floor":18},{"not_picked":["Shrug It Off+1","Flex"],"picked":"Bludgeon","floor":24},{"not_picked":["Offering","Cleave"],"picked":"Metallicize","floor":27},{"not_picked":["Warcry","Rupture"],"picked":"Dual Wield","floor":29},{"not_picked":["Limit Break","Brutality"],"picked":"Immolate","floor":33},{"not_picked":["Sword Boomerang+1"],"picked":"SKIP","floor":35},{"not_picked":["Hemokinesis+1"],"picked":"SKIP","floor":36}],"player_experience":101686,"relics_obtained":[{"floor":7,"key":"Toy Ornithopter"},{"floor":9,"key":"Golden Egg"},{"floor":24,"key":"Champion Belt"},{"floor":24,"key":"Strawberry"},{"floor":26,"key":"ReplayTheSpireMod:Lightbulb"},{"floor":27,"key":"Orichalcum"},{"floor":27,"key":"Bag of Preparation"},{"floor":29,"key":"Gremlin Food"},{"floor":29,"key":"Paper Frog"}],"event_choices":[{"cards_removed":["Bash"],"damage_healed":0,"gold_gain":0,"player_choice":"Offered Basic","damage_taken":0,"max_hp_gain":0,"max_hp_loss":0,"event_name":"Bonfire Elementals","floor":4,"gold_loss":0},{"damage_healed":0,"gold_gain":0,"player_choice":"Ignored","damage_taken":0,"max_hp_gain":0,"max_hp_loss":0,"event_name":"Golden Wing","floor":12,"gold_loss":0},{"damage_healed":0,"gold_gain":0,"player_choice":"Simplicity","damage_taken":0,"max_hp_gain":0,"max_hp_loss":0,"event_name":"Back to Basics","floor":19,"gold_loss":0,"cards_upgraded":["Strike_R","Strike_R","Strike_R","Strike_R","Strike_R","Defend_R","Defend_R","Defend_R","Defend_R"]},{"damage_healed":0,"gold_gain":0,"player_choice":"Joined the Cult","damage_taken":6,"max_hp_gain":0,"max_hp_loss":0,"event_name":"Nest","floor":21,"gold_loss":0,"cards_obtained":["RitualDagger"]},{"damage_healed":0,"gold_gain":0,"player_choice":"Ignored","damage_taken":0,"max_hp_gain":0,"max_hp_loss":0,"event_name":"Vampires","floor":31,"gold_loss":0}],"is_beta":false,"boss_relics":[{"not_picked":["Tiny House","SacredBark"],"picked":"Black Star"},{"not_picked":["bronze:MakeshiftBattery","Replay:Bronze Core"],"picked":"Busted Crown"}],"items_purged_floors":[],"is_endless":false,"potions_floor_spawned":[2,5,10,13,24,27,33,35,36],"killed_by":"Transient","ascension_level":3}}