{"host":"g792ep1fbt4i7bvb","time":1614443436,"event":{"mods":["BaseMod","Beaked The Cultist","Colored Map","Colored Powertips","DeckTracker","Highlight Path","Minty Spire (QoL Compilation)","Relic Stats","StSLib","SuperFastMode"],"gold_per_floor":[114,289,302,252,48,48,48],"floor_reached":6,"language":"JPN","playtime":162,"items_purged":[],"score":44,"play_id":"2e0240bc-6b13-41dd-9082-9338764822c3","local_time":"20210228013036","is_ascension_mode":true,"campfire_choices":[],"circlet_count":0,"master_deck":["beaked:Strike_Y","beaked:Strike_Y","beaked:Strike_Y","beaked:Strike_Y","beaked:Strike_Y","beaked:Strike_Y","beaked:Defend_Y","beaked:Defend_Y","beaked:Defend_Y+1","beaked:Defend_Y","beaked:Ceremony","beaked:Ceremony","beaked:Ceremony","beaked:VolatileMisfortune","beaked:Foresight","beaked:MimicMachine+1"],"relics":["beaked:MendingPlumage","War Paint"],"acts_visited":["Exordium"],"potions_floor_usage":[6],"damage_taken":[{"damage":8,"enemies":"Jaw Worm","floor":1,"turns":4},{"damage":6,"enemies":"2 Louse","floor":3,"turns":4},{"damage":63,"enemies":"Gremlin Nob","floor":6,"turns":5}],"seed_played":"-7594216644039484709","potions_obtained":[],"is_trial":false,"path_per_floor":["M","?","M","?","$","E"],"character_chosen":"BEAKED_THE_CULTIST","items_purchased":["War Paint","Dexterity Potion"],"campfire_rested":0,"item_purchase_floors":[5,5],"current_hp_per_floor":[48,48,50,50,50,0,0],"gold":48,"neow_bonus":"ONE_RANDOM_RARE_CARD","is_daily":false,"chose_seed":false,"campfire_upgraded":0,"win_rate":0.0,"timestamp":1614443436,"path_taken":["M","?","M","?","?","E"],"items_purchased_type":["Relic","Potion"],"build_version":"2020-12-22","purchased_purges":0,"victory":false,"max_hp_per_floor":[50,50,50,50,50,50,50],"relic_stats":{"counters":[3,13],"War Paint":["beaked:Defend_Y","beaked:MimicMachine"],"obtain_stats":[{"beaked:MendingPlumage":0,"War Paint":5},{"beaked:MendingPlumage":0,"War Paint":2},{"beaked:MendingPlumage":0,"War Paint":8}]},"card_choices":[{"not_picked":["beaked:Windmill","beaked:Redirect"],"picked":"beaked:Foresight","floor":1},{"not_picked":["beaked:RuinSticks","beaked:Flinch"],"picked":"beaked:MimicMachine","floor":3}],"player_experience":794855,"relics_obtained":[],"event_choices":[{"damage_healed":0,"gold_gain":175,"player_choice":"AGREE","damage_taken":0,"max_hp_gain":0,"max_hp_loss":0,"event_name":"Liars Game","floor":2,"gold_loss":0,"cards_obtained":["Doubt"]},{"cards_removed":["Doubt"],"damage_healed":0,"gold_gain":0,"player_choice":"Card Removal","damage_taken":0,"max_hp_gain":0,"max_hp_loss":0,"event_name":"The Cleric","floor":4,"gold_loss":50}],"is_beta":false,"boss_relics":[],"items_purged_floors":[],"is_endless":false,"potions_floor_spawned":[],"killed_by":"Gremlin Nob","ascension_level":6}}