{"host":"t39frk1gt0zfm79h","time":1614393958,"event":{"mods":["BaseMod","Better Altar","Better Match","Better Note","Better Sensory Stone","Better Skull","Better Third Choice","Block Reminder","Colored Map","Downfall","Hermit","Minty Spire (QoL Compilation)","Relic Stats","StSLib"],"gold_per_floor":[109,127,127,143,143,143,162,177,203,14,46,63,63,97,97,199,199,210,226,226,226,226,226,226],"floor_reached":23,"language":"ENG","playtime":1425,"items_purged":["Strike_G"],"score":236,"play_id":"0c457468-32b7-4a85-a9e8-9ebae557eb99","local_time":"20210226184558","is_ascension_mode":true,"campfire_choices":[{"data":"Eviscerate","floor":6.0,"key":"SMITH"},{"data":"Acrobatics","floor":13.0,"key":"SMITH"},{"floor":15.0,"key":"REST"}],"circlet_count":0,"master_deck":["Strike_G","Strike_G","Strike_G+1","Strike_G","Defend_G","Defend_G","Defend_G","Defend_G","Defend_G","Survivor","Neutralize","Eviscerate+1","Dodge and Roll+1","Reflex","Infinite Blades","Flying Knee","Backflip","Acrobatics+1","Blade Dance","Well Laid Plans","Tools of the Trade","Calculated Gamble","Predator+1","Blur","Ghostly","Ghostly","Ghostly","Ghostly","Ghostly"],"relics":["Ring of the Snake","Nunchaku","Dream Catcher","Membership Card","Ancient Tea Set","Vajra","WristBlade"],"acts_visited":["Exordium","TheCity"],"potions_floor_usage":[],"damage_taken":[{"damage":0.0,"enemies":"2 Louse","floor":1.0,"turns":4.0},{"damage":1.0,"enemies":"Cultist","floor":2.0,"turns":4.0},{"damage":2.0,"enemies":"Jaw Worm","floor":4.0,"turns":6.0},{"damage":0.0,"enemies":"Looter","floor":7.0,"turns":2.0},{"damage":0.0,"enemies":"3 Louse","floor":8.0,"turns":5.0},{"damage":18.0,"enemies":"Gremlin Nob","floor":11.0,"turns":5.0},{"damage":0.0,"enemies":"Large Slime","floor":12.0,"turns":4.0},{"damage":3.0,"enemies":"3 Sentries","floor":14.0,"turns":7.0},{"damage":5.0,"enemies":"The Guardian","floor":16.0,"turns":11.0},{"damage":0.0,"enemies":"Chosen","floor":18.0,"turns":5.0},{"damage":0,"enemies":"Spheric Guardian","floor":19,"turns":3},{"damage":15,"enemies":"Slavers","floor":23,"turns":7}],"seed_played":"-2870879319807671772","potions_obtained":[{"floor":1.0,"key":"SkillPotion"},{"floor":4.0,"key":"Block Potion"},{"floor":5.0,"key":"EntropicBrew"},{"floor":5.0,"key":"DuplicationPotion"},{"floor":12.0,"key":"AttackPotion"},{"floor":14.0,"key":"SpeedPotion"},{"floor":18,"key":"PowerPotion"}],"is_trial":false,"path_per_floor":["M","M","?","M","?","R","M","M","T","$","E","M","R","E","R","B",null,"M","M","?","?","?","E"],"character_chosen":"THE_SILENT","items_purchased":["Membership Card"],"campfire_rested":1,"item_purchase_floors":[10],"current_hp_per_floor":[70,69,55,53,53,53,53,53,53,53,35,35,35,32,53,48,70,70,70,70,35,35,20,20],"gold":226,"neow_bonus":"RANDOM_COMMON_RELIC","is_daily":false,"chose_seed":false,"campfire_upgraded":2,"win_rate":0.0,"timestamp":1614393958,"path_taken":["M","M","?","M","?","R","?","M","T","$","E","M","R","E","R","BOSS","M","M","?","?","?","E"],"items_purchased_type":["Relic"],"build_version":"2020-12-22","purchased_purges":1,"victory":false,"max_hp_per_floor":[70,70,70,70,70,70,70,70,70,70,70,70,70,70,70,70,70,70,70,70,35,35,35,35],"relic_stats":{"Nunchaku":[12],"Dream Catcher":1,"counters":[12,63],"obtain_stats":[{"Nunchaku":0,"Dream Catcher":9,"WristBlade":17,"Vajra":14,"Membership Card":10,"Ancient Tea Set":11,"Ring of the Snake":0},{"Nunchaku":0,"Dream Catcher":5,"WristBlade":9,"Vajra":8,"Membership Card":5,"Ancient Tea Set":6,"Ring of the Snake":0},{"Nunchaku":0,"Dream Catcher":21,"WristBlade":48,"Vajra":37,"Membership Card":21,"Ancient Tea Set":26,"Ring of the Snake":0}],"Ring of the Snake":[24]},"card_choices":[{"not_picked":["Deadly Poison","Prepared"],"picked":"Eviscerate","floor":1.0},{"not_picked":["Skewer","Bouncing Flask"],"picked":"Dodge and Roll","floor":2.0},{"not_picked":["Outmaneuver","Skewer"],"picked":"Reflex","floor":4.0},{"not_picked":["Quick Slash","Heel Hook"],"picked":"Infinite Blades","floor":7.0},{"not_picked":["Blur","Expertise"],"picked":"Flying Knee","floor":8.0},{"not_picked":["Choke","Bouncing Flask"],"picked":"Backflip","floor":11.0},{"not_picked":["Bane","Flechettes"],"picked":"Acrobatics","floor":12.0},{"not_picked":["Eviscerate","Envenom"],"picked":"Blade Dance","floor":14.0},{"not_picked":["Blade Dance","Masterful Stab"],"picked":"Well Laid Plans","floor":15.0},{"not_picked":["Corpse Explosion","Venomology"],"picked":"Tools of the Trade","floor":16.0},{"not_picked":["Blade Dance","Quick Slash+1"],"picked":"Calculated Gamble","floor":18},{"not_picked":["Deadly Poison+1","Acrobatics"],"picked":"Predator+1","floor":19}],"player_experience":34358,"relics_obtained":[{"floor":9.0,"key":"Dream Catcher"},{"floor":11.0,"key":"Ancient Tea Set"},{"floor":14.0,"key":"Vajra"}],"event_choices":[{"damage_healed":69.0,"max_hp_gain":0.0,"max_hp_loss":70.0,"gold_gain":0.0,"event_name":"betterThird:BetterShining","player_choice":"Upgrade","floor":3.0,"gold_loss":0.0,"damage_taken":14.0,"cards_upgraded":["Strike_G","Dodge and Roll"]},{"damage_healed":0.0,"max_hp_gain":0.0,"max_hp_loss":0.0,"gold_gain":0.0,"event_name":"Lab","player_choice":"Got Potions","floor":5.0,"gold_loss":0.0,"damage_taken":0.0},{"damage_healed":0,"gold_gain":0,"player_choice":"Read","damage_taken":0,"max_hp_gain":0,"max_hp_loss":0,"event_name":"The Library","floor":20,"gold_loss":0,"cards_obtained":["Blur"]},{"damage_healed":0,"gold_gain":0,"player_choice":"Became a Ghost","damage_taken":0,"max_hp_gain":0,"max_hp_loss":35,"event_name":"Ghosts","floor":21,"gold_loss":0,"cards_obtained":["Ghostly","Ghostly","Ghostly","Ghostly","Ghostly"]},{"damage_healed":0,"gold_gain":0,"player_choice":"Ignored","damage_taken":0,"max_hp_gain":0,"max_hp_loss":0,"event_name":"Vampires","floor":22,"gold_loss":0}],"is_beta":false,"boss_relics":[{"not_picked":["Runic Pyramid","Tiny House"],"picked":"WristBlade"}],"items_purged_floors":[10],"is_endless":false,"potions_floor_spawned":[1,4,8,12,14,18,19],"killed_by":"Slavers","ascension_level":1}}