{"host":"8g24zuco0epbjwbo","time":1614443729,"event":{"mods":["BaseMod","Downfall","Minty Spire (QoL Compilation)","Relic Stats","StSLib"],"gold_per_floor":[99,110,124,124,30,30,111,111,111,111,169,185,26,59,78,175,175,175,195,211,230,248,282,308,208,224,250,250,283,301,316,336,336,336,336],"floor_reached":33,"language":"ENG","playtime":1557,"items_purged":["Regret"],"score":409,"play_id":"5981ab80-fc41-4bdf-a696-22bdc265fbe9","local_time":"20210227113529","is_ascension_mode":true,"campfire_choices":[{"data":"Slimebound:Split","floor":1,"key":"SMITH"},{"data":"Slimebound:LevelUp","floor":6,"key":"SMITH"},{"data":"Slimebound:LevelUp","floor":8,"key":"SMITH"},{"data":"Slimebound:LevelUp","floor":18,"key":"SMITH"},{"data":"Slimebound:DuplicatedForm","floor":25,"key":"SMITH"}],"circlet_count":0,"master_deck":["Slimebound:Strike_Slimebound","Slimebound:Strike_Slimebound","Slimebound:Tackle","Slimebound:Defend_Slimebound","Slimebound:Defend_Slimebound","Slimebound:Defend_Slimebound+1","Slimebound:Split+1","Slimebound:CorrosiveSpit+1","Slimebound:LevelUp+1","Slimebound:FormOfPuddle","Slimebound:Schlurp","Slimebound:LivingWall","Slimebound:LevelUp+1","Slimebound:Nibble","Slimebound:SplitMire","Slimebound:Gluttony","Slimebound:OozeBath","Slimebound:LevelUp+1","Slimebound:DuplicatedForm+1","Slimebound:SplitAcid","Slimebound:LivingWall+1","Slimebound:SlimeBrawl","Slimebound:WasteNot+1","Slimebound:SlimeTap","Slimebound:SplitMire+1","Slimebound:SplitBruiser","Slimebound:LeechingTouch+1","Slimebound:LeadByExample","Slimebound:Recollect"],"relics":["Slimebound:AbsorbEndCombat","downfall:ShatteredFragment","Bottled Lightning","War Paint","Slimebound:AggressiveSlimeRelic","hexamod:BolsterEngine","Snecko Eye","Happy Flower","downfall:HeartBlessingBlue","Pear","Vajra"],"acts_visited":["Exordium","TheCity"],"potions_floor_usage":[],"damage_taken":[{"damage":5,"enemies":"Small Slimes","floor":2,"turns":4},{"damage":2,"enemies":"2 Louse","floor":3,"turns":3},{"damage":7,"enemies":"downfall:FleeingMerchant","floor":5,"turns":4},{"damage":12,"enemies":"3 Sentries","floor":11,"turns":5},{"damage":0,"enemies":"Cultist","floor":12,"turns":2},{"damage":5,"enemies":"downfall:FleeingMerchant","floor":13,"turns":4},{"damage":9,"enemies":"3 Sentries","floor":14,"turns":5},{"damage":0,"enemies":"Large Slime","floor":15,"turns":4},{"damage":13,"enemies":"IC_STATUS_ARCHETYPE","floor":16,"turns":4},{"damage":19,"enemies":"Spheric Guardian","floor":19,"turns":4},{"damage":17,"enemies":"Chosen","floor":20,"turns":4},{"damage":15,"enemies":"Snake Plant","floor":21,"turns":3},{"damage":37,"enemies":"Cultist and Chosen","floor":22,"turns":5},{"damage":19,"enemies":"Book of Stabbing","floor":23,"turns":4},{"damage":25,"enemies":"Snecko","floor":26,"turns":4},{"damage":46,"enemies":"Gremlin Leader","floor":27,"turns":6},{"damage":14,"enemies":"Book of Stabbing","floor":29,"turns":5},{"damage":15,"enemies":"Snake Plant","floor":30,"turns":1},{"damage":15,"enemies":"Centurion and Healer","floor":31,"turns":2},{"damage":26,"enemies":"Sentry and Sphere","floor":32,"turns":4},{"damage":34,"enemies":"SI_MIRROR_ARCHETYPE","floor":33,"turns":7}],"seed_played":"969056393355381963","potions_obtained":[{"floor":2,"key":"Fire Potion"},{"floor":14,"key":"Swift Potion"},{"floor":16,"key":"Weak Potion"},{"floor":19,"key":"Slimebound:SlimyTonguePotion"}],"is_trial":false,"path_per_floor":["R","M","M","?","$","R","T","R","?","?","?","M","$","E","M","B",null,"R","M","M","M","M","E","T","R","M","E","?","E","M","M","M","B"],"character_chosen":"SLIMEBOUND","items_purchased":["Slimebound:LevelUp","Slimebound:Gluttony"],"campfire_rested":0,"item_purchase_floors":[5,13],"current_hp_per_floor":[65,65,65,47,46,46,46,46,46,46,38,44,47,46,52,47,65,65,63,64,65,49,38,38,48,46,33,25,19,23,31,26,0,0,0],"gold":336,"neow_bonus":"THREE_CARDS","is_daily":false,"chose_seed":false,"campfire_upgraded":5,"win_rate":0.0,"timestamp":1614443729,"path_taken":["R","M","M","?","$","R","T","R","?","?","?","M","$","E","M","BOSS","R","M","M","M","M","E","T","R","M","E","?","E","?","M","M","BOSS"],"items_purchased_type":["Card","Card"],"build_version":"2020-12-22","purchased_purges":1,"victory":false,"max_hp_per_floor":[65,65,65,65,65,65,65,65,65,65,65,65,65,65,65,65,65,65,65,65,65,65,65,65,75,75,85,85,85,85,85,85,85,85,85],"relic_stats":{"Happy Flower":[9],"counters":[21,81],"Snecko Eye":[93,84,75,95],"War Paint":["Slimebound:Defend_Slimebound","Slimebound:CorrosiveSpit"],"obtain_stats":[{"Slimebound:AggressiveSlimeRelic":11,"downfall:ShatteredFragment":4,"Pear":27,"Happy Flower":23,"downfall:HeartBlessingBlue":25,"Snecko Eye":17,"Vajra":29,"Slimebound:AbsorbEndCombat":0,"Bottled Lightning":7,"War Paint":9,"hexamod:BolsterEngine":14},{"Slimebound:AggressiveSlimeRelic":4,"downfall:ShatteredFragment":2,"Pear":16,"Happy Flower":14,"downfall:HeartBlessingBlue":14,"Snecko Eye":9,"Vajra":17,"Slimebound:AbsorbEndCombat":0,"Bottled Lightning":3,"War Paint":3,"hexamod:BolsterEngine":7},{"Slimebound:AggressiveSlimeRelic":15,"downfall:ShatteredFragment":7,"Pear":62,"Happy Flower":52,"downfall:HeartBlessingBlue":52,"Snecko Eye":34,"Vajra":67,"Slimebound:AbsorbEndCombat":0,"Bottled Lightning":11,"War Paint":11,"hexamod:BolsterEngine":26}]},"card_choices":[{"not_picked":["Slimebound:LivingWall","Slimebound:Schlurp"],"picked":"Slimebound:LevelUp","floor":0},{"not_picked":["Slimebound:GoopSpray","Slimebound:SamplingLick"],"picked":"Slimebound:FormOfPuddle","floor":2},{"not_picked":["Slimebound:MegaLick","Slimebound:Replication"],"picked":"Slimebound:Schlurp","floor":3},{"not_picked":["Slimebound:SamplingLick","Slimebound:GoopTackle"],"picked":"Slimebound:LivingWall","floor":5},{"not_picked":["Slimebound:Schlurp","Slimebound:MegaLick"],"picked":"Slimebound:Nibble","floor":11},{"not_picked":["Slimebound:HauntingLick","Slimebound:TongueLash"],"picked":"Slimebound:SplitMire","floor":12},{"not_picked":["Slimebound:FinishingTackle","Slimebound:Schlurp","Slimebound:GoopTackle"],"picked":"SKIP","floor":13},{"not_picked":["Slimebound:SamplingLick","Slimebound:Grow"],"picked":"Slimebound:OozeBath","floor":14},{"not_picked":["Slimebound:SplitLeeching","Slimebound:LeechEnergy"],"picked":"Slimebound:LevelUp","floor":15},{"not_picked":["Slimebound:Recycling","Slimebound:SlimeSlap"],"picked":"Slimebound:DuplicatedForm","floor":16},{"not_picked":["Slimebound:PressTheAttack+1","Slimebound:GoopSpray"],"picked":"Slimebound:SplitAcid","floor":19},{"not_picked":["Slimebound:ItLooksTasty","Slimebound:SplitMire"],"picked":"Slimebound:LivingWall+1","floor":20},{"not_picked":["Slimebound:ComboTackle","Slimebound:GoopSpray"],"picked":"Slimebound:SlimeBrawl","floor":21},{"not_picked":["Slimebound:RollThrough","Slimebound:BestDefense","Slimebound:GrowthPunch"],"picked":"SKIP","floor":22},{"not_picked":["Slimebound:ServeAndProtect","Slimebound:BestDefense"],"picked":"Slimebound:WasteNot","floor":23},{"not_picked":["Slimebound:LivingWall","Slimebound:ServeAndProtect"],"picked":"Slimebound:SlimeTap","floor":26},{"not_picked":["Slimebound:SlimeTap+1","Slimebound:RainOfGoop"],"picked":"Slimebound:SplitMire+1","floor":27},{"not_picked":["Slimebound:SamplingLick","Slimebound:GrowthPunch+1"],"picked":"Slimebound:SplitBruiser","floor":29},{"not_picked":["Slimebound:SplitBruiser","Slimebound:ViciousTackle"],"picked":"Slimebound:LeechingTouch+1","floor":30},{"not_picked":["Slimebound:RollThrough","Slimebound:SplitBruiser"],"picked":"Slimebound:LeadByExample","floor":31},{"not_picked":["Slimebound:SplitBruiser","Slimebound:GoopSpray+1"],"picked":"Slimebound:Recollect","floor":32}],"player_experience":598215,"relics_obtained":[{"floor":7,"key":"Bottled Lightning"},{"floor":11,"key":"Slimebound:AggressiveSlimeRelic"},{"floor":14,"key":"hexamod:BolsterEngine"},{"floor":23,"key":"Happy Flower"},{"floor":27,"key":"Pear"},{"floor":29,"key":"Vajra"}],"event_choices":[{"damage_healed":0,"gold_gain":0,"player_choice":"Box","damage_taken":0,"relics_obtained":["War Paint"],"max_hp_gain":0,"max_hp_loss":0,"event_name":"Big Fish","floor":9,"gold_loss":0,"cards_obtained":["Regret"]}],"is_beta":false,"boss_relics":[{"not_picked":["Coffee Dripper","Busted Crown"],"picked":"Snecko Eye"}],"items_purged_floors":[13],"is_endless":false,"potions_floor_spawned":[2,14,16,19,22,26,27],"killed_by":"SI_MIRROR_ARCHETYPE","ascension_level":3}}