{"host":"l85rtarfuh0ld3b1","time":1614434259,"event":{"mods":["AchievementEnabler","Act Like it!","BaseMod","BetterRewards","CapriCore","Decade(王小明)","Gensokyo","KinomotoSakuraMod(木之本樱)","Koishi","Marisa（F雨　魔理沙）","Minty Spire (QoL Compilation)","Permanent Neow","Reimu（博丽灵梦）","Remilia（蕾米莉亚）","Shop Mod","StSLib","TestMod","The Administrix","The Immortal","The Servant 0.9.4","WarShipGirlsR/战舰少女R mod","Yakumo Yukari mod","Yuyuko"],"gold_per_floor":[115,29,47,47,66,407,407,441,441,471,167,167,463,496,496,598,598,609,609,609,609,619,619,619,669,677,677,710,604,604,604,604,709,709,731,965,973,997,1032,1064,1064,1064,1090,1121,1129,1528,1557,1571,1571,1571,1571,1571,1296,1324,1324],"floor_reached":56,"language":"ZHS","playtime":4136,"items_purged":["Fantasy Butterflies","Fantasy Butterflies","Fantasy Butterflies","Fantasy Butterflies","Dreamy Sakura","Dreamy Sakura","Fantasy Butterflies","Dreamy Sakura","Dreamy Sakura","Dreamy Sakura","Deathly Ground","Faramita\u0027s Temptation","Serene Spring+1","Sweet of Phantom","Serene Spring","Bloom","Bloom","The Inky Sakura","Entrench+1","ClowCardTheBubbles+1"],"score":1931,"play_id":"517c40d2-0955-4fe6-8bfe-c68955d2ff7e","local_time":"20210227215739","is_ascension_mode":true,"campfire_choices":[{"data":"1","floor":7.0,"key":"LIFT"},{"data":"AdministrixMod:PlateOfAntiquity+1","floor":12.0,"key":"PURGE"},{"data":"TheWorld","floor":15.0,"key":"SMITH"},{"data":"Monster Cherry Tree","floor":23.0,"key":"SMITH"},{"data":"Wandering Soul","floor":27.0,"key":"SMITH"},{"data":"The Inky Sakura+1","floor":32.0,"key":"SMITH"},{"floor":42,"key":"RECALL"},{"data":"The Inky Sakura+3","floor":49,"key":"SMITH"},{"data":"Orbital","floor":52,"key":"PURGE"}],"circlet_count":0,"master_deck":["Monster Cherry Tree+1","Wandering Soul+1","Redemption of Death+1","Childlike+1","Bloom+1","TheWorld+1","Parasite","Parasite","Bloom+1","Sweet of Phantom+1","Sweet of Phantom+1","Bloom+1","The Inky Sakura+4","Mini Ghostdom+1","Bloom+1","Bloom+1","Nihility+1","Vault+1","HeartBreak+1","Sweet of Phantom+1","Gensokyo:UnhurriedMind+1","Gensokyo:UnhurriedMind+1"],"relics":["Coronal","Yuyuko\u0027s fan","testmod-Alchemist","MerchantsRug","Membership Card","Ghost Lamp","Singing Bowl","White Beast Statue","Girya","Chemical X","PrismaticShard","Frozen Eye","testmod-Charity","testmod-Acrobat","testmod-HeartOfDaVinci","testmod-RainbowHikingShoes","ClockworkSouvenir","Prayer Wheel","Juzu Bracelet","Mastiff:ReiMu","testmod-Nyarlathotep","ShroomBag","Medical Kit","Molten Egg 2","BreadOfAWashokuLover","Darkstone Periapt","Question Card","Tiny Chest","Omamori","HandmadeGrimoire","Peace Pipe","testmod-CyclicPeriapt","CeramicFish","Trap Lamp","Toxic Egg 2","WingedGreaves","testmod-DragonStarHat","Memoryfragments_purpleEX","Blue Candle","Trip to Hell","Gensokyo:YoukaiFlower","Dream Catcher","Calipers","AdministrixMod:ElixirOfImmorality","Gensokyo:ConquerorOfFear","Gensokyo:MosesMiracle","testmod-AssaultLearning","KSMOD_YukitosBentoBox","Gensokyo:ChorusOfJoy","rmod:equipmentrecovery","testmod-IncinerationGenerator","KSMOD_TouyasBicycle","Bottled Lightning","Broom","Akabeko","testmod-BlackFramedGlasses","testmod-Maize","testmod-ThousandKnives","StoneCalendar"],"acts_visited":["Gensokyo:Gensokyo","Gensokyo:Gensokyoer","Gensokyo:Gensokyoest","TheEnding"],"potions_floor_usage":[55,55,55],"damage_taken":[{"damage":5.0,"enemies":"Gensokyo:3_Fairies","floor":1.0,"turns":2.0},{"damage":1.0,"enemies":"Gensokyo:Python","floor":3.0,"turns":1.0},{"damage":3.0,"enemies":"Gensokyo:Gryphon","floor":5.0,"turns":1.0},{"damage":80.0,"enemies":"Gensokyo:Aya","floor":6.0,"turns":1.0},{"damage":92.0,"enemies":"Gensokyo:Mamizou","floor":8.0,"turns":1.0},{"damage":113.0,"enemies":"Gensokyo:Cirno","floor":14.0,"turns":6.0},{"damage":5.0,"enemies":"Gensokyo:Reimu","floor":16.0,"turns":1.0},{"damage":3.0,"enemies":"Gensokyo:Chomper","floor":18.0,"turns":1.0},{"damage":3.0,"enemies":"Gensokyo:CosmicMonolith","floor":22.0,"turns":1.0},{"damage":130.0,"enemies":"Gensokyo:Reisen","floor":28.0,"turns":1.0},{"damage":16.0,"enemies":"Gensokyo:Kaguya","floor":33.0,"turns":3.0},{"damage":11,"enemies":"Gensokyo:AncientGuardian","floor":35,"turns":2},{"damage":2,"enemies":"Gensokyo:AncientGuardian","floor":37,"turns":2},{"damage":3,"enemies":"Gensokyo:Doremy","floor":40,"turns":1},{"damage":2,"enemies":"Gensokyo:Marisa","floor":44,"turns":1},{"damage":2,"enemies":"Gensokyo:Doremy","floor":47,"turns":1},{"damage":3,"enemies":"Gensokyo:3_Bats","floor":48,"turns":1},{"damage":3,"enemies":"Gensokyo:Scarlet_Devils","floor":50,"turns":1},{"damage":3,"enemies":"Shield and Spear","floor":54,"turns":1},{"damage":42,"enemies":"The Heart","floor":55,"turns":1}],"seed_played":"5504976787037301229","potions_obtained":[{"floor":0.0,"key":"BlessingOfTheForge"},{"floor":0.0,"key":"testmod-TimePotion"},{"floor":0.0,"key":"EssenceOfSteel"},{"floor":0.0,"key":"MagicPotion:ReiMu"},{"floor":0.0,"key":"AttackPotion"},{"floor":1.0,"key":"Turbid Wine"},{"floor":3.0,"key":"Gelsemium Tea"},{"floor":5.0,"key":"PowerPotion"},{"floor":6.0,"key":"Fire Potion"},{"floor":8.0,"key":"Ancient Potion"},{"floor":14.0,"key":"Ancient Potion"},{"floor":16.0,"key":"SteroidPotion"},{"floor":18.0,"key":"SneckoOil"},{"floor":22.0,"key":"Weak Potion"},{"floor":28.0,"key":"SteroidPotion"},{"floor":33.0,"key":"PowerPotion"},{"floor":35,"key":"testmod-SpacePotion"},{"floor":40,"key":"GrandPatriotsElixir:ReiMu"},{"floor":44,"key":"Strength Potion"},{"floor":47,"key":"Fire Potion"},{"floor":48,"key":"Dexterity Potion"},{"floor":54,"key":"ZuzhouPotion:ReiMu"}],"is_trial":false,"path_per_floor":["M","COS","M","?","M","E","R","E","T","T","$","R","$","E","R","B",null,"M","T","?","?","M","R","?","T","T","R","E","COS","?","?","R","B",null,"M","$","?","T","$","E","?","R","T","E","?","?","E","M","R","B",null,"R","$","E","B",null],"character_chosen":"YUYOKO","items_purchased":["MerchantsRug","Membership Card","Ghost Lamp","Monster Cherry Tree","Singing Bowl","Orrery","White Beast Statue","Girya","testmod-SpacePotion","Strawberry","Redemption of Death","testmod-SpacePotion","Childlike","Chemical X","PrismaticShard","Frozen Eye","testmod-Charity","Matryoshka","The Inky Sakura","Lee\u0027s Waffle","Fruit Juice","testmod-Acrobat","testmod-SpacePotion","Serene Spring","Bloom","War Paint","testmod-HeartOfDaVinci","testmod-RainbowHikingShoes","ClockworkSouvenir","Prayer Wheel","Juzu Bracelet","Mastiff:ReiMu","testmod-Nyarlathotep","Cauldron","Whetstone","Fruit Juice","testmod-SpacePotion","testmod-SpacePotion","Gungnir","ShroomBag","Medical Kit","EntropicBrew","MiniHakkero","Fruit Juice","DollysMirror","Molten Egg 2","ThegodofHakurei_purpleEX","Pear","Pan","Fruit Juice","Antimatter_spacedebris","TheEssenceOfRealm","BreadOfAWashokuLover","EntropicBrew","Darkstone Periapt","Question Card","Tiny Chest","Fruit Juice","Fruit Juice","EntropicBrew","Sweet of Phantom","Serene Spring+1","Bloom","Fruit Juice","Omamori","testmod-SpacePotion","HandmadeGrimoire","Peace Pipe","Potion Belt","Fruit Juice","testmod-CyclicPeriapt","CeramicFish","Trap Lamp","Toxic Egg 2","WingedGreaves","Sweet of Phantom+1","Bloom+1","testmod-DragonStarHat","The Inky Sakura+1","Mini Ghostdom+1","Bloom+1","Bloom+1","Memoryfragments_purpleEX","Blue Candle","Nihility+1","Trip to Hell","FairyMaid","Sweet of Phantom+1","Bottled Lightning"],"campfire_rested":0,"item_purchase_floors":[0,0,0,0,0,0,0,0,0,0,0,0,0,0,0,0,0,0,0,0,0,0,0,0,0,0,0,0,0,0,0,0,0,0,0,0,0,0,0,0,0,0,0,0,0,0,0,0,0,0,0,0,0,0,0,0,0,0,0,0,0,0,0,0,0,0,0,0,0,0,0,0,0,0,0,0,0,0,0,0,0,0,0,0,0,0,11,13,36],"current_hp_per_floor":[190,192,214,214,238,184,184,205,205,207,213,213,219,243,243,343,375,389,389,389,389,406,406,406,407,408,408,299,301,303,303,318,380,417,430,441,442,443,444,466,466,466,467,484,485,486,505,523,523,549,550,550,550,560,589],"gold":1324,"neow_bonus":"","is_daily":false,"chose_seed":false,"campfire_upgraded":5,"win_rate":0.0,"timestamp":1614434259,"path_taken":["M","COS","M","?","M","E","R","E","T","?","$","R","?","E","R","BOSS","M","?","?","?","M","R","?","?","T","R","E","COS","?","?","R","BOSS","M","$","?","?","$","E","?","R","T","E","?","?","E","M","R","BOSS","R","$","E","BOSS"],"items_purchased_type":["Relic","Relic","Relic","Card","Relic","Relic","Relic","Relic","Potion","Relic","Card","Potion","Card","Relic","Relic","Relic","Relic","Relic","Card","Relic","Potion","Relic","Potion","Card","Card","Relic","Relic","Relic","Relic","Relic","Relic","Relic","Relic","Relic","Relic","Potion","Potion","Potion","Relic","Relic","Relic","Potion","Relic","Potion","Relic","Relic","Relic","Relic","Relic","Potion","Relic","Relic","Relic","Potion","Relic","Relic","Relic","Potion","Potion","Potion","Card","Card","Card","Potion","Relic","Potion","Relic","Relic","Relic","Potion","Relic","Relic","Card","Relic","Relic","Card","Card","Relic","Card","Card","Card","Card","Relic","Relic","Card","Relic","Relic","Card","Relic"],"build_version":"2020-12-22","purchased_purges":20,"victory":true,"max_hp_per_floor":[192,194,215,215,239,262,262,294,294,296,302,302,308,352,352,375,375,390,390,390,390,407,407,407,408,409,409,427,429,389,389,389,417,417,437,448,449,450,451,467,467,467,468,485,486,487,506,524,524,550,550,550,550,561,590],"card_choices":[{"not_picked":["Steamed Phantom","Cerasus Subhirtella"],"picked":"Serene Spring","floor":0.0},{"not_picked":["Chase The Sukhavati","Reverse The Screen"],"picked":"Wandering Soul","floor":0.0},{"not_picked":["Linger over Flower","Spear of Papilio","Unstable Ward"],"picked":"Singing Bowl","floor":0.0},{"not_picked":["Butterflies in Dream","Unborn Light","Gauzy Sakura"],"picked":"Singing Bowl","floor":0.0},{"not_picked":["All Wander","Dark Wind"],"picked":"Bloom","floor":0.0},{"not_picked":["Chase The Sukhavati","Wandering Soul","Reverse The Screen"],"picked":"Singing Bowl","floor":0.0},{"not_picked":["Linger over Flower","Spear of Papilio","Unstable Ward"],"picked":"Singing Bowl","floor":0.0},{"not_picked":["Butterflies in Dream","Unborn Light","Gauzy Sakura"],"picked":"Singing Bowl","floor":0.0},{"not_picked":["Fondling of Papilio","DenO_Rod"],"picked":"TheWorld","floor":0.0},{"not_picked":["ScarletGensokyo+1","StarChef","DarkSpark+1","MastersStateliness"],"picked":"Singing Bowl","floor":1.0},{"not_picked":["End of Faramita+1","ClowCardTheErase+1","Elegance+1","EmptyMind+1"],"picked":"Singing Bowl","floor":1.0},{"not_picked":["AdministrixMod:HarmonicReverence","Fusion+1","AsteroidBelt+1","OctopathBindingBorder2:ReiMu"],"picked":"Singing Bowl","floor":3.0},{"not_picked":["BottledTime+1","Turbo+1","Bane+1","Meditate+1"],"picked":"Singing Bowl","floor":3.0},{"not_picked":["Doom and Gloom+1","Sunder+1","MysteriousBeam+1","KillingDoll+1"],"picked":"Singing Bowl","floor":5.0},{"not_picked":["Reset+1","Unborn Light+1","MokouMod:RisingSunBarrier","FormRidePegasus+1"],"picked":"Singing Bowl","floor":5.0},{"not_picked":["rmod:capitalist+1","MokouMod:UncontrollableSolarReaction+1","Koishi:EmbryosDream+1","Song of Papilio+1"],"picked":"Singing Bowl","floor":6.0},{"not_picked":["ForcedLanding:ReiMu+1","ClowCardTheSleep+1","AdministrixMod:RisingSunPrince+1"],"picked":"Vault+1","floor":8.0},{"not_picked":["AdministrixMod:UnstableVigor+1","EmergencyTakeOff:ReiMu+1","UnarmedAttack3+1","testmod-RabbitOfFibonacci+1"],"picked":"Singing Bowl","floor":14.0},{"not_picked":["GluttonyofRealm_purpleEX+1","AdministrixMod:FaithfulFlames","YinYang:ReiMu+1"],"picked":"Gensokyo:UnhurriedMind+1","floor":16.0},{"not_picked":["Revamp+1","MountainWay:ReiMu+1","WasteNot+1","Blind+1"],"picked":"Singing Bowl","floor":18.0},{"not_picked":["All Out Attack+1","EmptyBody+1","White Noise+1","MokouMod:IndiscriminateIgnition+1"],"picked":"Singing Bowl","floor":18.0},{"not_picked":["AdministrixMod:PassageOfAges+1","Stack+1","Unruled+1","RedNightlessCastle+1"],"picked":"Singing Bowl","floor":22.0},{"not_picked":["rmod:circuitoustactics+1","Dagger Throw+1","DoubleEdge+1","ClowCardTheSweet+1"],"picked":"Singing Bowl","floor":22.0},{"not_picked":["SilverBlades+1","Judgement+1","Koishi:DanmakuParanoia+1","Koishi:BloodcurdlingScream+1"],"picked":"Singing Bowl","floor":28.0},{"not_picked":["Gensokyo:Kunekune+1","Gensokyo:MenInBlack+1","Gensokyo:TekeTeke+1","Gensokyo:MissMary+1"],"picked":"Singing Bowl","floor":30.0},{"not_picked":["BloodyHallows+1","CleanRite:ReiMu+1","D_absorption_purple+1","AdministrixMod:DeathByGlamour"],"picked":"Singing Bowl","floor":33.0},{"not_picked":["Serene Spring+1","DarkRealmRedLine_purple+1","DenO_Ax+1","DiffusionOfMisfortune+1"],"picked":"Singing Bowl","floor":35},{"not_picked":["Acceleration+1","MokouMod:IllusoryBattlefield+1","Wild Strike+1","GravityBeat+1"],"picked":"Singing Bowl","floor":35},{"not_picked":["Gensokyo:MorningStar+1","Gensokyo:UnlikelyAid+1"],"picked":"Gensokyo:UnhurriedMind+1","floor":37},{"not_picked":["PiercingWail+1","Streamline+1","Revamp+1","testmod-FightingIntention"],"picked":"Singing Bowl","floor":40},{"not_picked":["Final of Final+1","Shallow_ocean_purpleEX+1","Starlight+1","FormRideDragon+1"],"picked":"Singing Bowl","floor":44},{"not_picked":["Koishi:FleetingPhantom+1","SpiritualOutbreak2:ReiMu+1","DualDimension+1","rmod:seals"],"picked":"Singing Bowl","floor":47},{"not_picked":["Warcry+1","ClowCardTheArrow+1","AdministrixMod:FuneraryRites+1","AdministrixMod:ShadowPlay+1"],"picked":"Singing Bowl","floor":48},{"not_picked":["Backflip+1","SharpContractionReality_purple+1","DenO_Ax+1","rmod:gendarmerie+1"],"picked":"Singing Bowl","floor":48},{"not_picked":["BottledTime+1","Defy+1","testmod-FightingIntention","rmod:selfconfidence+1"],"picked":"Singing Bowl","floor":54}],"player_experience":685437,"relics_obtained":[{"floor":6.0,"key":"Red Skull"},{"floor":8.0,"key":"Koishi:TeethAndClaws"},{"floor":9.0,"key":"RuthlessExorcism:ReiMu"},{"floor":10.0,"key":"AdministrixMod:CrackedTaijitu"},{"floor":10.0,"key":"Dream Catcher"},{"floor":14.0,"key":"Toy Ornithopter"},{"floor":19.0,"key":"Parasol_purpleEX"},{"floor":22.0,"key":"Gensokyo:ConquerorOfFear"},{"floor":25.0,"key":"testmod-AssaultLearning"},{"floor":26.0,"key":"KSMOD_YukitosBentoBox"},{"floor":28.0,"key":"Eternal Feather"},{"floor":33.0,"key":"rmod:equipmentrecovery"},{"floor":35,"key":"Gensokyo:MosesMiracle"},{"floor":38,"key":"testmod-Antiphasic"},{"floor":40,"key":"Broom"},{"floor":43,"key":"Akabeko"},{"floor":44,"key":"testmod-Maize"},{"floor":47,"key":"testmod-ThousandKnives"},{"floor":54,"key":"StoneCalendar"}],"event_choices":[{"damage_healed":0,"gold_gain":400,"player_choice":"Sell","damage_taken":0,"max_hp_gain":0,"max_hp_loss":0,"event_name":"恩洛斯的盘子","floor":46,"relics_lost":["testmod-TestBox"],"gold_loss":0}],"is_beta":false,"boss_relics":[{"not_picked":["testmod-StringDisintegrator","SplendidAttire"],"picked":"AdministrixMod:ElixirOfImmorality"},{"not_picked":["Inserter","Snecko Eye"],"picked":"testmod-IncinerationGenerator"}],"items_purged_floors":[0,0,0,0,0,0,0,0,0,0,0,0,0,0,0,0,0,0,11,53],"is_endless":false,"potions_floor_spawned":[1,3,5,6,8,14,16,18,22,28,33,35,40,44,47,48,54],"ascension_level":3}}