{"host":"xjj3c712op3vq4z0","time":1614420532,"event":{"mods":["BaseMod","Highlight Path","Minty Spire (QoL Compilation)","Relic Stats","StSLib"],"gold_per_floor":[114,132,132,132,144,489,501,539,577,589,601,626,638,638],"floor_reached":13,"language":"ENG","playtime":483,"items_purged":[],"score":232,"play_id":"d46e8408-d5bf-461f-b366-c36237499b4a","local_time":"20210227110852","is_ascension_mode":true,"campfire_choices":[{"data":"Bash","floor":7,"key":"SMITH"}],"circlet_count":0,"master_deck":["AscendersBane","Strike_R","Strike_R","Strike_R","Strike_R","Defend_R","Defend_R","Defend_R","Defend_R+1","Bash+1","Shrug It Off","Twin Strike","Regret","Heavy Blade","Disarm+1","Bloodletting"],"relics":["Burning Blood","NeowsBlessing","MawBank","Old Coin","Bottled Lightning","Orichalcum"],"acts_visited":["Exordium"],"potions_floor_usage":[8,13],"damage_taken":[{"damage":0,"enemies":"Cultist","floor":1,"turns":1},{"damage":0,"enemies":"Small Slimes","floor":2,"turns":1},{"damage":3,"enemies":"3 Sentries","floor":6,"turns":2},{"damage":8,"enemies":"Gremlin Nob","floor":8,"turns":3},{"damage":2,"enemies":"2 Louse","floor":12,"turns":4},{"damage":51,"enemies":"Lagavulin","floor":13,"turns":7}],"seed_played":"-6609909931129808680","potions_obtained":[{"floor":2,"key":"AttackPotion"},{"floor":12,"key":"DistilledChaos"}],"is_trial":false,"path_per_floor":["M","M","?","?","$","E","R","E","T","?","T","M","E"],"character_chosen":"IRONCLAD","items_purchased":[],"campfire_rested":0,"item_purchase_floors":[],"current_hp_per_floor":[74,75,68,68,68,71,71,69,69,46,46,50,0,0],"gold":638,"neow_bonus":"THREE_ENEMY_KILL","is_daily":false,"chose_seed":false,"campfire_upgraded":1,"win_rate":0.0,"timestamp":1614420532,"path_taken":["M","?","?","?","$","E","R","E","T","?","?","?","E"],"items_purchased_type":[],"build_version":"2020-12-22","purchased_purges":0,"victory":false,"max_hp_per_floor":[75,75,75,75,75,75,75,75,75,75,75,75,75,75],"relic_stats":{"counters":[6,18],"Orichalcum":[24],"MawBank":108,"obtain_stats":[{"NeowsBlessing":0,"Bottled Lightning":8,"Orichalcum":9,"MawBank":4,"Burning Blood":0,"Old Coin":6},{"NeowsBlessing":0,"Bottled Lightning":4,"Orichalcum":4,"MawBank":2,"Burning Blood":0,"Old Coin":3},{"NeowsBlessing":0,"Bottled Lightning":7,"Orichalcum":7,"MawBank":2,"Burning Blood":0,"Old Coin":4}],"Burning Blood":25},"card_choices":[{"not_picked":["Flex","Evolve"],"picked":"Shrug It Off","floor":1},{"not_picked":["Anger","Flex"],"picked":"Twin Strike","floor":2},{"not_picked":["Rampage","Pummel"],"picked":"Heavy Blade","floor":6},{"not_picked":["Blood for Blood","Shrug It Off"],"picked":"Disarm","floor":8},{"not_picked":["Dropkick","Dual Wield"],"picked":"Bloodletting","floor":12}],"player_experience":690896,"relics_obtained":[{"floor":6,"key":"Old Coin"},{"floor":8,"key":"Bottled Lightning"},{"floor":9,"key":"Orichalcum"}],"event_choices":[{"cards_removed":["Strike_R"],"damage_healed":0,"gold_gain":0,"player_choice":"Card Removal","damage_taken":7,"max_hp_gain":0,"max_hp_loss":0,"event_name":"Golden Wing","floor":3,"gold_loss":0},{"damage_healed":0,"gold_gain":0,"player_choice":"Box","damage_taken":0,"relics_obtained":["MawBank"],"max_hp_gain":0,"max_hp_loss":0,"event_name":"Big Fish","floor":4,"gold_loss":0,"cards_obtained":["Regret"]},{"damage_healed":0,"gold_gain":0,"player_choice":"Entered Light","damage_taken":23,"max_hp_gain":0,"max_hp_loss":0,"event_name":"Shining Light","floor":10,"gold_loss":0,"cards_upgraded":["Disarm","Defend_R"]}],"is_beta":false,"boss_relics":[],"items_purged_floors":[],"is_endless":false,"potions_floor_spawned":[2,12],"killed_by":"Lagavulin","ascension_level":20}}