{"host":"mithrandi","time":1614458500,"event":{"mods":["BaseMod","Colored Map","Highlight Path","Minty Spire (QoL Compilation)","SuperFastMode"],"gold_per_floor":[119,131,2,15,25,25,55,71,71,71,84,159,1,13,13,85,85,104,121,121,34,47,47,47],"floor_reached":23,"language":"ENG","playtime":1043,"items_purged":["Strike_B"],"score":390,"play_id":"41db2d98-aaf5-4d5e-9151-65fa15ca2ce7","local_time":"20210227224140","is_ascension_mode":true,"campfire_choices":[{"data":"Zap","floor":6.0,"key":"SMITH"},{"data":"Biased Cognition","floor":10.0,"key":"SMITH"},{"data":"Buffer","floor":15.0,"key":"SMITH"}],"circlet_count":0,"master_deck":["AscendersBane","Strike_B","Strike_B","Strike_B","Defend_B","Defend_B","Defend_B","Defend_B","Zap+1","Dualcast","Sweeping Beam","Ball Lightning","Doom and Gloom","Coolheaded+1","Biased Cognition+1","Double Energy+1","Buffer+1","Self Repair","Buffer","Capacitor","Ball Lightning","Defragment","Steam+1"],"relics":["Runic Pyramid","Toxic Egg 2","Art of War","Nunchaku","Cursed Key"],"acts_visited":["Exordium","TheCity"],"potions_floor_usage":[],"damage_taken":[{"damage":1.0,"enemies":"Small Slimes","floor":1.0,"turns":5.0},{"damage":2.0,"enemies":"Cultist","floor":2.0,"turns":4.0},{"damage":7.0,"enemies":"Jaw Worm","floor":4.0,"turns":3.0},{"damage":1.0,"enemies":"Exordium Wildlife","floor":5.0,"turns":3.0},{"damage":15.0,"enemies":"3 Sentries","floor":7.0,"turns":4.0},{"damage":1.0,"enemies":"Looter","floor":8.0,"turns":4.0},{"damage":4.0,"enemies":"3 Louse","floor":11.0,"turns":2.0},{"damage":3.0,"enemies":"Exordium Wildlife","floor":14.0,"turns":4.0},{"damage":5.0,"enemies":"Hexaghost","floor":16.0,"turns":9.0},{"damage":21.0,"enemies":"3 Byrds","floor":18.0,"turns":4.0},{"damage":11.0,"enemies":"Shell Parasite","floor":19.0,"turns":4.0},{"damage":9.0,"enemies":"Centurion and Healer","floor":22.0,"turns":6.0},{"damage":29,"enemies":"Slavers","floor":23,"turns":1}],"seed_played":"-181814470469638167","potions_obtained":[{"floor":4.0,"key":"SteroidPotion"},{"floor":7.0,"key":"DistilledChaos"},{"floor":11.0,"key":"Explosive Potion"},{"floor":19.0,"key":"LiquidMemories"},{"floor":22.0,"key":"Dexterity Potion"}],"is_trial":false,"path_per_floor":["M","M","?","M","M","R","E","M","T","R","M","?","$","M","R","B",null,"M","M","?","$","M","E"],"character_chosen":"DEFECT","items_purchased":["Buffer","Defragment"],"campfire_rested":0,"item_purchase_floors":[13,21],"current_hp_per_floor":[63,61,61,54,53,53,38,37,37,37,33,22,22,19,19,21,59,45,41,21,21,19,0,0],"gold":47,"neow_bonus":"BOSS_RELIC","is_daily":false,"chose_seed":false,"campfire_upgraded":3,"win_rate":0.0,"timestamp":1614458500,"path_taken":["M","M","?","?","M","R","E","M","T","R","M","?","$","M","R","BOSS","M","M","?","$","M","E"],"items_purchased_type":["Card","Card"],"build_version":"2020-12-18","purchased_purges":1,"victory":false,"max_hp_per_floor":[71,71,71,71,71,71,71,71,71,71,71,71,71,71,71,71,71,71,71,76,76,76,76,76],"card_choices":[{"not_picked":["Hologram","Steam Power"],"picked":"Sweeping Beam","floor":1.0},{"not_picked":["Hologram","Darkness"],"picked":"Ball Lightning","floor":2.0},{"not_picked":["FTL","Reprogram+1"],"picked":"Doom and Gloom","floor":4.0},{"not_picked":["Rebound","Barrage","Streamline"],"picked":"SKIP","floor":5.0},{"not_picked":["Static Discharge","Redo+1"],"picked":"Coolheaded+1","floor":7.0},{"not_picked":["Beam Cell","Scrape"],"picked":"Biased Cognition","floor":8.0},{"not_picked":["Barrage","Scrape"],"picked":"Double Energy+1","floor":11.0},{"not_picked":["Rip and Tear","Compile Driver"],"picked":"Self Repair","floor":14.0},{"not_picked":["Fission+1","Meteor Strike"],"picked":"Buffer","floor":16.0},{"not_picked":["Steam Power+1","Coolheaded+1"],"picked":"Capacitor","floor":18.0},{"not_picked":["Redo+1","Go for the Eyes"],"picked":"Ball Lightning","floor":19.0},{"not_picked":["Streamline","Gash"],"picked":"Steam+1","floor":22.0}],"player_experience":3184535,"relics_obtained":[{"floor":7.0,"key":"Art of War"},{"floor":9.0,"key":"Nunchaku"}],"event_choices":[{"damage_healed":0.0,"max_hp_gain":0.0,"max_hp_loss":0.0,"gold_gain":0.0,"event_name":"WeMeetAgain","player_choice":"Paid Gold","floor":3.0,"gold_loss":129.0,"damage_taken":0.0,"relics_obtained":["Toxic Egg 2"]},{"damage_healed":0.0,"max_hp_gain":0.0,"max_hp_loss":0.0,"gold_gain":75.0,"event_name":"World of Goop","player_choice":"Gather Gold","floor":12.0,"gold_loss":0.0,"damage_taken":11.0},{"damage_healed":0.0,"max_hp_gain":5.0,"max_hp_loss":0.0,"gold_gain":0.0,"event_name":"Forgotten Altar","player_choice":"Shed Blood","floor":20.0,"gold_loss":0.0,"damage_taken":25.0}],"is_beta":true,"boss_relics":[{"not_picked":["Ectoplasm","Nuclear Battery"],"picked":"Cursed Key"}],"items_purged_floors":[13],"is_endless":false,"potions_floor_spawned":[4,7,11,19,22],"killed_by":"Slavers","ascension_level":20}}