{"host":"bvp2uifzy1c463d9","time":1614455827,"event":{"mods":["AchievementEnabler","BaseMod","Better Note","Block Reminder","Bossed Relics","Colored Map","Colored Powertips","Hermit","Highlight Path","Hubris","Infinite Spire","Minty Spire (QoL Compilation)","Relic Sorter","Relic Stats","Reliquary","Replay The Spire","StSLib","The Blue Laboratory","Wandering Minibosses"],"gold_per_floor":[124,299,328,328,368,368,368],"floor_reached":6,"language":"ENG","playtime":221,"items_purged":[],"score":170,"play_id":"27e2b372-0a9d-48fc-ae08-114f14ee7ada","local_time":"20210227135707","is_ascension_mode":true,"campfire_choices":[],"circlet_count":0,"master_deck":["hermit:Strike_Hermit","hermit:Strike_Hermit","hermit:Strike_Hermit","hermit:Strike_Hermit","hermit:Defend_Hermit","hermit:Defend_Hermit","hermit:Defend_Hermit","hermit:Defend_Hermit","hermit:Snapshot","hermit:Covet","hubris:Greed","hermit:Reprieve","hermit:SprayPray","Doubt","hubris:Greed","hermit:Horror","hubris:Greed","hubris:Greed","hermit:Malice","hubris:Greed"],"relics":["hermit:Momento","hubris:Icosahedron"],"acts_visited":["Exordium"],"potions_floor_usage":[],"damage_taken":[{"damage":4,"enemies":"Small Slimes","floor":1,"turns":5},{"damage":20,"enemies":"Cultist","floor":3,"turns":5},{"damage":14,"enemies":"Jaw Worm","floor":5,"turns":3},{"damage":45,"enemies":"3 Sentries","floor":6,"turns":5}],"seed_played":"-3141762020202745577","potions_obtained":[{"floor":1,"key":"SpeedPotion"},{"floor":3,"key":"Toxic Potion"}],"is_trial":false,"path_per_floor":["M","?","M","?","M","E"],"character_chosen":"HERMIT","items_purchased":[],"campfire_rested":0,"item_purchase_floors":[],"current_hp_per_floor":[71,71,55,55,41,0,0],"gold":368,"neow_bonus":"THREE_RARE_CARDS","is_daily":false,"chose_seed":false,"campfire_upgraded":0,"win_rate":0.0,"timestamp":1614455827,"path_taken":["M","?","M","?","M","E"],"items_purchased_type":[],"build_version":"2020-12-22","purchased_purges":0,"victory":false,"max_hp_per_floor":[75,75,75,75,75,75,75],"relic_stats":{"counters":[4,18],"obtain_stats":[{"hubris:Icosahedron":4,"hermit:Momento":0},{"hubris:Icosahedron":2,"hermit:Momento":0},{"hubris:Icosahedron":10,"hermit:Momento":0}]},"card_choices":[{"not_picked":["hermit:Gambit","hermit:EternalForm"],"picked":"hermit:Reprieve","floor":0},{"not_picked":["hermit:BigShot","hermit:Snipe"],"picked":"hermit:SprayPray","floor":1},{"not_picked":["hermit:Shortfuse","hermit:TrackingShot"],"picked":"hermit:Horror","floor":3},{"not_picked":["hermit:Quickdraw","hermit:WideOpen"],"picked":"hermit:Malice","floor":5}],"player_experience":395443,"relics_obtained":[],"event_choices":[{"damage_healed":0,"gold_gain":175,"player_choice":"AGREE","damage_taken":0,"max_hp_gain":0,"max_hp_loss":0,"event_name":"Liars Game","floor":2,"gold_loss":0,"cards_obtained":["Doubt"]}],"is_beta":false,"boss_relics":[],"items_purged_floors":[],"is_endless":false,"potions_floor_spawned":[1,3],"killed_by":"3 Sentries","ascension_level":5}}