{"host":"dv29tre2e7vje47n","time":1614428207,"event":{"mods":["AchievementEnabler","BaseMod","Beaked The Cultist","Better Altar","Better Match","Better Note","Better Skull","Better Third Choice","BetterRewards","Block Reminder","Bossed Relics","Colored Map","Colored Powertips","DeckTracker","Displayed Cursed Tome","Downfall","Friendly Minions","Googly Eyes","Highlight Path","Key Reminder","Minty Spire (QoL Compilation)","Quick Restart","Random Character Button","Rare Cards Sparkle","Relic Sorter","Relic Stats","Replay The Spire","Spire Arcade","Spire Birthday Party","StSLib","SuperFastMode","Unceasing Turn Reminder","Weighted Paths"],"gold_per_floor":[114,134,134,134,104,140,140,155,155,168,188,188,212,52,52,176,176,194,194,225,275,275,275,275],"floor_reached":23,"language":"ENG","playtime":696,"items_purged":["Regret"],"score":234,"play_id":"4209903e-30a4-442d-912f-14f51ccb3700","local_time":"20210227131647","is_ascension_mode":false,"campfire_choices":[{"data":"Zap","floor":7,"key":"SMITH"},{"data":"Hologram","floor":15,"key":"SMITH"}],"circlet_count":0,"master_deck":["Strike_B","Strike_B","Strike_B","Strike_B","Defend_B","Defend_B","Defend_B","Defend_B","Zap+1","Dualcast","Gash","ReplayTheSpireMod:System Scan","ReplaySort","Steam","Coolheaded+1","Genetic Algorithm","Compile Driver","Hologram+1","Beam Cell","Beam Cell","Electrodynamics","Chill","Gash"],"relics":["Cracked Core","NeowsBlessing","Golden Idol","Replay:Multitool","ReplayTheSpireMod:Lightbulb","WingedGreaves","beaked:MawFillet","Replay:Arrowhead","Bag of Preparation"],"acts_visited":["Exordium","TheCity"],"potions_floor_usage":[20],"damage_taken":[{"damage":0,"enemies":"2 Louse","floor":1,"turns":1},{"damage":0,"enemies":"Cultist","floor":2,"turns":1},{"damage":0,"enemies":"3 Sentries","floor":6,"turns":1},{"damage":1,"enemies":"Small Slimes","floor":8,"turns":3},{"damage":8,"enemies":"Blue Slaver","floor":10,"turns":4},{"damage":11,"enemies":"Exordium Wildlife","floor":11,"turns":5},{"damage":7,"enemies":"3 Louse","floor":13,"turns":3},{"damage":39,"enemies":"Slime Boss","floor":16,"turns":9},{"damage":0,"enemies":"3 Byrds","floor":18,"turns":3},{"damage":47,"enemies":"Book of Stabbing","floor":20,"turns":7},{"damage":0,"enemies":"Slavers","floor":23,"turns":1}],"seed_played":"5367380009483934564","potions_obtained":[{"floor":2,"key":"Adrenaline Potion"},{"floor":5,"key":"Block Potion"},{"floor":5,"key":"SteroidPotion"}],"is_trial":false,"path_per_floor":["M","M","?","?","?","E","R","M","T","M","M","R","M","$","R","B",null,"M","?","E","?","T","E"],"character_chosen":"DEFECT","items_purchased":["Hologram","Beam Cell"],"campfire_rested":0,"item_purchase_floors":[14,14],"current_hp_per_floor":[75,75,57,57,57,57,57,56,56,48,37,59,52,52,52,13,75,75,75,28,28,28,28,28],"gold":275,"neow_bonus":"THREE_ENEMY_KILL","is_daily":false,"chose_seed":false,"campfire_upgraded":2,"win_rate":0.0,"timestamp":1614428207,"path_taken":["M","M","?","?","?","E","R","M","T","M","M","R","?","?","R","BOSS","M","?","E","?","?","E"],"items_purchased_type":["Card","Card"],"build_version":"2020-12-22","purchased_purges":1,"victory":false,"max_hp_per_floor":[75,75,75,75,75,75,75,75,75,75,75,75,75,75,75,75,75,75,75,75,75,75,75,75],"relic_stats":{"counters":[11,38],"Golden Idol":57,"Bag of Preparation":[2],"obtain_stats":[{"NeowsBlessing":0,"Golden Idol":3,"beaked:MawFillet":17,"WingedGreaves":9,"Replay:Multitool":4,"Bag of Preparation":22,"Cracked Core":0,"ReplayTheSpireMod:Lightbulb":6,"Replay:Arrowhead":20},{"NeowsBlessing":0,"Golden Idol":2,"beaked:MawFillet":8,"WingedGreaves":4,"Replay:Multitool":2,"Bag of Preparation":10,"Cracked Core":0,"ReplayTheSpireMod:Lightbulb":3,"Replay:Arrowhead":10},{"NeowsBlessing":0,"Golden Idol":2,"beaked:MawFillet":27,"WingedGreaves":6,"Replay:Multitool":2,"Bag of Preparation":37,"Cracked Core":0,"ReplayTheSpireMod:Lightbulb":3,"Replay:Arrowhead":37}]},"card_choices":[{"not_picked":["Blizzard","Go for the Eyes"],"picked":"Gash","floor":1},{"not_picked":["FIFO Queue","Cold Snap"],"picked":"ReplayTheSpireMod:System Scan","floor":2},{"not_picked":["Steam","Thunder Strike"],"picked":"ReplaySort","floor":6},{"not_picked":["Loop","Barrage"],"picked":"Steam","floor":8},{"not_picked":["Steam","Redo"],"picked":"Coolheaded","floor":10},{"not_picked":["FTL","Hologram"],"picked":"Genetic Algorithm","floor":11},{"not_picked":["Panic Button","Fusion"],"picked":"Compile Driver","floor":13},{"not_picked":["ReplayTheSpireMod:Omega Cannon","Reboot"],"picked":"Electrodynamics","floor":16},{"not_picked":["Cold Snap","Leap"],"picked":"Chill","floor":18},{"not_picked":["Beam Cell","Leap","Static Discharge"],"picked":"SKIP","floor":20}],"player_experience":168028,"relics_obtained":[{"floor":6,"key":"ReplayTheSpireMod:Lightbulb"},{"floor":9,"key":"WingedGreaves"},{"floor":20,"key":"Replay:Arrowhead"},{"floor":22,"key":"Bag of Preparation"}],"event_choices":[{"damage_healed":0,"gold_gain":0,"player_choice":"Take Damage","damage_taken":18,"relics_obtained":["Golden Idol"],"max_hp_gain":0,"max_hp_loss":0,"event_name":"Golden Idol","floor":3,"gold_loss":0},{"damage_healed":0,"gold_gain":0,"player_choice":"Box","damage_taken":0,"relics_obtained":["Replay:Multitool"],"max_hp_gain":0,"max_hp_loss":0,"event_name":"Big Fish","floor":4,"gold_loss":0,"cards_obtained":["Regret"]},{"damage_healed":0,"gold_gain":0,"player_choice":"Bought 2 Potions","damage_taken":0,"max_hp_gain":0,"max_hp_loss":0,"event_name":"The Woman in Blue","floor":5,"gold_loss":0},{"damage_healed":0,"gold_gain":0,"player_choice":"Copied","damage_taken":0,"max_hp_gain":0,"max_hp_loss":0,"event_name":"Duplicator","floor":19,"gold_loss":0,"cards_obtained":["Gash"]},{"damage_healed":0,"gold_gain":100,"player_choice":"Bet on Murderer","damage_taken":0,"max_hp_gain":0,"max_hp_loss":0,"event_name":"The Joust","floor":21,"gold_loss":50}],"is_beta":false,"boss_relics":[{"not_picked":["Ring of Chaos","Sozu"],"picked":"beaked:MawFillet"}],"items_purged_floors":[14],"is_endless":false,"potions_floor_spawned":[2,10,13,16,18],"killed_by":"Slavers","ascension_level":0}}