{"host":"z37g2hkgkh2zjyzk","time":1614442387,"event":{"mods":["2.2 Compatiblity","AchievementEnabler","BaseMod","Bestiary","Colored Map","Colored Powertips","Curses Come First","Highlight Path","Keyboard Shortcuts","Minty Spire (QoL Compilation)","Relic Stats","StSLib","SuperFastMode"],"gold_per_floor":[118,118,6,33,46,71,71,104,104,128,7,37,49,73,85,193,205,205,205,30,30,30,30,30,30,30,30,30,30,30,30,30,30,30],"floor_reached":33,"language":"ENG","playtime":2463,"items_purged":["Strike_G"],"score":516,"play_id":"8ab3933a-6aa7-47ce-953c-3fa1bf101fa6","local_time":"20210227171307","is_ascension_mode":true,"campfire_choices":[{"data":"Infinite Blades","floor":7,"key":"SMITH"},{"data":"Neutralize","floor":15,"key":"SMITH"},{"floor":23,"key":"REST"},{"floor":29,"key":"REST"},{"floor":32,"key":"REST"}],"circlet_count":0,"master_deck":["AscendersBane","Strike_G","Strike_G","Strike_G","Defend_G","Defend_G","Defend_G","Defend_G","Defend_G","Survivor","Neutralize+1","All Out Attack","Infinite Blades+1","Riddle With Holes","Accuracy","PiercingWail+1","Predator","Terror+1","Deflect+1","Unload","Deflect+1","Cloak And Dagger+1","Blade Dance+1","Backflip+1","Predator","Dodge and Roll+1","Backstab","RitualDagger","Dodge and Roll+1"],"relics":["Ring of the Snake","NeowsBlessing","Regal Pillow","Dream Catcher","Toxic Egg 2","Singing Bowl","Lantern","MawBank","Ectoplasm","Oddly Smooth Stone","TungstenRod","Juzu Bracelet","Smiling Mask"],"acts_visited":["Exordium","TheCity"],"potions_floor_usage":[8,12,16,16,27,33],"damage_taken":[{"damage":0,"enemies":"2 Louse","floor":1,"turns":1},{"damage":0,"enemies":"Cultist","floor":5,"turns":1},{"damage":0,"enemies":"Lagavulin","floor":6,"turns":1},{"damage":18,"enemies":"Gremlin Nob","floor":8,"turns":4},{"damage":16,"enemies":"Lagavulin","floor":12,"turns":7},{"damage":0,"enemies":"Jaw Worm","floor":14,"turns":2},{"damage":20,"enemies":"Hexaghost","floor":16,"turns":9},{"damage":3,"enemies":"3 Byrds","floor":18,"turns":5},{"damage":0,"enemies":"Shell Parasite","floor":21,"turns":4},{"damage":22,"enemies":"Centurion and Healer","floor":22,"turns":4},{"damage":68,"enemies":"Gremlin Leader","floor":24,"turns":6},{"damage":24,"enemies":"Slavers","floor":27,"turns":4},{"damage":0,"enemies":"Cultist and Chosen","floor":28,"turns":4},{"damage":7,"enemies":"Gremlin Leader","floor":31,"turns":4},{"damage":69,"enemies":"Collector","floor":33,"turns":9}],"seed_played":"7078423718649512843","potions_obtained":[{"floor":2,"key":"DistilledChaos"},{"floor":2,"key":"CultistPotion"},{"floor":2,"key":"SmokeBomb"},{"floor":8,"key":"Weak Potion"},{"floor":12,"key":"DistilledChaos"},{"floor":21,"key":"Ancient Potion"},{"floor":28,"key":"Swift Potion"},{"floor":31,"key":"Strength Potion"}],"is_trial":false,"path_per_floor":["M","?","$","T","M","E","R","E","T","T","$","E","?","M","R","B",null,"M","?","$","M","M","R","E","?","T","E","M","R","?","E","R","B"],"character_chosen":"THE_SILENT","items_purchased":["Infinite Blades","Predator","Block Potion","Cloak And Dagger+1","Oddly Smooth Stone"],"campfire_rested":3,"item_purchase_floors":[3,11,11,20,20],"current_hp_per_floor":[63,63,63,63,63,63,63,45,45,45,45,29,52,52,52,32,61,58,58,58,58,36,70,4,28,28,4,4,42,37,30,69,0,0],"gold":30,"neow_bonus":"THREE_ENEMY_KILL","is_daily":false,"chose_seed":false,"campfire_upgraded":2,"win_rate":0.0,"timestamp":1614442387,"path_taken":["M","?","$","?","M","E","R","E","T","?","$","E","?","M","R","BOSS","M","?","$","M","?","R","E","?","T","E","M","R","?","E","R","BOSS"],"items_purchased_type":["Card","Card","Potion","Card","Relic"],"build_version":"2020-12-22","purchased_purges":1,"victory":false,"max_hp_per_floor":[70,70,70,70,70,70,70,70,70,70,70,70,70,70,70,70,70,70,70,70,70,70,70,72,72,72,72,72,74,74,74,76,76,76],"relic_stats":{"Regal Pillow":43,"Dream Catcher":3,"Singing Bowl":6,"counters":[15,65],"Ectoplasm":192,"Juzu Bracelet":0,"MawBank":60,"Smiling Mask":0,"obtain_stats":[{"Regal Pillow":4,"Lantern":10,"NeowsBlessing":0,"Singing Bowl":9,"Oddly Smooth Stone":20,"Juzu Bracelet":27,"MawBank":12,"Smiling Mask":31,"Dream Catcher":6,"Ectoplasm":17,"Toxic Egg 2":8,"TungstenRod":24,"Ring of the Snake":0},{"Regal Pillow":1,"Lantern":4,"NeowsBlessing":0,"Singing Bowl":4,"Oddly Smooth Stone":8,"Juzu Bracelet":12,"MawBank":5,"Smiling Mask":14,"Dream Catcher":3,"Ectoplasm":7,"Toxic Egg 2":4,"TungstenRod":11,"Ring of the Snake":0},{"Regal Pillow":1,"Lantern":7,"NeowsBlessing":0,"Singing Bowl":7,"Oddly Smooth Stone":30,"Juzu Bracelet":48,"MawBank":14,"Smiling Mask":56,"Dream Catcher":3,"Ectoplasm":25,"Toxic Egg 2":7,"TungstenRod":44,"Ring of the Snake":0}],"TungstenRod":10,"Ring of the Snake":[30]},"card_choices":[{"not_picked":["Deflect","Poisoned Stab"],"picked":"All Out Attack","floor":1},{"not_picked":["Prepared","Sucker Punch"],"picked":"Riddle With Holes","floor":5},{"not_picked":["Doppelganger","Dagger Throw"],"picked":"Accuracy","floor":6},{"not_picked":["Bane","Concentrate+1"],"picked":"PiercingWail+1","floor":8},{"not_picked":["Crippling Poison+1","Noxious Fumes"],"picked":"Terror+1","floor":12},{"not_picked":["Acrobatics+1","Catalyst+1"],"picked":"Deflect+1","floor":14},{"not_picked":["Tools of the Trade","Doppelganger+1"],"picked":"Unload","floor":16},{"not_picked":["Quick Slash","Slice"],"picked":"Deflect+1","floor":18},{"not_picked":["Eviscerate","Sucker Punch"],"picked":"Blade Dance+1","floor":21},{"not_picked":["Blade Dance+1","Quick Slash+1"],"picked":"Backflip+1","floor":22},{"not_picked":["Dagger Throw","Acrobatics+1"],"picked":"Predator","floor":23},{"not_picked":["Tactician+1","Riddle With Holes","Setup+1"],"picked":"Singing Bowl","floor":24},{"not_picked":["Reflex+1","Heel Hook"],"picked":"Dodge and Roll+1","floor":27},{"not_picked":["Cloak And Dagger+1","Quick Slash"],"picked":"Backstab","floor":28},{"not_picked":["Underhanded Strike","PiercingWail+1","Deadly Poison+1"],"picked":"Singing Bowl","floor":29},{"not_picked":["Catalyst+1","Sucker Punch"],"picked":"Dodge and Roll+1","floor":31},{"not_picked":["Distraction+1","Masterful Stab+1","Tools of the Trade"],"picked":"Singing Bowl","floor":32}],"player_experience":317620,"relics_obtained":[{"floor":4,"key":"Regal Pillow"},{"floor":6,"key":"Dream Catcher"},{"floor":8,"key":"Toxic Egg 2"},{"floor":9,"key":"Singing Bowl"},{"floor":10,"key":"Lantern"},{"floor":12,"key":"MawBank"},{"floor":24,"key":"TungstenRod"},{"floor":27,"key":"Juzu Bracelet"},{"floor":31,"key":"Smiling Mask"}],"event_choices":[{"damage_healed":0,"gold_gain":0,"player_choice":"Got Potions","damage_taken":0,"max_hp_gain":0,"max_hp_loss":0,"event_name":"Lab","floor":2,"gold_loss":0},{"damage_healed":23,"gold_gain":0,"player_choice":"Banana","damage_taken":0,"max_hp_gain":0,"max_hp_loss":0,"event_name":"Big Fish","floor":13,"gold_loss":0},{"cards_removed":["Strike_G"],"damage_healed":0,"gold_gain":0,"player_choice":"Purged","damage_taken":0,"max_hp_gain":0,"max_hp_loss":0,"event_name":"Purifier","floor":19,"gold_loss":0},{"damage_healed":24,"gold_gain":0,"player_choice":"Heal","damage_taken":0,"max_hp_gain":0,"max_hp_loss":0,"event_name":"The Library","floor":25,"gold_loss":0},{"damage_healed":0,"gold_gain":0,"player_choice":"Joined the Cult","damage_taken":6,"max_hp_gain":0,"max_hp_loss":0,"event_name":"Nest","floor":30,"gold_loss":0,"cards_obtained":["RitualDagger"]}],"is_beta":false,"boss_relics":[{"not_picked":["Philosopher\u0027s Stone","Runic Dome"],"picked":"Ectoplasm"}],"items_purged_floors":[3],"is_endless":false,"potions_floor_spawned":[8,12,14,21,28,31],"killed_by":"Collector","ascension_level":10}}