{"host":"h3awr6eovmieyhyn","time":1614437275,"event":{"mods":["Act Like it!","Arknights","Aspiration","Astrologer","BaseMod","BetterRewards","Downfall","Gensokyo","GungeonMod","Hubris","Infinite Spire","Lobotomy","LobotomyExtend","Marisa????????","Minty Spire (QoL Compilation)","Reliquary","Replay The Spire","Robot Space Explorer","Shade Mod","StSLib","Td1madao Mod","The Animator","The Bug Knight","The Cursed","The Disciple","The Elementalist","The Forsaken","The Gatherer","The Hierophant","The Jungle","The Marked","The Necromancer","The Servant 0.9.4","The Wild Card","TheBandit","[IsaacMod]????"],"gold_per_floor":[113,78,78,98,98,98,132,41,65,65,91,91,108,140,140,237,237,253,56,75,86,86,86,86,86],"floor_reached":24,"language":"ENG","playtime":1787,"items_purged":[],"score":262,"play_id":"fc1b2d0b-8029-419f-9cad-4879fe1655c4","local_time":"20210227144755","daily_mods":["Heirloom","Flight","DeadlyEvents"],"is_ascension_mode":false,"campfire_choices":[{"data":"astrologer:NorthStar","floor":6,"key":"SMITH"},{"data":"astrologer:Trine","floor":10,"key":"SMITH"},{"data":"astrologer:TheStar","floor":12,"key":"SMITH"},{"data":"astrologer:CosmicExpanse","floor":15,"key":"SMITH"},{"data":"astrologer:TheHierophant","floor":23,"key":"SMITH"}],"circlet_count":0,"master_deck":["astrologer:Strike","astrologer:Strike","astrologer:Strike","astrologer:Strike","astrologer:Defend","astrologer:Defend","astrologer:Defend","astrologer:Defend","astrologer:NorthStar+1","astrologer:TheFool","astrologer:FrozenStar","astrologer:TheTower","astrologer:Stardust","astrologer:Trine+1","astrologer:Radiance","astrologer:FrozenStar","astrologer:FrozenStar","astrologer:TheStar+1","astrologer:FrozenStar","astrologer:MeteorShower","astrologer:CosmicExpanse+1","astrologer:TheWorld","astrologer:ReadTheStars","astrologer:Cataclysm+1","astrologer:Radiance+1","astrologer:TheHierophant+1","astrologer:Temperance","astrologer:Moonlight+1"],"relics":["astrologer:SkyMirror","replay:Trail_Library","HushsDoor","DeathBook","champ:DuelingGlove","LetterFromLob","hubris:Towel","Anchor","reliquary:SilkGlove","Bag of Preparation","Molten Egg 2","reliquary:ThirdArm","elementalistmod:RedRibbon"],"acts_visited":["Exordium","Exordium"],"potions_floor_usage":[21],"damage_taken":[{"damage":0,"enemies":"Cultist","floor":1,"turns":3},{"damage":7,"enemies":"2 Louse","floor":4,"turns":3},{"damage":32,"enemies":"Lagavulin","floor":7,"turns":7},{"damage":0,"enemies":"HollowMod:MossKnight","floor":11,"turns":1},{"damage":0,"enemies":"Jaw Worm","floor":13,"turns":2},{"damage":3,"enemies":"3 Sentries","floor":14,"turns":8},{"damage":6,"enemies":"Fading Forest","floor":16,"turns":11},{"damage":13,"enemies":"theJungle:5_Spyders","floor":18,"turns":10},{"damage":16,"enemies":"Shell Parasite","floor":20,"turns":5},{"damage":15,"enemies":"theJungle:JungleHuntersEncounter","floor":21,"turns":5},{"damage":39,"enemies":"theJungle:MamaSnecko","floor":24,"turns":4}],"seed_played":"-7868325742703418142","potions_obtained":[{"floor":4,"key":"Swift Potion"},{"floor":13,"key":"Block Potion"},{"floor":14,"key":"SpeedPotion"}],"is_trial":true,"path_per_floor":["M","$","?","M","?","R","E","$","T","R","E","R","M","E","R","B",null,"M","$","M","M","?","R","E"],"character_chosen":"ASTROLOGER","items_purchased":["astrologer:TheTower","astrologer:Radiance","astrologer:FrozenStar","astrologer:Cataclysm+1","astrologer:Radiance+1","astrologer:TheHierophant"],"campfire_rested":0,"item_purchase_floors":[2,8,8,19,19,19],"current_hp_per_floor":[70,70,70,63,68,68,36,36,36,36,36,36,36,33,33,37,75,62,62,46,31,31,31,0,0],"gold":86,"neow_bonus":"","is_daily":false,"chose_seed":false,"campfire_upgraded":5,"win_rate":0.0,"timestamp":1614437275,"path_taken":["M","?","?","M","?","R","E","$","T","R","E","R","M","?","R","BOSS","M","$","?","?","?","R","E"],"items_purchased_type":["Card","Card","Card","Card","Card","Card"],"build_version":"2020-12-22","purchased_purges":0,"victory":false,"max_hp_per_floor":[70,70,70,70,75,75,75,75,75,75,75,75,75,75,75,75,75,75,75,75,75,75,75,75,75],"card_choices":[{"not_picked":[],"picked":"Bomb","floor":0},{"not_picked":["astrologer:ReadTheStars","astrologer:Eclipse"],"picked":"astrologer:FrozenStar","floor":1},{"not_picked":["astrologer:ReadTheStars","Bomb"],"picked":"astrologer:Stardust","floor":4},{"not_picked":["astrologer:SpaceDust","astrologer:FadingStar"],"picked":"astrologer:Trine","floor":7},{"not_picked":["Bomb","astrologer:StarOfChange"],"picked":"astrologer:FrozenStar","floor":11},{"not_picked":["astrologer:ReadTheStars","astrologer:TheMoon"],"picked":"astrologer:MeteorShower","floor":13},{"not_picked":["astrologer:Conjunction","astrologer:SpaceDust"],"picked":"astrologer:CosmicExpanse","floor":14},{"not_picked":["astrologer:Nova","astrologer:BlackHole+1"],"picked":"astrologer:TheWorld","floor":16},{"not_picked":["astrologer:Shine","astrologer:CrystalBall"],"picked":"astrologer:ReadTheStars","floor":18},{"not_picked":["astrologer:Stardust","astrologer:GlassStar+1"],"picked":"astrologer:Temperance","floor":20},{"not_picked":["astrologer:Still","astrologer:MeteorShower+1"],"picked":"astrologer:Moonlight+1","floor":21}],"player_experience":189402,"relics_obtained":[{"floor":1,"key":"LetterFromLob"},{"floor":7,"key":"Anchor"},{"floor":9,"key":"reliquary:SilkGlove"},{"floor":11,"key":"Bag of Preparation"},{"floor":14,"key":"Molten Egg 2"}],"event_choices":[{"damage_healed":0,"gold_gain":0,"player_choice":"Donut","damage_taken":0,"max_hp_gain":5,"max_hp_loss":0,"event_name":"Big Fish","floor":5,"gold_loss":0}],"is_beta":false,"boss_relics":[{"not_picked":["SlaversCollar","Busted Crown"],"picked":"reliquary:ThirdArm"},{"not_picked":[]}],"items_purged_floors":[],"is_endless":false,"potions_floor_spawned":[4,13,14],"killed_by":"theJungle:MamaSnecko","ascension_level":0}}