{"host":"w97dq1whmpm6b2tc","time":1614457987,"event":{"mods":["BaseMod","Challenge The Spire","Downfall","Minty Spire (QoL Compilation)","StSLib"],"gold_per_floor":[0,18,18,30,15,45,92,92,106,116,151,151,51,51,67,170,170,170,186,202,217,417,427,427,327,327,354,439,471,371,400,418,523,523,523,538,555,555,164,164,216,246,259,274,304,534,534,551,570,570,570,605,260,260,260,260],"floor_reached":57,"language":"ENG","playtime":3784,"items_purged":["Slimebound:Tackle","Slimebound:Strike_Slimebound"],"score":1746,"play_id":"a62a59f8-5d9f-4d56-bcb8-bf8bf6150c6e","local_time":"20210227223307","is_ascension_mode":true,"campfire_choices":[{"data":"Slimebound:Split","floor":1.0,"key":"SMITH"},{"data":"Slimebound:MassRepurpose","floor":8.0,"key":"SMITH"},{"data":"Slimebound:SelfFormingGoo","floor":13,"key":"SMITH"},{"data":"Slimebound:MassRepurpose","floor":18,"key":"SMITH"},{"floor":25,"key":"RECALL"},{"data":"Slimebound:Prepare","floor":30,"key":"SMITH"},{"data":"Slimebound:SlimeTap","floor":35,"key":"SMITH"},{"data":"Slimebound:LeechEnergy","floor":54,"key":"SMITH"}],"circlet_count":0,"master_deck":["Slimebound:Strike_Slimebound","Slimebound:Defend_Slimebound","Slimebound:Defend_Slimebound","Slimebound:Defend_Slimebound","Slimebound:Defend_Slimebound","Slimebound:Split+1","Slimebound:CorrosiveSpit","Slimebound:MassRepurpose+1","Slimebound:PressTheAttack","Slimebound:SplitMire","Slimebound:SelfFormingGoo+1","Slimebound:SplitBruiser","Slimebound:SplitBruiser","Slimebound:SlimeTap+1","Slimebound:SplitBruiser","Slimebound:MassRepurpose+1","Slimebound:SplitAcid","Slimebound:FormOfPuddle+1","Slimebound:Prepare+1","Slimebound:LevelUp+1","Slimebound:SelfFormingGoo+1","Slimebound:SplitMire","Slimebound:LevelUp+1","Slimebound:MinionMaster+1","Slimebound:SlimeBrawl","Slimebound:SplitAcid+1","Slimebound:FormOfPuddle+1","Slimebound:LeechEnergy+1"],"relics":["Slimebound:AbsorbEndCombat","Blue Candle","Slimebound:MaxSlimesRelic","FossilizedHelix","downfall:HeartBlessingBlue","downfall:BrokenWingStatue","Sozu","bronze:DecasWashers","downfall:HeartBlessingGreen","Mummified Hand","Frozen Egg 2","Nunchaku","downfall:HeartBlessingRed","Bird Faced Urn","Busted Crown","Bag of Preparation","Regal Pillow","Slimebound:SlimedSkullRelic","Prayer Wheel","Strawberry","champ:DuelingGlove"],"acts_visited":["Exordium","TheCity","TheBeyond","TheEnding"],"potions_floor_usage":[],"damage_taken":[{"damage":8.0,"enemies":"2 Louse","floor":2.0,"turns":3.0},{"damage":12.0,"enemies":"Small Slimes","floor":4.0,"turns":3.0},{"damage":3.0,"enemies":"downfall:FleeingMerchant","floor":5.0,"turns":4.0},{"damage":23.0,"enemies":"Gremlin Nob","floor":6.0,"turns":3.0},{"damage":0.0,"enemies":"Cultist","floor":9.0,"turns":2.0},{"damage":12.0,"enemies":"Exordium Thugs","floor":10.0,"turns":5.0},{"damage":21.0,"enemies":"3 Sentries","floor":11.0,"turns":4.0},{"damage":0,"enemies":"Large Slime","floor":15,"turns":3},{"damage":0,"enemies":"WA_ARCHETYPE_RETAIN","floor":16,"turns":4},{"damage":6,"enemies":"3 Byrds","floor":19,"turns":2},{"damage":7,"enemies":"Shell Parasite","floor":20,"turns":3},{"damage":19,"enemies":"Shelled Parasite and Fungi","floor":21,"turns":4},{"damage":0,"enemies":"Snake Plant","floor":23,"turns":2},{"damage":16,"enemies":"Slavers","floor":27,"turns":3},{"damage":0,"enemies":"Book of Stabbing","floor":29,"turns":4},{"damage":0,"enemies":"Gremlin Leader","floor":31,"turns":4},{"damage":0,"enemies":"Centurion and Healer","floor":32,"turns":4},{"damage":0,"enemies":"SI_MIRROR_ARCHETYPE","floor":33,"turns":6},{"damage":0,"enemies":"3 Darklings","floor":36,"turns":3},{"damage":14,"enemies":"Orb Walker","floor":37,"turns":3},{"damage":0,"enemies":"downfall:FleeingMerchant","floor":39,"turns":4},{"damage":7,"enemies":"Nemesis","floor":42,"turns":5},{"damage":18,"enemies":"Spire Growth","floor":43,"turns":3},{"damage":6,"enemies":"3 Darklings","floor":44,"turns":3},{"damage":0,"enemies":"Giant Head","floor":45,"turns":5},{"damage":0,"enemies":"downfall:FleeingMerchant","floor":46,"turns":1},{"damage":0,"enemies":"Sphere and 2 Shapes","floor":48,"turns":3},{"damage":0,"enemies":"Spire Growth","floor":49,"turns":2},{"damage":0,"enemies":"IC_BLOCK_ARCHETYPE","floor":50,"turns":8},{"damage":0,"enemies":"downfall:CharBossMerchant","floor":52,"turns":5},{"damage":3,"enemies":"downfall:NeowBoss","floor":55,"turns":14},{"damage":10,"enemies":"downfall:NeowBossFinal","floor":56,"turns":6}],"seed_played":"9014398051139316529","potions_obtained":[{"floor":2.0,"key":"ColorlessPotion"},{"floor":6.0,"key":"Fruit Juice"},{"floor":10.0,"key":"ColorlessPotion"},{"floor":15,"key":"SteroidPotion"}],"is_trial":false,"path_per_floor":["R","M","?","M","$","E","T","R","M","M","E","?","R","?","M","B",null,"R","M","M","M","?","M","T","R","T","E","?","E","R","E","M","B",null,"R","M","M","?","$","?","T","E","M","M","E","$","?","M","M","B",null,"E","$","R","B","B",null],"character_chosen":"SLIMEBOUND","items_purchased":["Bag of Preparation","Slimebound:MinionMaster+1","Slimebound:LeechEnergy","champ:DuelingGlove"],"campfire_rested":0,"item_purchase_floors":[39,39,53,53],"current_hp_per_floor":[65,59,54,46,49,35,35,35,35,27,12,12,22,22,22,26,80,80,74,71,56,56,60,60,60,60,48,36,38,38,46,48,56,80,80,80,66,66,76,76,76,80,62,68,80,80,80,80,80,80,80,87,87,87,87,84],"gold":260,"neow_bonus":"THREE_RARE_CARDS","is_daily":false,"chose_seed":false,"campfire_upgraded":7,"win_rate":0.0,"timestamp":1614457987,"path_taken":["R","M","?","M","$","E","T","R","M","M","E","?","R","?","M","BOSS","R","M","M","M","?","?","T","R","?","E","?","E","R","E","M","BOSS","R","M","M","?","$","?","T","E","M","M","E","$","?","M","M","BOSS","E","$","R","BOSS","BOSS"],"items_purchased_type":["Relic","Card","Card","Relic"],"build_version":"2020-12-22","purchased_purges":2,"victory":true,"max_hp_per_floor":[65,65,65,65,65,70,70,70,70,70,70,70,80,80,80,80,80,80,80,80,80,80,80,80,80,80,80,80,80,80,80,80,80,80,80,80,80,80,80,80,80,80,80,80,80,80,80,80,80,80,80,87,87,87,87,87],"card_choices":[{"not_picked":["Slimebound:Teamwork","Slimebound:LeechLife"],"picked":"Slimebound:MassRepurpose","floor":0.0},{"not_picked":["Slimebound:LeechingTouch","Slimebound:DisruptingSlam"],"picked":"Slimebound:PressTheAttack","floor":2.0},{"not_picked":["Slimebound:SamplingLick","Slimebound:RollThrough","Slimebound:SlimeSpikes"],"picked":"SKIP","floor":4.0},{"not_picked":["Slimebound:FinishingTackle","Slimebound:LeechingTouch"],"picked":"Slimebound:SplitMire","floor":5.0},{"not_picked":["Slimebound:Chomp","Slimebound:DivideAndConquer"],"picked":"Slimebound:SelfFormingGoo","floor":6.0},{"not_picked":["Slimebound:RollThrough","Slimebound:HauntingLick"],"picked":"Slimebound:SplitBruiser","floor":9.0},{"not_picked":["Slimebound:SamplingLick","Slimebound:MegaLick"],"picked":"Slimebound:SplitBruiser","floor":10.0},{"not_picked":["Slimebound:FormOfPuddle","Slimebound:SpikyOuterGoop"],"picked":"Slimebound:SlimeTap","floor":11.0},{"not_picked":["Slimebound:RollThrough","Slimebound:HauntingLick"],"picked":"Slimebound:SplitBruiser","floor":15},{"not_picked":["Slimebound:DouseInSlime","Slimebound:MinionMaster"],"picked":"Slimebound:MassRepurpose","floor":16},{"not_picked":["Slimebound:SamplingLick","Slimebound:ComboTackle"],"picked":"Slimebound:SplitAcid","floor":19},{"not_picked":["Slimebound:DisruptingSlam","Slimebound:LeechingTouch","Slimebound:SpikyOuterGoop+1"],"picked":"SKIP","floor":20},{"not_picked":["Slimebound:Schlurp","Slimebound:GoopTackle"],"picked":"Slimebound:FormOfPuddle+1","floor":21},{"not_picked":["Slimebound:SplitMire","Slimebound:TagTeam","Slimebound:SlimeSpikes"],"picked":"SKIP","floor":23},{"not_picked":["Slimebound:LivingWall","Slimebound:GrowthPunch","Slimebound:DivideAndConquer+1"],"picked":"SKIP","floor":27},{"not_picked":["Slimebound:PressTheAttack","Slimebound:RejuvenatingLick"],"picked":"Slimebound:Prepare","floor":29},{"not_picked":["Slimebound:AcidTongue+1","Slimebound:Recollect","Slimebound:Prepare+1"],"picked":"SKIP","floor":31},{"not_picked":["Slimebound:PressTheAttack","Slimebound:LivingWall"],"picked":"Slimebound:LevelUp+1","floor":32},{"not_picked":["Slimebound:OneTwoCombo","Slimebound:MinionMaster+1"],"picked":"Slimebound:SelfFormingGoo+1","floor":33},{"not_picked":["Slimebound:FinishingTackle+1"],"picked":"SKIP","floor":36},{"not_picked":[],"picked":"Slimebound:SplitMire","floor":37},{"not_picked":[],"picked":"Slimebound:LevelUp+1","floor":39},{"not_picked":["Slimebound:BestDefense+1"],"picked":"SKIP","floor":42},{"not_picked":["Slimebound:Replication"],"picked":"SKIP","floor":43},{"not_picked":["Slimebound:Schlurp"],"picked":"SKIP","floor":44},{"not_picked":["Slimebound:PressTheAttack+1"],"picked":"SKIP","floor":45},{"not_picked":[],"picked":"Slimebound:SlimeBrawl","floor":46},{"not_picked":[],"picked":"Slimebound:SplitAcid+1","floor":48},{"not_picked":["Slimebound:Prepare"],"picked":"SKIP","floor":48},{"not_picked":["Slimebound:MegaLick"],"picked":"SKIP","floor":49},{"not_picked":["Slimebound:MegaLick"],"picked":"SKIP","floor":49},{"not_picked":[],"picked":"Slimebound:FormOfPuddle+1","floor":52}],"player_experience":3898377,"relics_obtained":[{"floor":6.0,"key":"Slimebound:MaxSlimesRelic"},{"floor":11.0,"key":"FossilizedHelix"},{"floor":24,"key":"bronze:DecasWashers"},{"floor":26,"key":"Mummified Hand"},{"floor":27,"key":"Frozen Egg 2"},{"floor":29,"key":"Nunchaku"},{"floor":31,"key":"Bird Faced Urn"},{"floor":41,"key":"Regal Pillow"},{"floor":42,"key":"Slimebound:SlimedSkullRelic"},{"floor":45,"key":"Prayer Wheel"},{"floor":52,"key":"Strawberry"}],"event_choices":[{"damage_healed":0,"gold_gain":0,"player_choice":"Fled","damage_taken":0,"max_hp_gain":0,"max_hp_loss":0,"event_name":"Scrap Ooze","floor":12,"gold_loss":0},{"cards_removed":["Slimebound:Strike_Slimebound"],"damage_healed":0,"gold_gain":0,"player_choice":"Removed Attack","damage_taken":0,"max_hp_gain":0,"max_hp_loss":0,"event_name":"Falling","floor":40,"gold_loss":0}],"is_beta":false,"boss_relics":[{"not_picked":["sneckomod:SneckoTalon","Velvet Choker"],"picked":"Sozu"},{"not_picked":["SlaversCollar","Slimebound:AbsorbEndCombatUpgraded"],"picked":"Busted Crown"}],"items_purged_floors":[39,46],"is_endless":false,"potions_floor_spawned":[2,6,10,15,19,20,27,31,32,33,37,42,44,45,49,52],"ascension_level":3}}