{"host":"eqoc4xtxwtie1mw2","time":1614404640,"event":{"mods":["2.2 Compatiblity","AchievementEnabler","Act Like it!","BaseMod","Bestiary","Better Altar","Better Match","Better Note","Better Sensory Stone","Better Skull","Better Third Choice","Better Vampires","BetterRewards","Block Reminder","Colored Map","Colored Powertips","Curses Come First","Downfall","Hallownest","Hermit","Hubris","Infinite Spire","Marked Mod","Minty Spire (QoL Compilation)","Permanent Neow","Rare Cards Sparkle","Relic Stats","Reliquary","Replay The Spire","Spicy Shops","StSLib","The Bug Knight"],"gold_per_floor":[115,115,133,133,146,146,178,190,240,165,165,165,184,28,28,142,142,159,61,61,170,455,455,23,52,52,52,91,111,111,111,111,236,236,257,257,257,257,282,282,282,49,100,100,123,165,165,165,165,43,43,4],"floor_reached":53,"language":"ENG","playtime":5105,"items_purged":["Shame"],"score":669,"play_id":"3fe77e19-a851-4b96-9d2b-87ab2bb684f2","local_time":"20210226234400","is_ascension_mode":false,"campfire_choices":[{"data":"HollowMod:MothsMistake","floor":6.0,"key":"SMITH"},{"floor":11.0,"key":"REST"},{"data":"HollowMod:MothsMistake","floor":15.0,"key":"SMITH"},{"data":"Sadistic Nature","floor":23.0,"key":"SMITH"},{"floor":27.0,"key":"REST"},{"floor":30.0,"key":"REST"},{"data":"downfall:Haunted","floor":32.0,"key":"PURGE"},{"floor":40,"key":"REST"},{"floor":44,"key":"REST"},{"floor":47,"key":"REST"}],"circlet_count":0,"master_deck":["HollowMod:NailStrikeStart","HollowMod:NailStrikeStart","HollowMod:NailStrikeStart","HollowMod:NailStrikeStart","HollowMod:QuickDashStart","HollowMod:QuickDashStart","HollowMod:QuickDashStart","HollowMod:FocusHealStart","HollowMod:PogoStrike","HollowMod:MothsMistake+1","HollowMod:PureNailStrike","HollowMod:LifebloodCocoon","HollowMod:ChannelNail+1","Hallownest:skillGreenpathMap","HollowMod:TaintedHusks","HollowMod:MothsMistake+1","Sadistic Nature+1","Specialist","Jack Of All Trades","HollowMod:AwokenDreamNail","HollowMod:SoulStrike","HollowMod:ChannelNail","Mind Blast","HollowMod:MantisMark","HollowMod:HowlingWraiths","HollowMod:DoubleDash+1","downfall:Haunted","HollowMod:SlysStrikes","HollowMod:BaldurShell+1","HollowMod:HornetsHelp","HollowMod:BaldurShell","HollowMod:QuirrelsAssistance","HollowMod:QuirrelsAssistance","HollowMod:CloakDash","HollowMod:HeavyBlow","Bandage Up","Replay:Sssssssssstrike"],"relics":["HollowMod:KingsSoulRelic","PreservedInsect","Hallownest:DreamNailRelic","Vajra","infinitespire:Midas Blood","reliquary:Aerogel","infinitespire:Lucky Rock","ReplayTheSpireMod:ShopPack","reliquary:JackalopeAntler","Mirror","hubris:AstralHammer","Darkstone Periapt","Runic Pyramid","hubris:Towel","hubris:Icosahedron","Replay:Rubber Ducky","Bottled Tornado"],"acts_visited":["Hallownest:Greenpath","Hallownest:CityofTears","Hallownest:KingdomsEdge"],"potions_floor_usage":[46],"damage_taken":[{"damage":0.0,"enemies":"Hallownest:monsterHuskWarrior","floor":1.0,"turns":4.0},{"damage":3.0,"enemies":"Hallownest:2_Tiktiks_and_1_Crawlid","floor":3.0,"turns":4.0},{"damage":2.0,"enemies":"Hallownest:2_MossCreeps","floor":5.0,"turns":4.0},{"damage":17.0,"enemies":"Hallownest:eliteMossKnight","floor":7.0,"turns":6.0},{"damage":0.0,"enemies":"Hallownest:Guard_and_Warrior","floor":8.0,"turns":4.0},{"damage":11.0,"enemies":"Hallownest:2_Tiktiks_1_Baldur_1_Crawlid","floor":13.0,"turns":4.0},{"damage":59.0,"enemies":"Hallownest:BossFalseKnight","floor":16.0,"turns":7.0},{"damage":3.0,"enemies":"Hallownest:2_Mistakes","floor":18.0,"turns":4.0},{"damage":25.0,"enemies":"Hallownest:3_Youths","floor":25.0,"turns":5.0},{"damage":10.0,"enemies":"Hallownest:eliteSoulWarrior","floor":28.0,"turns":5.0},{"damage":12.0,"enemies":"Hallownest:monsterMisterMushroom","floor":29.0,"turns":4.0},{"damage":82,"enemies":"Hallownest:BossMantisLord","floor":33,"turns":7},{"damage":58,"enemies":"Hallownest:3_Siblings","floor":35,"turns":6},{"damage":50,"enemies":"Hallownest:Shield_Heavy","floor":39,"turns":6},{"damage":28,"enemies":"Hallownest:Slobbering_and_Violent","floor":45,"turns":7},{"damage":84,"enemies":"Hallownest:monsterPrimalAspid","floor":46,"turns":6},{"damage":38,"enemies":"Hallownest:Radiance","floor":52,"turns":10}],"seed_played":"218172780380301869","potions_obtained":[{"floor":5.0,"key":"LifebloodPotion"},{"floor":13.0,"key":"SkillPotion"},{"floor":33,"key":"Elixir"},{"floor":39,"key":"Elixir"}],"is_trial":false,"path_per_floor":["M","?","M","T","M","R","E","M","T","?","R","T","M","$","R","B",null,"M","$","?","?","?","R","$","M","T","R","E","M","R","?","R_BF","B",null,"M","?","?","?","M","R","?","$","T","R","M","M","R","PTL","PTL","$","R_BF","B",null],"character_chosen":"THE_BUGKNIGHT","items_purchased":["HollowMod:MothsMistake","ReplayTheSpireMod:ShopPack","HollowMod:ChannelNail","reliquary:Knoch","reliquary:JackalopeAntler","Mind Blast","HollowMod:BaldurShell","HollowMod:QuirrelsAssistance","Bottled Tornado"],"campfire_rested":6,"item_purchase_floors":[14,14,19,19,24,24,42,42,50],"current_hp_per_floor":[75,75,72,72,70,70,53,59,59,59,75,75,70,70,70,17,75,72,72,72,72,72,72,72,53,53,75,65,53,75,87,87,11,87,35,50,50,50,10,36,36,36,36,62,44,13,39,39,39,39,39,15],"gold":4,"neow_bonus":"RANDOM_COMMON_RELIC","is_daily":false,"chose_seed":false,"campfire_upgraded":3,"win_rate":0.0,"timestamp":1614404640,"path_taken":["M","?","?","?","M","R","E","M","T","?","R","?","M","?","R","BOSS","M","$","?","?","?","R","$","M","T","R","E","M","R","?","R_BF","BOSS","M","?","?","?","M","R","?","$","T","R","M","M","R","PTL","PTL","$","R_BF","BOSS"],"items_purchased_type":["Card","Relic","Card","Relic","Relic","Card","Card","Card","Relic"],"build_version":"2020-12-22","purchased_purges":1,"victory":true,"max_hp_per_floor":[75,75,75,75,75,75,75,75,75,75,75,75,75,75,75,75,75,75,75,75,75,75,75,75,75,75,75,75,75,75,87,87,87,87,87,87,87,87,87,87,87,87,87,87,87,87,87,87,87,87,87,87],"relic_stats":{"Darkstone Periapt":12,"counters":[17,93],"PreservedInsect":62,"obtain_stats":[{"Darkstone Periapt":31,"reliquary:Aerogel":9,"Vajra":4,"HollowMod:VesselMask":0,"PreservedInsect":0,"Hallownest:DreamNailRelic":2,"infinitespire:Lucky Rock":12,"hubris:Towel":37,"Bottled Tornado":50,"Replay:Rubber Ducky":43,"reliquary:JackalopeAntler":24,"hubris:Icosahedron":41,"hubris:AstralHammer":28,"reliquary:Knoch":19,"Mirror":26,"infinitespire:Midas Blood":7,"ReplayTheSpireMod:ShopPack":14,"HollowMod:KingsSoulRelic":17,"Runic Pyramid":34},{"Darkstone Periapt":11,"reliquary:Aerogel":5,"Vajra":2,"HollowMod:VesselMask":0,"PreservedInsect":0,"Hallownest:DreamNailRelic":1,"infinitespire:Lucky Rock":5,"hubris:Towel":13,"Bottled Tornado":16,"Replay:Rubber Ducky":14,"reliquary:JackalopeAntler":8,"hubris:Icosahedron":14,"hubris:AstralHammer":10,"reliquary:Knoch":8,"Mirror":9,"infinitespire:Midas Blood":4,"ReplayTheSpireMod:ShopPack":6,"HollowMod:KingsSoulRelic":7,"Runic Pyramid":12},{"Darkstone Periapt":51,"reliquary:Aerogel":22,"Vajra":8,"HollowMod:VesselMask":0,"PreservedInsect":0,"Hallownest:DreamNailRelic":4,"infinitespire:Lucky Rock":22,"hubris:Towel":64,"Bottled Tornado":83,"Replay:Rubber Ducky":70,"reliquary:JackalopeAntler":37,"hubris:Icosahedron":70,"hubris:AstralHammer":47,"reliquary:Knoch":37,"Mirror":42,"infinitespire:Midas Blood":18,"ReplayTheSpireMod:ShopPack":26,"HollowMod:KingsSoulRelic":33,"Runic Pyramid":58}]},"card_choices":[{"not_picked":["HollowMod:InfectedCysts","HollowMod:ChannelNail"],"picked":"HollowMod:MothsMistake","floor":1.0},{"not_picked":["HollowMod:DreamGate","HollowMod:HeavyBlow"],"picked":"HollowMod:PureNailStrike","floor":3.0},{"not_picked":["HollowMod:FallenFury","HollowMod:WraithStrike"],"picked":"HollowMod:LifebloodCocoon","floor":5.0},{"not_picked":["HollowMod:NewLittleFool","HollowMod:SiblingsSouls","HollowMod:BlackTendrils"],"picked":"SKIP","floor":7.0},{"not_picked":["HollowMod:Grubsong","HollowMod:VengefulVoid"],"picked":"HollowMod:ChannelNail","floor":8.0},{"not_picked":["HollowMod:HowlingWraiths","HollowMod:SharpenedNail"],"picked":"HollowMod:TaintedHusks","floor":13.0},{"not_picked":["Midas Touch","Secret Weapon"],"picked":"Sadistic Nature","floor":14.0},{"not_picked":["ReplayTheSpireMod:Necrogeddon","ReplayTheSpireMod:Brewmster"],"picked":"Specialist","floor":14.0},{"not_picked":["The Bomb","ReplayTheSpireMod:Trickstab"],"picked":"Jack Of All Trades","floor":14.0},{"not_picked":["HollowMod:PureVessel","HollowMod:ElderbugsWisdom"],"picked":"HollowMod:AwokenDreamNail","floor":16.0},{"not_picked":["HollowMod:CycloneSlash","HollowMod:SiblingsShadow+1"],"picked":"HollowMod:SoulStrike","floor":18.0},{"not_picked":["HollowMod:VengefulVoid","HollowMod:CornifersMapStart+1"],"picked":"HollowMod:MantisMark","floor":25.0},{"not_picked":["HollowMod:ZotesMagnificence","HollowMod:PureVessel"],"picked":"HollowMod:HowlingWraiths","floor":28.0},{"not_picked":["HollowMod:FastStrike","HollowMod:InfectedCysts"],"picked":"HollowMod:DoubleDash+1","floor":29.0},{"not_picked":["HollowMod:Hiveblood","HollowMod:SoulMaster"],"picked":"HollowMod:SlysStrikes","floor":33},{"not_picked":["HollowMod:InfectedAttack","HollowMod:CornifersMapStart"],"picked":"HollowMod:BaldurShell+1","floor":35},{"not_picked":["HollowMod:ChannelNail+1","HollowMod:WraithStrike"],"picked":"HollowMod:HornetsHelp","floor":39},{"not_picked":["HollowMod:BlackTendrils","HollowMod:GoodIntentions"],"picked":"HollowMod:CloakDash","floor":45},{"not_picked":["HollowMod:CycloneSlash","HollowMod:InfectedCysts"],"picked":"HollowMod:HeavyBlow","floor":46},{"not_picked":["Mayhem","HandOfGreed"],"picked":"Bandage Up","floor":51},{"not_picked":["Blind","Flash of Steel"],"picked":"Replay:Sssssssssstrike","floor":51}],"player_experience":314691,"relics_obtained":[{"floor":4.0,"key":"Vajra"},{"floor":7.0,"key":"infinitespire:Midas Blood"},{"floor":9.0,"key":"reliquary:Aerogel"},{"floor":12.0,"key":"infinitespire:Lucky Rock"},{"floor":26.0,"key":"Mirror"},{"floor":28.0,"key":"hubris:AstralHammer"},{"floor":43,"key":"Replay:Rubber Ducky"}],"event_choices":[{"damage_healed":0,"gold_gain":3,"player_choice":"1","damage_taken":0,"max_hp_gain":0,"max_hp_loss":0,"event_name":"betterStone:BetterStone","floor":51,"gold_loss":0}],"is_beta":false,"boss_relics":[{"not_picked":["Replay:Ancient Bell","bronze:MakeshiftBattery"],"picked":"HollowMod:KingsSoulRelic"},{"not_picked":["Busted Crown","hubris:BlackHole"],"picked":"Runic Pyramid"}],"items_purged_floors":[24],"is_endless":false,"potions_floor_spawned":[5,13,33,39],"ascension_level":0}}