{"host":"ecvfachamqf62ewl","time":1614400516,"event":{"mods":["AchievementEnabler","BaseMod","Colored Map","Colored Powertips","Minty Spire (QoL Compilation)","Rare Cards Sparkle","Relic Stats","StSLib","SuperFastMode"],"gold_per_floor":[113,132,151,164,164,164,195,195,244,258,258,284,284,60,60,156,156,174,19,35,35,50,50,121,121,121,141,152,0,0,14,14,109,109,125,140,140,140,140,140],"floor_reached":39,"language":"ENG","playtime":1237,"items_purged":["Strike_B"],"score":441,"play_id":"e2c4a71e-0cfd-4b47-b47b-6af7793c4a5f","local_time":"20210226233516","is_ascension_mode":false,"campfire_choices":[{"data":"Loop","floor":6,"key":"SMITH"},{"data":"Doom and Gloom","floor":8,"key":"SMITH"},{"data":"Echo Form","floor":11,"key":"SMITH"},{"data":"Defragment","floor":15,"key":"SMITH"},{"floor":25,"key":"REST"},{"floor":30,"key":"REST"},{"floor":32,"key":"REST"}],"circlet_count":0,"master_deck":["Strike_B","Strike_B","Strike_B","Defend_B","Defend_B","Defend_B","Defend_B","Zap","Dualcast","Heatsinks","Doom and Gloom+1","Loop+1","Sweeping Beam","Cold Snap","Echo Form+1","Defragment+1","Biased Cognition","Electrodynamics","Leap","Core Surge","Turbo","Echo Form+1","Recycle","Aggregate+1","Coolheaded","Barrage+1","Machine Learning","Leap","Melter+1","Madness","Madness"],"relics":["Cracked Core"],"acts_visited":["Exordium","TheCity","TheBeyond"],"potions_floor_usage":[7,7,20,22,22,22,36],"damage_taken":[{"damage":0,"enemies":"2 Louse","floor":1,"turns":2},{"damage":0,"enemies":"Cultist","floor":2,"turns":4},{"damage":0,"enemies":"Small Slimes","floor":3,"turns":2},{"damage":3,"enemies":"Gremlin Gang","floor":4,"turns":3},{"damage":25,"enemies":"3 Sentries","floor":7,"turns":6},{"damage":5,"enemies":"Blue Slaver","floor":10,"turns":4},{"damage":22,"enemies":"Lagavulin","floor":12,"turns":6},{"damage":29,"enemies":"The Guardian","floor":16,"turns":9},{"damage":30,"enemies":"Spheric Guardian","floor":18,"turns":4},{"damage":18,"enemies":"Shell Parasite","floor":20,"turns":5},{"damage":9,"enemies":"Snake Plant","floor":22,"turns":4},{"damage":23,"enemies":"Snecko","floor":27,"turns":5},{"damage":9,"enemies":"Cultist and Chosen","floor":28,"turns":4},{"damage":12,"enemies":"3 Cultists","floor":31,"turns":3},{"damage":43,"enemies":"Champ","floor":33,"turns":11},{"damage":46,"enemies":"Orb Walker","floor":35,"turns":4},{"damage":26,"enemies":"3 Shapes","floor":36,"turns":6},{"damage":21,"enemies":"Transient","floor":39,"turns":2}],"seed_played":"-5440092300477370164","potions_obtained":[{"floor":1,"key":"Swift Potion"},{"floor":3,"key":"DuplicationPotion"},{"floor":5,"key":"PotionOfCapacity"},{"floor":12,"key":"EntropicBrew"},{"floor":16,"key":"LiquidMemories"},{"floor":20,"key":"LiquidBronze"},{"floor":31,"key":"Fire Potion"}],"is_trial":false,"path_per_floor":["M","M","M","M","?","R","E","R","T","M","R","E","?","$","R","B",null,"M","$","M","?","M","?","T","R","T","M","M","?","R","M","R","B",null,"M","M","?","?","M"],"character_chosen":"DEFECT","items_purchased":["Biased Cognition","Core Surge"],"campfire_rested":3,"item_purchase_floors":[14,19],"current_hp_per_floor":[75,75,75,72,72,72,47,47,47,42,42,20,85,85,85,56,85,55,55,37,37,28,12,12,39,39,16,7,7,34,22,49,6,90,44,18,18,7,0,0],"gold":140,"neow_bonus":"ONE_RANDOM_RARE_CARD","is_daily":false,"chose_seed":false,"campfire_upgraded":4,"win_rate":0.0,"timestamp":1614400516,"path_taken":["M","M","M","M","?","R","E","R","T","?","R","E","?","$","R","BOSS","M","$","?","?","?","?","?","R","T","M","M","?","R","M","R","BOSS","M","M","?","?","M"],"items_purchased_type":["Card","Card"],"build_version":"2020-12-22","purchased_purges":1,"victory":false,"max_hp_per_floor":[75,75,75,75,75,75,75,75,75,75,75,75,85,85,85,85,85,85,85,85,85,85,90,90,90,90,90,90,90,90,90,90,90,90,90,90,90,90,90,90],"relic_stats":{"counters":[18,82],"obtain_stats":[{"Cracked Core":0},{"Cracked Core":0},{"Cracked Core":0}]},"card_choices":[{"not_picked":["Go for the Eyes","Force Field"],"picked":"Heatsinks","floor":1},{"not_picked":["Rebound","Beam Cell"],"picked":"Doom and Gloom","floor":2},{"not_picked":["Go for the Eyes","Beam Cell"],"picked":"Loop","floor":3},{"not_picked":["Rebound","Auto Shields"],"picked":"Sweeping Beam","floor":4},{"not_picked":["Barrage","Rebound"],"picked":"Cold Snap","floor":7},{"not_picked":["Leap","Force Field"],"picked":"Echo Form","floor":10},{"not_picked":["FTL","Rebound"],"picked":"Defragment","floor":12},{"not_picked":["Echo Form","Creative AI"],"picked":"Electrodynamics","floor":16},{"not_picked":["Barrage","Recycle"],"picked":"Leap","floor":18},{"not_picked":["Redo","Sweeping Beam+1"],"picked":"Turbo","floor":20},{"not_picked":["Reinforced Body","Sweeping Beam"],"picked":"Recycle","floor":22},{"not_picked":["Sunder","Cold Snap"],"picked":"Aggregate+1","floor":27},{"not_picked":["Compile Driver","Redo"],"picked":"Coolheaded","floor":28},{"not_picked":["Electrodynamics","Gash"],"picked":"Barrage+1","floor":31},{"not_picked":["All For One","Electrodynamics"],"picked":"Machine Learning","floor":33},{"not_picked":["Reinforced Body+1","Gash"],"picked":"Leap","floor":35},{"not_picked":["Compile Driver","Sweeping Beam+1"],"picked":"Melter+1","floor":36}],"player_experience":460993,"relics_obtained":[],"event_choices":[{"damage_healed":0,"gold_gain":0,"player_choice":"Got Potions","damage_taken":0,"max_hp_gain":0,"max_hp_loss":0,"event_name":"Lab","floor":5,"gold_loss":0},{"cards_removed":["Thunder Strike"],"damage_healed":55,"gold_gain":0,"player_choice":"Offered Rare","damage_taken":0,"max_hp_gain":10,"max_hp_loss":0,"event_name":"Bonfire Elementals","floor":13,"gold_loss":0},{"damage_healed":0,"gold_gain":0,"player_choice":"Copied","damage_taken":0,"max_hp_gain":0,"max_hp_loss":0,"event_name":"Duplicator","floor":21,"gold_loss":0,"cards_obtained":["Echo Form"]},{"damage_healed":0,"gold_gain":0,"player_choice":"Shed Blood","damage_taken":21,"max_hp_gain":5,"max_hp_loss":0,"event_name":"Forgotten Altar","floor":23,"gold_loss":0},{"damage_healed":0,"gold_gain":0,"player_choice":"Paid Fearfully","damage_taken":0,"max_hp_gain":0,"max_hp_loss":0,"event_name":"Masked Bandits","floor":29,"gold_loss":152},{"damage_healed":0,"gold_gain":0,"player_choice":"Ignored","damage_taken":0,"max_hp_gain":0,"max_hp_loss":0,"event_name":"Tomb of Lord Red Mask","floor":37,"gold_loss":0},{"damage_healed":0,"gold_gain":0,"player_choice":"Embrace Madness","damage_taken":11,"max_hp_gain":0,"max_hp_loss":0,"event_name":"Winding Halls","floor":38,"gold_loss":0,"cards_obtained":["Madness","Madness"]}],"is_beta":false,"boss_relics":[{"not_picked":["Runic Pyramid","Velvet Choker","SacredBark"]},{"not_picked":["FrozenCore","SlaversCollar","Fusion Hammer"]}],"items_purged_floors":[14],"is_endless":false,"potions_floor_spawned":[1,3,12,16,18,20,31],"killed_by":"Transient","ascension_level":0}}