{"host":"yobtt7pjhlphl8u1","time":1614420566,"event":{"mods":["Act Like it!","BaseMod","Downfall","Minty Spire (QoL Compilation)","MostiFishMod","StSLib"],"gold_per_floor":[109,109,109,127,2,36,36,47,47,66,79,79,79,79,79,176,176,196,215,215,225,242,242,274,293,316,174,99,99,133,143,143,238,238,254,154,154,169,185,218,273,273,297,177,190,206,206,240,240,240,240,240,2,32,32],"floor_reached":56,"language":"ZHS","playtime":2480,"items_purged":["Strike_G","Strike_G","Defend_G","Defend_G+1","Sucker Punch+1"],"score":1622,"play_id":"1971caf3-3303-4e08-aaba-a9659a2a026c","local_time":"20210227180926","is_ascension_mode":false,"campfire_choices":[{"data":"MostiFishMod:GrandStart","floor":13.0,"key":"SMITH"},{"data":"MostiFishMod:FullyArmed","floor":15.0,"key":"SMITH"},{"data":"MostiFishMod:Dislodge","floor":23.0,"key":"SMITH"},{"data":"Acrobatics","floor":32.0,"key":"SMITH"},{"floor":42,"key":"RECALL"},{"data":"Sucker Punch","floor":49,"key":"SMITH"},{"floor":52,"key":"REST"}],"circlet_count":0,"master_deck":["Strike_G+1","Defend_G+1","Survivor+1","Neutralize+1","Acrobatics+1","MostiFishMod:GrandStart+1","Acrobatics+1","Reflex+1","Reflex+1","MostiFishMod:Dislodge+1","MostiFishMod:GrandStart+1","Adrenaline+1","MostiFishMod:Opportunism+1"],"relics":["Ring of the Snake","DaveBox","TimeKeys","NeowsBlessing","SynthV:TestCard","The Courier","Anchor","Ancient Tea Set","GreenFoldingFan","Bag of Marbles","Bottled Lightning","Runic Dome","Mark of the Bloom","Gremlin Horn","DianDianMeat","Happy Flower","Mummified Hand","Shuriken"],"acts_visited":["Exordium","TheCity","TheBeyond","TheEnding"],"potions_floor_usage":[55],"damage_taken":[{"damage":0.0,"enemies":"Small Slimes","floor":1.0,"turns":1.0},{"damage":0.0,"enemies":"Jaw Worm","floor":4.0,"turns":1.0},{"damage":0.0,"enemies":"Gremlin Nob","floor":6.0,"turns":1.0},{"damage":0.0,"enemies":"Cultist","floor":8.0,"turns":1.0},{"damage":22.0,"enemies":"Gremlin Gang","floor":10.0,"turns":3.0},{"damage":0.0,"enemies":"3 Louse","floor":11.0,"turns":1.0},{"damage":0.0,"enemies":"Slime Boss","floor":16.0,"turns":5.0},{"damage":2.0,"enemies":"2 Thieves","floor":18.0,"turns":1.0},{"damage":2.0,"enemies":"3 Byrds","floor":19.0,"turns":1.0},{"damage":9.0,"enemies":"Shelled Parasite and Fungi","floor":21.0,"turns":2.0},{"damage":2.0,"enemies":"Snake Plant","floor":22.0,"turns":1.0},{"damage":6.0,"enemies":"Book of Stabbing","floor":24.0,"turns":3.0},{"damage":2.0,"enemies":"Cultist and Chosen","floor":25.0,"turns":1.0},{"damage":4.0,"enemies":"Gremlin Leader","floor":30.0,"turns":2.0},{"damage":2.0,"enemies":"Chosen and Byrds","floor":31.0,"turns":1.0},{"damage":4.0,"enemies":"Collector","floor":33.0,"turns":2.0},{"damage":2.0,"enemies":"3 Shapes","floor":35.0,"turns":1.0},{"damage":2,"enemies":"Orb Walker","floor":38,"turns":1},{"damage":2,"enemies":"Sphere and 2 Shapes","floor":39,"turns":1},{"damage":2,"enemies":"Nemesis","floor":40,"turns":1},{"damage":2,"enemies":"2 Orb Walkers","floor":41,"turns":1},{"damage":2,"enemies":"Maw","floor":45,"turns":1},{"damage":2,"enemies":"3 Darklings","floor":46,"turns":1},{"damage":2,"enemies":"Reptomancer","floor":48,"turns":1},{"damage":4,"enemies":"Donu and Deca","floor":50,"turns":2},{"damage":2,"enemies":"Shield and Spear","floor":54,"turns":1},{"damage":7,"enemies":"The Heart","floor":55,"turns":3}],"seed_played":"3080660496752700282","potions_obtained":[{"floor":8.0,"key":"PowerPotion"},{"floor":10.0,"key":"Guardian:BlockOnCardUsePotion"},{"floor":16.0,"key":"DuplicationPotion"},{"floor":22.0,"key":"DistilledChaos"}],"is_trial":false,"path_per_floor":["M","?","?","M","$","E","$","M","T","M","M","?","R","?","R","B",null,"M","M","?","M","M","R","E","M","T","$","?","$","E","M","R","B",null,"M","$","?","M","M","E","?","R","T","$","M","M","?","E","R","B",null,"R","$","E","B",null],"character_chosen":"THE_SILENT","items_purchased":["MostiFishMod:GrandStart","Adrenaline","LiquidMemories","Explosive Potion"],"campfire_rested":1,"item_purchase_floors":[5,27,53,53],"current_hp_per_floor":[70,63,51,51,51,51,51,51,51,29,29,29,29,29,29,29,70,70,70,70,70,70,70,70,70,70,70,70,70,70,70,70,70,70,70,70,70,68,66,64,62,62,62,62,60,58,58,56,56,52,52,52,52,50,43],"gold":32,"neow_bonus":"THREE_ENEMY_KILL","is_daily":false,"chose_seed":false,"campfire_upgraded":5,"win_rate":0.0,"timestamp":1614420566,"path_taken":["M","?","?","M","?","E","?","?","T","M","?","?","R","?","R","BOSS","M","?","?","?","M","R","E","M","T","$","?","$","E","M","R","BOSS","M","$","?","M","M","E","?","R","T","$","M","M","?","E","R","BOSS","R","$","E","BOSS"],"items_purchased_type":["Card","Card","Potion","Potion"],"build_version":"2020-12-22","purchased_purges":5,"victory":true,"max_hp_per_floor":[70,70,70,70,70,70,70,70,70,70,70,70,70,70,70,70,70,70,70,70,70,70,70,70,70,70,70,70,70,70,70,70,70,70,70,70,70,70,70,70,70,70,70,70,70,70,71,71,71,71,71,71,71,71,71],"card_choices":[{"not_picked":["Dagger Throw","Eviscerate"],"picked":"Acrobatics","floor":1.0},{"not_picked":["Slice","Outmaneuver","Dagger Throw","All Out Attack","Blade Dance"],"picked":"SKIP","floor":4.0},{"not_picked":["Bouncing Flask","Footwork","Noxious Fumes","MostiFishMod:ShivMaster"],"picked":"Acrobatics","floor":6.0},{"not_picked":["Prepared","Dagger Spray","Terror","Poisoned Stab"],"picked":"Reflex","floor":8.0},{"not_picked":["Caltrops","Masterful Stab","Dagger Spray","Flying Knee"],"picked":"Reflex","floor":10.0},{"not_picked":["Sucker Punch","MostiFishMod:PreservedThorns","Dash","Dagger Spray","Deflect"],"picked":"SKIP","floor":11.0},{"not_picked":["MostiFishMod:AdrenalineArouse","After Image","MostiFishMod:FullyArmed","MostiFishMod:SpreadingSpore"],"picked":"MostiFishMod:Dislodge","floor":16.0},{"not_picked":["Setup","Expertise","Sucker Punch+1","Dagger Spray","Acrobatics+1"],"picked":"SKIP","floor":18.0},{"not_picked":["MostiFishMod:PreservedThorns","Blade Dance","Sucker Punch+1","Dagger Spray","MostiFishMod:FrostNova"],"picked":"SKIP","floor":19.0},{"not_picked":["MostiFishMod:PerfectParry","Dodge and Roll+1","PiercingWail","MostiFishMod:Neurotoxin","Cloak And Dagger"],"picked":"SKIP","floor":21.0},{"not_picked":["Quick Slash","Poisoned Stab","Cloak And Dagger","Dagger Spray","Slice"],"picked":"SKIP","floor":22.0},{"not_picked":["Flying Knee","Well Laid Plans","Bane+1","Slice","Backflip+1"],"picked":"SKIP","floor":24.0},{"not_picked":["Underhanded Strike","Eviscerate","Predator","Slice","Bouncing Flask"],"picked":"SKIP","floor":25.0},{"not_picked":["MostiFishMod:PoisonShield","Malaise","MostiFishMod:PerfectParry","Deadly Poison","Quick Slash"],"picked":"SKIP","floor":30.0},{"not_picked":["Underhanded Strike+1","MostiFishMod:FrostNova","Dash","Cloak And Dagger","Escape Plan"],"picked":"SKIP","floor":31.0},{"not_picked":["Doppelganger","Corpse Explosion","MostiFishMod:Dislodge","Burst"],"picked":"MostiFishMod:Opportunism","floor":33.0},{"not_picked":["PiercingWail+1","Leg Sweep","Escape Plan","Bouncing Flask","MostiFishMod:ThornCasing"],"picked":"SKIP","floor":35.0},{"not_picked":["Flechettes","Skewer","Prepared","Outmaneuver+1","Heel Hook+1"],"picked":"SKIP","floor":38},{"not_picked":["Dagger Spray+1","Dodge and Roll+1","Slice+1","Flying Knee","Eviscerate+1"],"picked":"SKIP","floor":39},{"not_picked":["Crippling Poison+1","Leg Sweep+1","Glass Knife","Endless Agony","Blade Dance"],"picked":"SKIP","floor":40},{"not_picked":["Eviscerate","Predator+1","Cloak And Dagger","Terror+1","Expertise+1"],"picked":"SKIP","floor":45},{"not_picked":["Underhanded Strike","Poisoned Stab","Blade Dance","Calculated Gamble+1","Skewer"],"picked":"SKIP","floor":46},{"not_picked":["Bane","PiercingWail+1","Noxious Fumes","Malaise","Poisoned Stab"],"picked":"SKIP","floor":48},{"not_picked":["Well Laid Plans","Sucker Punch+1","MostiFishMod:PerfectParry","Blade Dance+1","Bane+1"],"picked":"SKIP","floor":54}],"player_experience":13514,"relics_obtained":[{"floor":1.0,"key":"SynthV:TestCard"},{"floor":6.0,"key":"Anchor"},{"floor":9.0,"key":"Ancient Tea Set"},{"floor":24.0,"key":"Bag of Marbles"},{"floor":30.0,"key":"Bottled Lightning"},{"floor":40,"key":"Gremlin Horn"},{"floor":41,"key":"DianDianMeat"},{"floor":43,"key":"Happy Flower"},{"floor":48,"key":"Mummified Hand"},{"floor":54,"key":"Shuriken"}],"event_choices":[{"cards_removed":["Strike_G"],"damage_healed":0.0,"max_hp_gain":0.0,"max_hp_loss":0.0,"gold_gain":0.0,"event_name":"Golden Wing","player_choice":"Card Removal","floor":2.0,"gold_loss":0.0,"damage_taken":7.0},{"damage_healed":0.0,"max_hp_gain":0.0,"max_hp_loss":0.0,"gold_gain":0.0,"event_name":"Scrap Ooze","player_choice":"Success","floor":3.0,"gold_loss":0.0,"damage_taken":12.0,"relics_obtained":["The Courier"]},{"damage_healed":0.0,"max_hp_gain":0.0,"max_hp_loss":0.0,"gold_gain":0.0,"event_name":"Liars Game","player_choice":"Ignored","floor":12.0,"gold_loss":0.0,"damage_taken":0.0},{"damage_healed":0.0,"max_hp_gain":0.0,"max_hp_loss":0.0,"gold_gain":0.0,"cards_transformed":["Strike_G"],"event_name":"Transmorgrifier","player_choice":"Transformed","floor":14.0,"gold_loss":0.0,"damage_taken":0.0,"cards_obtained":["MostiFishMod:FullyArmed"]},{"damage_healed":0.0,"max_hp_gain":0.0,"max_hp_loss":0.0,"gold_gain":0.0,"event_name":"Duplicator","player_choice":"Copied","floor":20.0,"gold_loss":0.0,"damage_taken":0.0,"cards_obtained":["MostiFishMod:GrandStart"]},{"cards_removed":["Defend_G"],"damage_healed":0.0,"max_hp_gain":0.0,"max_hp_loss":0.0,"gold_gain":0.0,"event_name":"Beggar","player_choice":"Gave Gold","floor":28.0,"gold_loss":75.0,"damage_taken":0.0},{"damage_healed":0,"gold_gain":0,"player_choice":"Upgrade","damage_taken":0,"relics_obtained":["Mark of the Bloom"],"max_hp_gain":0,"max_hp_loss":0,"event_name":"MindBloom","floor":37,"gold_loss":0,"cards_upgraded":["Strike_G","Defend_G","Defend_G","Defend_G","Survivor","Neutralize","Acrobatics","Reflex","Reflex","Adrenaline","MostiFishMod:Opportunism"]},{"damage_healed":0,"gold_gain":0,"player_choice":"Fight","damage_taken":0,"max_hp_gain":0,"max_hp_loss":0,"event_name":"Mysterious Sphere","floor":41,"gold_loss":0},{"damage_healed":0,"gold_gain":0,"cards_transformed":["Defend_G"],"player_choice":"Transformed","damage_taken":0,"max_hp_gain":0,"max_hp_loss":0,"event_name":"Transmorgrifier","floor":47,"gold_loss":0,"cards_obtained":["Sucker Punch"]}],"is_beta":false,"boss_relics":[{"not_picked":["Calling Bell","Snecko Eye"],"picked":"GreenFoldingFan"},{"not_picked":["RhineFirstAidKit","PatriotShield"],"picked":"Runic Dome"}],"items_purged_floors":[5,27,36,44,53],"is_endless":false,"potions_floor_spawned":[8,10,16,22,30,35,40,46,48],"ascension_level":0}}