{"host":"xb2tau8pgi8aflss","time":1614435055,"event":{"mods":["AchievementEnabler","BaseMod","Hermit","Minty Spire (QoL Compilation)","StSLib","SuperFastMode"],"gold_per_floor":[113,126,76,96,114,114,146,163,163,180,191,208,224,224,224,224,224],"floor_reached":16,"language":"KOR","playtime":453,"items_purged":[],"score":151,"play_id":"b6d29b1f-ee17-4157-bffe-d6c6ae6ffd41","local_time":"20210227231055","is_ascension_mode":true,"campfire_choices":[{"floor":6,"key":"REST"},{"floor":15,"key":"REST"}],"circlet_count":0,"master_deck":["Strike_B","Strike_B","Strike_B","Defend_B","Defend_B","Defend_B","Zap","Dualcast","Storm","Coolheaded","Static Discharge+1","Thunder Strike","Undo","Hyperbeam","Stack","Stack"],"relics":["Empty Cage","Mercury Hourglass","Incense Burner","White Beast Statue"],"acts_visited":["Exordium"],"potions_floor_usage":[7,7,11,12,13,16,16],"damage_taken":[{"damage":19,"enemies":"Jaw Worm","floor":1,"turns":3},{"damage":11,"enemies":"Cultist","floor":2,"turns":4},{"damage":3,"enemies":"Small Slimes","floor":4,"turns":3},{"damage":11,"enemies":"Red Slaver","floor":5,"turns":4},{"damage":24,"enemies":"Lagavulin","floor":7,"turns":9},{"damage":17,"enemies":"Blue Slaver","floor":8,"turns":4},{"damage":19,"enemies":"Exordium Thugs","floor":10,"turns":4},{"damage":13,"enemies":"Exordium Wildlife","floor":11,"turns":4},{"damage":4,"enemies":"Blue Slaver","floor":12,"turns":4},{"damage":1,"enemies":"Looter","floor":13,"turns":3},{"damage":25,"enemies":"Hexaghost","floor":16,"turns":9}],"seed_played":"-3729410388648030325","potions_obtained":[{"floor":1,"key":"FairyPotion"},{"floor":2,"key":"LiquidBronze"},{"floor":4,"key":"PotionOfCapacity"},{"floor":8,"key":"SpeedPotion"},{"floor":10,"key":"Explosive Potion"},{"floor":11,"key":"Block Potion"},{"floor":12,"key":"FearPotion"},{"floor":13,"key":"Weak Potion"}],"is_trial":false,"path_per_floor":["M","M","?","M","M","R","E","M","T","M","M","M","M","?","R","B"],"character_chosen":"DEFECT","items_purchased":[],"campfire_rested":2,"item_purchase_floors":[],"current_hp_per_floor":[49,38,38,35,24,46,22,5,5,21,8,4,3,3,25,0,0],"gold":224,"neow_bonus":"BOSS_RELIC","is_daily":false,"chose_seed":false,"campfire_upgraded":0,"win_rate":0.0,"timestamp":1614435055,"path_taken":["M","M","?","?","M","R","E","M","T","M","M","M","M","?","R","BOSS"],"items_purchased_type":[],"build_version":"2020-12-22","purchased_purges":0,"victory":false,"max_hp_per_floor":[75,75,75,75,75,75,75,75,75,75,75,75,75,75,75,75,75],"card_choices":[{"not_picked":["Skim","White Noise"],"picked":"Storm","floor":1},{"not_picked":["Turbo","Compile Driver","Sweeping Beam"],"picked":"SKIP","floor":2},{"not_picked":["Steam Power","Sweeping Beam","Barrage"],"picked":"SKIP","floor":4},{"not_picked":["Streamline","Steam"],"picked":"Coolheaded","floor":5},{"not_picked":["Fusion","Barrage"],"picked":"Static Discharge","floor":7},{"not_picked":["Chaos","Steam"],"picked":"Thunder Strike","floor":8},{"not_picked":["Stack","Ball Lightning"],"picked":"Undo","floor":10},{"not_picked":["Compile Driver","Gash"],"picked":"Hyperbeam","floor":11},{"not_picked":["Steam","Cold Snap"],"picked":"Stack","floor":12},{"not_picked":["Beam Cell","Blizzard"],"picked":"Stack","floor":13}],"player_experience":865798,"relics_obtained":[{"floor":7,"key":"Incense Burner"},{"floor":9,"key":"White Beast Statue"}],"event_choices":[{"damage_healed":0,"gold_gain":0,"player_choice":"Paid Gold","damage_taken":0,"relics_obtained":["Mercury Hourglass"],"max_hp_gain":0,"max_hp_loss":0,"event_name":"WeMeetAgain","floor":3,"gold_loss":50},{"damage_healed":0,"gold_gain":0,"player_choice":"Grow","damage_taken":0,"max_hp_gain":0,"max_hp_loss":0,"event_name":"Living Wall","floor":14,"gold_loss":0,"cards_upgraded":["Static Discharge"]}],"is_beta":false,"boss_relics":[],"items_purged_floors":[],"is_endless":false,"potions_floor_spawned":[1,2,4,8,10,11,12,13],"killed_by":"Hexaghost","ascension_level":8}}