{"host":"is2s59edl8twrhoj","time":1614454455,"event":{"mods":["BaseMod","Colored Map","Colored Powertips","DeckTracker","Downfall","Minty Spire (QoL Compilation)","StSLib"],"gold_per_floor":[116,135,155,155,166,196,196,221,246,246,277,296,296,311,311,385,385,401,72,72,0,0,0,10,10,10,43,43,43,43,43,43,43,43],"floor_reached":33,"language":"ENG","playtime":1130,"items_purged":[],"score":506,"play_id":"5bd6f1d7-a5e9-428d-87fe-fb088fbe9255","local_time":"20210227193415","is_ascension_mode":true,"campfire_choices":[{"data":"Rage","floor":7,"key":"SMITH"},{"data":"Clash","floor":10,"key":"SMITH"},{"data":"Inflame","floor":13,"key":"SMITH"},{"data":"Metallicize","floor":15,"key":"SMITH"},{"data":"Double Tap","floor":23,"key":"SMITH"},{"data":"Twin Strike","floor":25,"key":"SMITH"},{"data":"Clash","floor":32,"key":"SMITH"}],"circlet_count":0,"master_deck":["AscendersBane","Strike_R","Strike_R","Strike_R","Strike_R","Defend_R","Defend_R","Defend_R","Clash+1","Rage+1","Iron Wave","Clash+1","Metallicize+1","Ghostly Armor","Inflame+1","Headbutt","Double Tap+1","Twin Strike+1"],"relics":["Burning Blood","MealTicket","Juzu Bracelet","Regal Pillow","Orichalcum","Empty Cage","Vajra","Medical Kit","Blue Candle","Lantern","Pear","MutagenicStrength"],"acts_visited":["Exordium","TheCity"],"potions_floor_usage":[11,11],"damage_taken":[{"damage":2,"enemies":"2 Louse","floor":1,"turns":3},{"damage":6,"enemies":"Cultist","floor":2,"turns":4},{"damage":5,"enemies":"Small Slimes","floor":3,"turns":3},{"damage":0,"enemies":"Blue Slaver","floor":5,"turns":7},{"damage":17,"enemies":"Lagavulin","floor":6,"turns":7},{"damage":25,"enemies":"3 Sentries","floor":8,"turns":12},{"damage":7,"enemies":"Gremlin Nob","floor":11,"turns":5},{"damage":3,"enemies":"Looter","floor":12,"turns":3},{"damage":4,"enemies":"Exordium Thugs","floor":14,"turns":5},{"damage":19,"enemies":"The Guardian","floor":16,"turns":10},{"damage":35,"enemies":"3 Byrds","floor":18,"turns":8},{"damage":15,"enemies":"Spheric Guardian","floor":24,"turns":5},{"damage":26,"enemies":"Gremlin Leader","floor":27,"turns":6},{"damage":63,"enemies":"Automaton","floor":33,"turns":6}],"seed_played":"4138779812278161114","potions_obtained":[{"floor":3,"key":"Energy Potion"},{"floor":5,"key":"Energy Potion"},{"floor":6,"key":"GamblersBrew"},{"floor":12,"key":"SneckoOil"}],"is_trial":false,"path_per_floor":["M","M","M","?","M","E","R","E","T","R","E","M","R","M","R","B",null,"M","$","?","?","$","R","M","R","T","E","T","$","?","?","R","B"],"character_chosen":"IRONCLAD","items_purchased":["Vajra","Medical Kit"],"campfire_rested":0,"item_purchase_floors":[19,19],"current_hp_per_floor":[72,72,73,75,75,64,64,45,45,45,44,47,47,49,49,36,65,36,51,51,51,66,66,57,57,57,37,47,62,62,62,62,0,0],"gold":43,"neow_bonus":"REMOVE_CARD","is_daily":false,"chose_seed":false,"campfire_upgraded":7,"win_rate":0.0,"timestamp":1614454455,"path_taken":["M","M","M","?","M","E","R","E","T","R","E","M","R","M","R","BOSS","M","?","?","?","$","R","M","R","T","E","?","?","?","?","R","BOSS"],"items_purchased_type":["Relic","Relic"],"build_version":"2020-12-22","purchased_purges":0,"victory":false,"max_hp_per_floor":[75,75,75,75,75,75,75,75,75,75,75,75,75,75,75,75,75,75,75,75,75,75,75,75,75,75,75,85,85,85,85,85,85,85],"card_choices":[{"not_picked":["Ghostly Armor","Dual Wield"],"picked":"Clash","floor":1},{"not_picked":["Perfected Strike","Warcry"],"picked":"Rage","floor":2},{"not_picked":["Perfected Strike","Headbutt"],"picked":"Iron Wave","floor":3},{"not_picked":["Perfected Strike","Warcry"],"picked":"Clash","floor":5},{"not_picked":["True Grit","Iron Wave"],"picked":"Metallicize","floor":6},{"not_picked":["Clothesline","Burning Pact","Juggernaut"],"picked":"SKIP","floor":8},{"not_picked":["Dropkick","Havoc"],"picked":"Ghostly Armor","floor":11},{"not_picked":["Wild Strike","Carnage"],"picked":"Inflame","floor":12},{"not_picked":["Havoc","Twin Strike"],"picked":"Headbutt","floor":14},{"not_picked":["Fiend Fire","Reaper"],"picked":"Double Tap","floor":16},{"not_picked":["Ghostly Armor","Clothesline","Thunderclap"],"picked":"SKIP","floor":18},{"not_picked":["Ghostly Armor","Clothesline"],"picked":"Twin Strike","floor":24},{"not_picked":["Heavy Blade","Battle Trance","Clash"],"picked":"SKIP","floor":27}],"player_experience":703597,"relics_obtained":[{"floor":6,"key":"MealTicket"},{"floor":8,"key":"Juzu Bracelet"},{"floor":9,"key":"Regal Pillow"},{"floor":11,"key":"Orichalcum"},{"floor":26,"key":"Blue Candle"},{"floor":27,"key":"Lantern"},{"floor":28,"key":"Pear"}],"event_choices":[{"damage_healed":2,"gold_gain":0,"player_choice":"Full Heal","damage_taken":0,"max_hp_gain":0,"max_hp_loss":0,"event_name":"Wheel of Change","floor":4,"gold_loss":0},{"damage_healed":0,"gold_gain":0,"player_choice":"Ignored","damage_taken":0,"max_hp_gain":0,"max_hp_loss":0,"event_name":"Ghosts","floor":20,"gold_loss":0},{"damage_healed":0,"gold_gain":0,"player_choice":"Paid Fearfully","damage_taken":0,"max_hp_gain":0,"max_hp_loss":0,"event_name":"Masked Bandits","floor":21,"gold_loss":72},{"damage_healed":0,"gold_gain":0,"player_choice":"Inject Mutagens","damage_taken":0,"relics_obtained":["MutagenicStrength"],"max_hp_gain":0,"max_hp_loss":0,"event_name":"Drug Dealer","floor":30,"gold_loss":0}],"is_beta":false,"boss_relics":[{"not_picked":["Sozu","Runic Pyramid"],"picked":"Empty Cage"}],"items_purged_floors":[],"is_endless":false,"potions_floor_spawned":[3,5,6,12],"killed_by":"Automaton","ascension_level":16}}