{"host":"wytxk0p0sw9oqde1","time":1614419937,"event":{"mods":["AchievementEnabler","BaseMod","Colored Powertips","Downfall","Minty Spire (QoL Compilation)","Quick Restart","StSLib","SuperFastMode"],"gold_per_floor":[99,118,132,152,10,22,22,22,14,34,55,55,55,95,120,230,230,230,251,273,295,42,61,61,73,16,43,61,61,61,74,86,184,184,184,196,213,230,230,41,89,107,138,38,51,51,51,9,26,26,26,26],"floor_reached":50,"language":"ENG","playtime":3673,"items_purged":["hexamod:Strike"],"score":702,"play_id":"fce784fe-29cf-4a71-80c5-d25154356d79","local_time":"20210227015857","is_ascension_mode":false,"campfire_choices":[{"data":"hexamod:Sear","floor":1,"key":"SMITH"},{"data":"hexamod:Float","floor":8,"key":"SMITH"},{"data":"hexamod:TurnItUp","floor":13,"key":"SMITH"},{"data":"hexamod:EmpoweredFlame","floor":18,"key":"SMITH"},{"data":"hexamod:ForkedFlame","floor":30,"key":"SMITH"},{"data":"hexamod:ForkedFlame","floor":35,"key":"SMITH"},{"data":"hexamod:Rewind","floor":44,"key":"SMITH"}],"circlet_count":0,"master_deck":["hexamod:Strike","hexamod:Defend","hexamod:Defend","hexamod:Defend+1","hexamod:Defend","hexamod:Sear+1","hexamod:Float+1","hexamod:BacktrackSmack+1","hexamod:SpectersWail","hexamod:GhostflameBarrier","hexamod:TimeWarp","hexamod:Hexaguard+1","hexamod:TurnItUp+1","hexamod:StepThrough+1","hexamod:PhantomFireball","hexamod:EmpoweredFlame+1","hexamod:GhostOfSpirePast","hexamod:CatchUp","hexamod:SearingWound+1","hexamod:TimeWarp+1","hexamod:AdvancingGuard+1","hexamod:GhostShield+1","hexamod:SixthSeal","hexamod:EtherealExpedition","hexamod:RainOfEmbers+1","hexamod:RadiantFlame+1","hexamod:VolcanoVisage+1","hexamod:FastForward+1","hexamod:SpectralAdrenaline+1","hexamod:FastForward+1","hexamod:ForkedFlame+1","hexamod:FastForward","hexamod:RetreatToShadows+1","hexamod:ForkedFlame+1","hexamod:EtherealExpedition+1","hexamod:AdvancingGuard+1","hexamod:Rewind+1","Secret Weapon+1","hexamod:Hexaguard","hexamod:PhantomFireball","hexamod:TimeWarp","hexamod:PhantomFireball","hexamod:FastForward+1"],"relics":["hexamod:SpiritBrand","Ancient Tea Set","Meat on the Bone","hexamod:IceCube","Eternal Feather","hexamod:TheBrokenSeal","The Courier","Kunai","Empty Cage","Omamori","hexamod:MatchstickCase","downfall:HeartBlessingGreen"],"acts_visited":["Exordium","TheCity","TheBeyond"],"potions_floor_usage":[19,20,20,23,27,43,43,43,43,50,50,50],"damage_taken":[{"damage":6,"enemies":"2 Louse","floor":2,"turns":3},{"damage":0,"enemies":"Small Slimes","floor":3,"turns":3},{"damage":1,"enemies":"Cultist","floor":4,"turns":3},{"damage":5,"enemies":"downfall:FleeingMerchant","floor":5,"turns":4},{"damage":0,"enemies":"3 Louse","floor":6,"turns":3},{"damage":0,"enemies":"2 Fungi Beasts","floor":10,"turns":4},{"damage":10,"enemies":"Exordium Thugs","floor":11,"turns":5},{"damage":21,"enemies":"Lagavulin","floor":14,"turns":6},{"damage":6,"enemies":"Exordium Wildlife","floor":15,"turns":3},{"damage":0,"enemies":"SI_SHIV_ARCHETYPE","floor":16,"turns":5},{"damage":17,"enemies":"Spheric Guardian","floor":19,"turns":5},{"damage":34,"enemies":"3 Byrds","floor":20,"turns":6},{"damage":6,"enemies":"Snake Plant","floor":21,"turns":4},{"damage":10,"enemies":"downfall:FleeingMerchant","floor":22,"turns":4},{"damage":25,"enemies":"Shelled Parasite and Fungi","floor":23,"turns":6},{"damage":24,"enemies":"3 Cultists","floor":25,"turns":5},{"damage":0,"enemies":"downfall:FleeingMerchant","floor":26,"turns":4},{"damage":23,"enemies":"Slavers","floor":27,"turns":3},{"damage":0,"enemies":"Snecko","floor":28,"turns":2},{"damage":13,"enemies":"Shelled Parasite and Fungi","floor":31,"turns":3},{"damage":6,"enemies":"Cultist and Chosen","floor":32,"turns":4},{"damage":0,"enemies":"WA_ARCHETYPE_CALM","floor":33,"turns":5},{"damage":6,"enemies":"Orb Walker","floor":36,"turns":3},{"damage":28,"enemies":"3 Darklings","floor":37,"turns":5},{"damage":13,"enemies":"Spire Growth","floor":38,"turns":4},{"damage":0,"enemies":"downfall:FleeingMerchant","floor":40,"turns":2},{"damage":3,"enemies":"Writhing Mass","floor":42,"turns":3},{"damage":29,"enemies":"Reptomancer","floor":43,"turns":5},{"damage":3,"enemies":"4 Shapes","floor":45,"turns":4},{"damage":23,"enemies":"3 Darklings","floor":49,"turns":5},{"damage":67,"enemies":"DF_ARCHETYPE_ORBS","floor":50,"turns":7}],"seed_played":"-4175682493175625203","potions_obtained":[{"floor":3,"key":"Guardian:BlockOnCardUsePotion"},{"floor":5,"key":"hexamod:DoubleChargePotion"},{"floor":6,"key":"ColorlessPotion"},{"floor":6,"key":"Strength Potion"},{"floor":10,"key":"hexamod:InfernoChargePotion"},{"floor":11,"key":"hexamod:EctoCoolerPotion"},{"floor":19,"key":"ColorlessPotion"},{"floor":20,"key":"Fruit Juice"},{"floor":21,"key":"Swift Potion"},{"floor":27,"key":"PowerPotion"},{"floor":28,"key":"SteroidPotion"},{"floor":31,"key":"BlessingOfTheForge"},{"floor":32,"key":"EntropicBrew"}],"is_trial":false,"path_per_floor":["R","M","M","M","$","M","T","R","?","M","M","?","R","E","M","B",null,"R","M","M","M","$","M","T","M","$","E","M","?","R","M","M","B",null,"R","M","M","M","?","$","T","M","E","R","M","$","?","$","M","B"],"character_chosen":"THE_SPIRIT","items_purchased":["hexamod:TimeWarp","hexamod:ShieldOfDarkness","Eternal Feather","hexamod:FastForward","hexamod:Rewind","Secret Weapon","hexamod:Hexaguard","hexamod:PhantomFireball","hexamod:TimeWarp","hexamod:PhantomFireball","hexamod:EctoCoolerPotion"],"campfire_rested":0,"item_purchase_floors":[5,5,22,26,40,40,40,40,40,40,48],"current_hp_per_floor":[77,71,71,70,65,65,65,65,58,65,62,77,77,63,57,64,77,77,67,57,58,48,92,92,68,68,57,57,87,92,79,73,73,92,92,86,58,57,57,57,57,54,37,61,58,58,80,80,57,0,0,0],"gold":26,"neow_bonus":"TEN_PERCENT_HP_BONUS","is_daily":false,"chose_seed":false,"campfire_upgraded":7,"win_rate":0.0,"timestamp":1614419937,"path_taken":["R","M","M","M","$","M","T","R","?","M","M","?","R","E","M","BOSS","R","M","M","M","$","M","T","?","$","E","M","?","R","M","M","BOSS","R","M","M","M","?","?","T","M","E","R","?","$","?","$","M","BOSS"],"items_purchased_type":["Card","Card","Relic","Card","Card","Card","Card","Card","Card","Card","Potion"],"build_version":"2020-12-22","purchased_purges":1,"victory":false,"max_hp_per_floor":[77,77,77,77,77,77,77,77,77,77,77,77,77,77,77,77,77,77,77,82,82,82,92,92,92,92,92,92,92,92,92,92,92,92,92,92,92,92,92,92,92,92,92,92,92,92,80,80,80,80,80,80],"card_choices":[{"not_picked":["hexamod:HeatMetal","hexamod:GhostShield"],"picked":"hexamod:BacktrackSmack","floor":2},{"not_picked":["hexamod:PhantomCloak","hexamod:GhostLash"],"picked":"hexamod:SpectersWail","floor":3},{"not_picked":["hexamod:GhostLash","hexamod:Rewind"],"picked":"hexamod:FourthSeal","floor":4},{"not_picked":["hexamod:Hexaguard","hexamod:Incineration"],"picked":"hexamod:GhostflameBarrier","floor":5},{"not_picked":["hexamod:Firestarter","hexamod:SwordOfDarkness"],"picked":"hexamod:Hexaguard","floor":6},{"not_picked":["hexamod:HeatMetal","hexamod:HauntingEcho"],"picked":"hexamod:TurnItUp","floor":10},{"not_picked":["hexamod:Hexaguard","hexamod:ShieldOfDarkness","hexamod:BurningTouch"],"picked":"SKIP","floor":10},{"not_picked":["hexamod:AdvancingGuard","hexamod:ChargedBarrage"],"picked":"hexamod:StepThrough","floor":11},{"not_picked":["hexamod:EtherealExpedition","hexamod:AdvancingGuard"],"picked":"hexamod:PhantomFireball","floor":11},{"not_picked":["hexamod:SwordOfDarkness","hexamod:SpectralAdrenaline"],"picked":"hexamod:EmpoweredFlame","floor":14},{"not_picked":["hexamod:GhostLash","hexamod:Incineration"],"picked":"hexamod:GhostOfSpirePast","floor":14},{"not_picked":["hexamod:NightmareGuise","hexamod:SecondSeal"],"picked":"hexamod:CatchUp","floor":15},{"not_picked":["hexamod:GhostLash","hexamod:PhantomCloak"],"picked":"hexamod:SearingWound","floor":15},{"not_picked":["hexamod:SearingWound","hexamod:HexaLevel"],"picked":"hexamod:TimeWarp","floor":16},{"not_picked":["hexamod:TimeWarp","hexamod:GhostOfSpirePresent"],"picked":"hexamod:FifthSeal","floor":16},{"not_picked":["hexamod:GhostShield","hexamod:Firestarter+1"],"picked":"hexamod:AdvancingGuard","floor":19},{"not_picked":["hexamod:SecondSeal","hexamod:ThirdSeal"],"picked":"hexamod:SixthSeal","floor":19},{"not_picked":["hexamod:ThermalTransfer","hexamod:FourthSeal"],"picked":"hexamod:GhostShield+1","floor":19},{"not_picked":["hexamod:SecondSeal","hexamod:FourthSeal"],"picked":"hexamod:SixthSeal","floor":20},{"not_picked":["hexamod:ThermalTransfer+1","hexamod:BurningTouch"],"picked":"hexamod:EtherealExpedition","floor":20},{"not_picked":["hexamod:GhostflameBarrier","hexamod:GhostShield"],"picked":"hexamod:RainOfEmbers","floor":20},{"not_picked":["hexamod:RainOfEmbers","hexamod:GhostOfSpireFuture"],"picked":"hexamod:RadiantFlame","floor":21},{"not_picked":["hexamod:Hexaguard","hexamod:NightmareStrike"],"picked":"hexamod:VolcanoVisage","floor":21},{"not_picked":["hexamod:ThermalTransfer","hexamod:ExtraCrispy"],"picked":"hexamod:FastForward","floor":22},{"not_picked":["hexamod:SpectersWail+1","hexamod:ExtraCrispy"],"picked":"hexamod:SpectralAdrenaline+1","floor":22},{"not_picked":["hexamod:ChargedBarrage","hexamod:StepThrough"],"picked":"hexamod:FastForward+1","floor":23},{"not_picked":["hexamod:BurningTouch","hexamod:SpectersWail+1","hexamod:InspiringFlames"],"picked":"SKIP","floor":23},{"not_picked":["hexamod:HauntingEcho","hexamod:NightmareStrike","hexamod:ThirdSeal"],"picked":"SKIP","floor":25},{"not_picked":["hexamod:Haunt","hexamod:ExtraCrispy"],"picked":"hexamod:ForkedFlame","floor":26},{"not_picked":["hexamod:BurningTouch","hexamod:SwordOfDarkness","hexamod:ThermalTransfer"],"picked":"SKIP","floor":27},{"not_picked":["hexamod:ThermalTransfer","hexamod:HeatCrush","hexamod:NightmareStrike"],"picked":"SKIP","floor":28},{"not_picked":["hexamod:NightmareStrike","hexamod:PhantomFireball"],"picked":"hexamod:RetreatToShadows","floor":31},{"not_picked":["hexamod:SpectersWail","hexamod:SecondSeal","hexamod:NightmareStrike"],"picked":"SKIP","floor":32},{"not_picked":["hexamod:WildfireWeapon","hexamod:ParanormalForm"],"picked":"hexamod:ForkedFlame","floor":33},{"not_picked":["hexamod:NightmareStrike","hexamod:HeatCrush+1"],"picked":"hexamod:EtherealExpedition+1","floor":36},{"not_picked":["hexamod:Firestarter+1","hexamod:GhostflameBarrier+1","hexamod:ShieldOfDarkness"],"picked":"SKIP","floor":37},{"not_picked":["hexamod:Hexaguard","hexamod:HeatCrush","hexamod:ShieldOfDarkness+1"],"picked":"SKIP","floor":38},{"not_picked":["hexamod:BacktrackSmack","hexamod:GhostShield"],"picked":"hexamod:AdvancingGuard+1","floor":40},{"not_picked":["hexamod:FourthSeal","hexamod:HauntingEcho","hexamod:HeatMetal"],"picked":"SKIP","floor":42},{"not_picked":["hexamod:SwordOfDarkness","hexamod:Firestarter","hexamod:ThermalTransfer+1"],"picked":"SKIP","floor":43},{"not_picked":["hexamod:BurningTouch","hexamod:SwordOfDarkness"],"picked":"hexamod:FastForward+1","floor":45},{"not_picked":["hexamod:ThermalTransfer+1","hexamod:BacktrackSmack","hexamod:NightmareStrike"],"picked":"SKIP","floor":49}],"player_experience":405334,"relics_obtained":[{"floor":7,"key":"Ancient Tea Set"},{"floor":14,"key":"Meat on the Bone"},{"floor":24,"key":"The Courier"},{"floor":27,"key":"Kunai"},{"floor":41,"key":"Omamori"},{"floor":43,"key":"hexamod:MatchstickCase"}],"event_choices":[{"damage_healed":15,"gold_gain":0,"player_choice":"Full Heal","damage_taken":0,"max_hp_gain":0,"max_hp_loss":0,"event_name":"Wheel of Change","floor":12,"gold_loss":0},{"damage_healed":30,"gold_gain":0,"player_choice":"Heal","damage_taken":0,"max_hp_gain":0,"max_hp_loss":0,"event_name":"The Library","floor":29,"gold_loss":0}],"is_beta":false,"boss_relics":[{"not_picked":["Philosopher\u0027s Stone","Fusion Hammer"],"picked":"hexamod:IceCube"},{"not_picked":["bronze:MakeshiftBattery","Tiny House"],"picked":"Empty Cage"}],"items_purged_floors":[40],"is_endless":false,"potions_floor_spawned":[3,6,10,11,14,15,21,27,28,31,32,33,37],"killed_by":"DF_ARCHETYPE_ORBS","ascension_level":0}}