{"host":"uj9w4ppfbvfw2v3t","time":1614448685,"event":{"mods":["AchievementEnabler","BaseMod","Colored Map","Colored Powertips","Keyboard Shortcuts","Minty Spire (QoL Compilation)","Quick Restart","Say the Spire","StSLib","SuperFastMode","The Cursed","Yuri Mod"],"gold_per_floor":[119,138,156,176,351,385,385,385,385],"floor_reached":8,"language":"KOR","playtime":704,"items_purged":[],"score":64,"play_id":"48af7463-04fb-4ae9-8791-9a6c8512b0fd","local_time":"20210228025805","is_ascension_mode":true,"campfire_choices":[],"circlet_count":0,"master_deck":["TheCursedMod:Strike_TheCursed","TheCursedMod:Strike_TheCursed","TheCursedMod:Strike_TheCursed","TheCursedMod:Strike_TheCursed","TheCursedMod:Defend_TheCursed","TheCursedMod:Defend_TheCursed","TheCursedMod:Defend_TheCursed","TheCursedMod:Defend_TheCursed","TheCursedMod:CursedWand","TheCursedMod:CleanUpWorkshop","TheCursedMod:Dregs","TheCursedMod:AntiAging","TheCursedMod:LuckyCharm","TheCursedMod:Wield","TheCursedMod:SpitefulStrike","TheCursedMod:SpitefulPray","Doubt","TheCursedMod:CircleOfFlame","Panacea"],"relics":["TheCursedMod:BlackMagic101","Vajra"],"acts_visited":["Exordium"],"potions_floor_usage":[8],"damage_taken":[{"damage":2,"enemies":"Cultist","floor":1,"turns":5},{"damage":8,"enemies":"Jaw Worm","floor":2,"turns":4},{"damage":10,"enemies":"2 Louse","floor":3,"turns":6},{"damage":15,"enemies":"Looter","floor":4,"turns":5},{"damage":33,"enemies":"3 Sentries","floor":6,"turns":11},{"damage":19,"enemies":"Gremlin Nob","floor":8,"turns":3}],"seed_played":"-5127328845404933268","potions_obtained":[{"floor":1,"key":"Strength Potion"},{"floor":3,"key":"GamblersBrew"}],"is_trial":false,"path_per_floor":["M","M","M","M","?","E","?","E"],"character_chosen":"THE_CURSED","items_purchased":[],"campfire_rested":0,"item_purchase_floors":[],"current_hp_per_floor":[75,67,59,44,44,13,13,0,0],"gold":385,"neow_bonus":"ONE_RANDOM_RARE_CARD","is_daily":false,"chose_seed":false,"campfire_upgraded":0,"win_rate":0.0,"timestamp":1614448685,"path_taken":["M","M","M","M","?","E","?","E"],"items_purchased_type":[],"build_version":"2020-12-22","purchased_purges":0,"victory":false,"max_hp_per_floor":[77,77,79,79,79,81,81,83,83],"card_choices":[{"not_picked":["TheCursedMod:PrepareRite","TheCursedMod:SmokeScreen"],"picked":"TheCursedMod:LuckyCharm","floor":1},{"not_picked":["TheCursedMod:CursedShiv","TheCursedMod:DoubleShield"],"picked":"TheCursedMod:Wield","floor":2},{"not_picked":["TheCursedMod:EmpowerCircles","TheCursedMod:TacticalStrike"],"picked":"TheCursedMod:SpitefulStrike","floor":3},{"not_picked":["TheCursedMod:CircleOfFlame","TheCursedMod:FleshFromBone"],"picked":"TheCursedMod:SpitefulPray","floor":4},{"not_picked":["TheCursedMod:SoulCrush","TheCursedMod:Stretching"],"picked":"TheCursedMod:CircleOfFlame","floor":6}],"player_experience":277608,"relics_obtained":[{"floor":6,"key":"Vajra"}],"event_choices":[{"damage_healed":0,"gold_gain":175,"player_choice":"AGREE","damage_taken":0,"max_hp_gain":0,"max_hp_loss":0,"event_name":"Liars Game","floor":5,"gold_loss":0,"cards_obtained":["Doubt"]},{"damage_healed":0,"gold_gain":0,"player_choice":"1 cards matched","damage_taken":0,"max_hp_gain":0,"max_hp_loss":0,"event_name":"Match and Keep!","floor":7,"gold_loss":0,"cards_obtained":["Panacea"]}],"is_beta":false,"boss_relics":[],"items_purged_floors":[],"is_endless":false,"potions_floor_spawned":[1,3],"killed_by":"Gremlin Nob","ascension_level":2}}