{"host":"w4b7hmige5bnqipq","time":1614455591,"event":{"mods":["2.2 Compatiblity","BaseMod","Colored Map","DeckTracker","Keyboard Shortcuts","Minty Spire (QoL Compilation)","Permanent Neow","Rare Cards Sparkle","SuperFastMode","everything is the same but u backflip on backflip","slay the spire mod where everything is the same but ironclad has a cowboy hat"],"gold_per_floor":[113,129,140,9,22,22,49,49,49,72,72,97,97,156,156,231,231,247,261,186,204,204,235,235,270,296,308,338,152,152,152],"floor_reached":30,"language":"KOR","playtime":895,"items_purged":["Strike_B"],"score":587,"play_id":"94820839-552a-4634-858c-78d1420bca29","local_time":"20210228035311","is_ascension_mode":true,"campfire_choices":[{"data":"White Noise","floor":6.0,"key":"SMITH"},{"floor":11.0,"key":"REST"},{"data":"Zap","floor":13.0,"key":"SMITH"},{"data":"Double Energy","floor":15.0,"key":"SMITH"},{"floor":24.0,"key":"RECALL"},{"floor":27.0,"key":"REST"}],"circlet_count":0,"master_deck":["AscendersBane","Defend_B","Defend_B","Defend_B","Defend_B","Zap+1","Dualcast","Thunder Strike+1","Auto Shields","Beam Cell+1","Genetic Algorithm","White Noise+1","Ball Lightning","Cold Snap","Hologram","Double Energy+1","Static Discharge+1","Reboot","Ghostly","Ghostly","Ghostly","Cold Snap+1","Rebound","Lockon","Capacitor+1","Amplify"],"relics":["Cracked Core","Art of War","Whetstone","Odd Mushroom","Singing Bowl","Frozen Egg 2","Fusion Hammer","Akabeko","Centennial Puzzle","MawBank"],"acts_visited":["Exordium","TheCity"],"potions_floor_usage":[30],"damage_taken":[{"damage":0.0,"enemies":"2 Louse","floor":1.0,"turns":2.0},{"damage":7.0,"enemies":"Small Slimes","floor":2.0,"turns":3.0},{"damage":1.0,"enemies":"Jaw Worm","floor":3.0,"turns":4.0},{"damage":0.0,"enemies":"Large Slime","floor":5.0,"turns":4.0},{"damage":8.0,"enemies":"Lagavulin","floor":7.0,"turns":6.0},{"damage":20.0,"enemies":"The Mushroom Lair","floor":10.0,"turns":5.0},{"damage":6.0,"enemies":"Gremlin Nob","floor":12.0,"turns":3.0},{"damage":8.0,"enemies":"Lagavulin Event","floor":14.0,"turns":5.0},{"damage":25.0,"enemies":"Slime Boss","floor":16.0,"turns":7.0},{"damage":7.0,"enemies":"Spheric Guardian","floor":18.0,"turns":4.0},{"damage":24.0,"enemies":"2 Thieves","floor":19.0,"turns":4.0},{"damage":6.0,"enemies":"3 Cultists","floor":21.0,"turns":4.0},{"damage":0.0,"enemies":"Gremlin Leader","floor":23.0,"turns":6.0},{"damage":15.0,"enemies":"Book of Stabbing","floor":25.0,"turns":5.0},{"damage":3.0,"enemies":"Snake Plant","floor":28.0,"turns":2.0},{"damage":15,"enemies":"Gremlin Leader","floor":30,"turns":7}],"seed_played":"1892114625981056650","potions_obtained":[{"floor":1.0,"key":"PowerPotion"},{"floor":3.0,"key":"LiquidMemories"},{"floor":10.0,"key":"EssenceOfDarkness"},{"floor":19.0,"key":"Strength Potion"},{"floor":23.0,"key":"DuplicationPotion"},{"floor":28.0,"key":"ColorlessPotion"}],"is_trial":false,"path_per_floor":["M","M","M","$","M","R","E","?","T","?","R","E","R","?","R","B",null,"M","M","?","M","?","E","R","E","T","R","M","$","E"],"character_chosen":"DEFECT","items_purchased":["Ball Lightning","Capacitor+1","Amplify"],"campfire_rested":2,"item_purchase_floors":[4,29,29],"current_hp_per_floor":[64,57,56,56,56,56,48,48,48,28,47,43,43,35,35,10,52,47,25,25,21,21,21,21,6,6,16,13,13,0,0],"gold":152,"neow_bonus":"TRANSFORM_TWO_CARDS","is_daily":false,"chose_seed":false,"campfire_upgraded":3,"win_rate":0.0,"timestamp":1614455591,"path_taken":["M","M","M","$","M","R","E","?","T","?","R","E","R","?","R","BOSS","M","M","?","M","?","E","R","E","T","R","M","$","E"],"items_purchased_type":["Card","Card","Card"],"build_version":"2020-12-22","purchased_purges":1,"victory":false,"max_hp_per_floor":[64,64,64,64,64,64,64,64,64,64,64,66,66,66,66,66,66,68,70,70,72,36,36,36,36,36,36,36,36,36,36],"card_choices":[{"not_picked":["Steam Power","Barrage"],"picked":"Beam Cell","floor":1.0},{"not_picked":["Heatsinks","Streamline"],"picked":"Genetic Algorithm","floor":2.0},{"not_picked":["Go for the Eyes","Gash"],"picked":"White Noise","floor":3.0},{"not_picked":["Go for the Eyes","Sweeping Beam"],"picked":"Cold Snap","floor":5.0},{"not_picked":["Auto Shields","Thunder Strike"],"picked":"Hologram","floor":7.0},{"not_picked":["Conserve Battery","Gash"],"picked":"Double Energy","floor":10.0},{"not_picked":["Compile Driver","Ball Lightning","Static Discharge"],"picked":"Singing Bowl","floor":12.0},{"not_picked":["Sweeping Beam","Steam"],"picked":"Static Discharge+1","floor":14.0},{"not_picked":["Multi-Cast","Rainbow"],"picked":"Reboot","floor":16.0},{"not_picked":["Steam","White Noise","Barrage"],"picked":"Singing Bowl","floor":18.0},{"not_picked":["Leap","Go for the Eyes","Streamline"],"picked":"Singing Bowl","floor":19.0},{"not_picked":["Hologram","Turbo","Aggregate"],"picked":"Singing Bowl","floor":21.0},{"not_picked":["Coolheaded","Rainbow"],"picked":"Cold Snap+1","floor":23.0},{"not_picked":["Doom and Gloom","Sweeping Beam"],"picked":"Rebound","floor":25.0},{"not_picked":["Stack","Hologram"],"picked":"Lockon","floor":28.0}],"player_experience":802034,"relics_obtained":[{"floor":7.0,"key":"Art of War"},{"floor":9.0,"key":"Whetstone"},{"floor":10.0,"key":"Odd Mushroom"},{"floor":12.0,"key":"Singing Bowl"},{"floor":14.0,"key":"Frozen Egg 2"},{"floor":23.0,"key":"Akabeko"},{"floor":25.0,"key":"Centennial Puzzle"},{"floor":26.0,"key":"MawBank"}],"event_choices":[{"damage_healed":0.0,"max_hp_gain":0.0,"max_hp_loss":0.0,"gold_gain":0.0,"event_name":"The Cleric","player_choice":"Leave","floor":8.0,"gold_loss":0.0,"damage_taken":0.0},{"damage_healed":0.0,"max_hp_gain":0.0,"max_hp_loss":0.0,"gold_gain":0.0,"event_name":"Mushrooms","player_choice":"Fought Mushrooms","floor":10.0,"gold_loss":0.0,"damage_taken":0.0},{"damage_healed":0.0,"max_hp_gain":0.0,"max_hp_loss":0.0,"gold_gain":30.0,"event_name":"Dead Adventurer","player_choice":"Searched \u00272\u0027 times","floor":14.0,"gold_loss":0.0,"damage_taken":0.0},{"cards_removed":["Strike_B"],"damage_healed":0.0,"max_hp_gain":0.0,"max_hp_loss":0.0,"gold_gain":0.0,"event_name":"Beggar","player_choice":"Gave Gold","floor":20.0,"gold_loss":75.0,"damage_taken":0.0},{"damage_healed":0.0,"max_hp_gain":0.0,"max_hp_loss":36.0,"gold_gain":0.0,"event_name":"Ghosts","player_choice":"Became a Ghost","floor":22.0,"gold_loss":0.0,"damage_taken":0.0,"cards_obtained":["Ghostly","Ghostly","Ghostly"]}],"is_beta":false,"boss_relics":[{"not_picked":["FrozenCore","Pandora\u0027s Box"],"picked":"Fusion Hammer"}],"items_purged_floors":[4],"is_endless":false,"potions_floor_spawned":[1,3,10,19,23,28],"killed_by":"Gremlin Leader","ascension_level":19}}