{"host":"7hek758ba7rrttw2","time":1614420504,"event":{"mods":["BaseMod","Minty Spire (QoL Compilation)","Weighted Paths"],"gold_per_floor":[115,132,143,153,153,194,194,227,227,251,251,275,275,306,306,429,429,452,466,381,381,381],"floor_reached":21,"language":"ENG","playtime":4422,"items_purged":[],"score":283,"play_id":"91178067-e8dd-4e99-b0b1-1598b3caba2d","local_time":"20210227110824","is_ascension_mode":true,"campfire_choices":[{"data":"LessonLearned","floor":7.0,"key":"SMITH"},{"data":"Eruption","floor":11.0,"key":"SMITH"},{"floor":13.0,"key":"REST"},{"floor":15.0,"key":"REST"}],"circlet_count":0,"master_deck":["Strike_P","Strike_P+1","Strike_P","Strike_P","Defend_P+1","Defend_P","Defend_P","Defend_P+1","Eruption+1","Vigilance","FlyingSleeves","WaveOfTheHand+1","Wallop","LessonLearned+1","Study","ClearTheMind+1","Consecrate","Halt","DevaForm","ConjureBlade","Halt+1","Crescendo"],"relics":["PureWater","NeowsBlessing","Golden Idol","HornCleat","Bronze Scales","MealTicket","Mummified Hand","SlaversCollar","StrikeDummy"],"acts_visited":["Exordium","TheCity"],"potions_floor_usage":[19,21],"damage_taken":[{"damage":0.0,"enemies":"Small Slimes","floor":1.0,"turns":1.0},{"damage":0.0,"enemies":"Jaw Worm","floor":2.0,"turns":1.0},{"damage":0.0,"enemies":"Cultist","floor":3.0,"turns":1.0},{"damage":2.0,"enemies":"Looter","floor":4.0,"turns":2.0},{"damage":0.0,"enemies":"Gremlin Nob","floor":6.0,"turns":2.0},{"damage":31.0,"enemies":"Lagavulin","floor":8.0,"turns":12.0},{"damage":0.0,"enemies":"Large Slime","floor":10.0,"turns":4.0},{"damage":13.0,"enemies":"Red Slaver","floor":12.0,"turns":7.0},{"damage":20.0,"enemies":"Gremlin Nob","floor":14.0,"turns":4.0},{"damage":39.0,"enemies":"Hexaghost","floor":16.0,"turns":14.0},{"damage":50,"enemies":"Spheric Guardian","floor":18,"turns":7},{"damage":0,"enemies":"3 Byrds","floor":19,"turns":3},{"damage":10,"enemies":"Snake Plant","floor":21,"turns":1}],"seed_played":"7995636099862294182","potions_obtained":[{"floor":2.0,"key":"StancePotion"},{"floor":3.0,"key":"Strength Potion"},{"floor":4.0,"key":"SkillPotion"},{"floor":6.0,"key":"FairyPotion"},{"floor":12.0,"key":"Weak Potion"},{"floor":16.0,"key":"CultistPotion"},{"floor":19,"key":"Ambrosia"}],"is_trial":false,"path_per_floor":["M","M","M","M","?","E","R","E","T","M","R","M","R","E","R","B",null,"M","M","?","M"],"character_chosen":"WATCHER","items_purchased":[],"campfire_rested":2,"item_purchase_floors":[],"current_hp_per_floor":[72,72,72,70,52,52,52,21,21,21,21,8,29,9,30,21,59,9,9,9,0,0],"gold":381,"neow_bonus":"THREE_ENEMY_KILL","is_daily":false,"chose_seed":false,"campfire_upgraded":2,"win_rate":0.0,"timestamp":1614420504,"path_taken":["M","M","M","M","?","E","R","E","T","M","R","M","R","E","R","BOSS","M","M","?","M"],"items_purchased_type":[],"build_version":"2020-12-22","purchased_purges":0,"victory":false,"max_hp_per_floor":[72,72,72,72,72,72,72,72,72,72,72,72,72,72,72,72,72,72,72,72,72,72],"card_choices":[{"not_picked":["JustLucky","PathToVictory"],"picked":"FlyingSleeves","floor":1.0},{"not_picked":["Nirvana","ThirdEye"],"picked":"WaveOfTheHand","floor":2.0},{"not_picked":["FlurryOfBlows","CrushJoints"],"picked":"Wallop","floor":3.0},{"not_picked":["Collect","CutThroughFate"],"picked":"LessonLearned","floor":4.0},{"not_picked":["Consecrate","Weave"],"picked":"Study","floor":6.0},{"not_picked":["Wireheading","CarveReality"],"picked":"ClearTheMind","floor":8.0},{"not_picked":["CutThroughFate","Vengeance"],"picked":"Consecrate","floor":10.0},{"not_picked":["CrushJoints","BowlingBash"],"picked":"Halt","floor":12.0},{"not_picked":["JustLucky","Wireheading"],"picked":"DevaForm","floor":14.0},{"not_picked":["SpiritShield","Brilliance"],"picked":"ConjureBlade","floor":16.0},{"not_picked":["JustLucky","FollowUp"],"picked":"Halt+1","floor":18},{"not_picked":["Adaptation","SandsOfTime"],"picked":"Crescendo","floor":19}],"player_experience":391957,"relics_obtained":[{"floor":6.0,"key":"HornCleat"},{"floor":8.0,"key":"Bronze Scales"},{"floor":9.0,"key":"MealTicket"},{"floor":14.0,"key":"Mummified Hand"}],"event_choices":[{"damage_healed":0.0,"max_hp_gain":0.0,"max_hp_loss":0.0,"gold_gain":0.0,"event_name":"Golden Idol","player_choice":"Take Damage","floor":5.0,"gold_loss":0.0,"damage_taken":18.0,"relics_obtained":["Golden Idol"]},{"damage_healed":0,"gold_gain":0,"player_choice":"Obtained Relic","damage_taken":0,"relics_obtained":["StrikeDummy"],"max_hp_gain":0,"max_hp_loss":0,"event_name":"Addict","floor":20,"gold_loss":85}],"is_beta":false,"boss_relics":[{"not_picked":["Cursed Key","Philosopher\u0027s Stone"],"picked":"SlaversCollar"}],"items_purged_floors":[],"is_endless":false,"potions_floor_spawned":[2,3,4,6,12,16,19],"killed_by":"Snake Plant","ascension_level":5}}