{"host":"qfskrnw3pl1q86j0","time":1614432976,"event":{"mods":["BaseMod","Block Reminder","Hermit","Marisa????????","Minty Spire (QoL Compilation)","Quick Restart","Random Character Button","Relic Stats","StSLib","The Poker Player","slay the spire mod where everything is the same but ironclad has a cowboy hat"],"gold_per_floor":[114,33,33,33,33,33,68,68,115,130,130,158,158,12,12,117,117,130,150,166,24,24,24,44,44,70,70,81,66,25,50,50,164,164,174,174,187,198,50,50,61,61,61,21,33,33,46,56,56,56,56],"floor_reached":50,"language":"ENG","playtime":1530,"items_purged":["Strike_P"],"score":600,"play_id":"15680592-6bbb-4954-8062-e7e08e917ce7","local_time":"20210227143616","is_ascension_mode":false,"campfire_choices":[{"data":"Eruption","floor":6,"key":"SMITH"},{"data":"EmptyFist","floor":8,"key":"SMITH"},{"data":"Meditate","floor":11,"key":"SMITH"},{"data":"EmptyFist","floor":13,"key":"SMITH"},{"data":"Devotion","floor":15,"key":"SMITH"},{"data":"Devotion","floor":23,"key":"SMITH"},{"data":"Worship","floor":25,"key":"SMITH"},{"data":"Brilliance","floor":27,"key":"SMITH"},{"data":"Flash of Steel","floor":32,"key":"SMITH"},{"data":"Brilliance","floor":40,"key":"SMITH"},{"data":"EmptyBody","floor":46,"key":"SMITH"},{"data":"Protect","floor":49,"key":"SMITH"}],"circlet_count":0,"master_deck":["Strike_P","Strike_P","Defend_P","Defend_P","Defend_P","Defend_P+1","Eruption+1","Vigilance+1","EmptyFist+1","Flash of Steel+1","Meditate+1","EmptyFist+1","Devotion+1","Brilliance+1","FlurryOfBlows","Worship+1","Devotion+1","Protect+1","EmptyBody+1","Evaluate+1","Brilliance+1"],"relics":["PureWater","Shovel","Blue Candle","Orichalcum","Pen Nib","War Paint","Coffee Dripper","Nloth\u0027s Gift","CeramicFish","Philosopher\u0027s Stone","Damaru","Toy Ornithopter"],"acts_visited":["Exordium","TheCity","TheBeyond"],"potions_floor_usage":[31,45,50,50],"damage_taken":[{"damage":2,"enemies":"2 Louse","floor":1,"turns":4},{"damage":18,"enemies":"Lagavulin","floor":7,"turns":5},{"damage":6,"enemies":"Jaw Worm","floor":10,"turns":3},{"damage":0,"enemies":"Gremlin Nob","floor":12,"turns":2},{"damage":0,"enemies":"Slime Boss","floor":16,"turns":5},{"damage":12,"enemies":"2 Thieves","floor":18,"turns":2},{"damage":0,"enemies":"Chosen","floor":19,"turns":3},{"damage":8,"enemies":"Shelled Parasite and Fungi","floor":20,"turns":4},{"damage":4,"enemies":"Cultist and Chosen","floor":24,"turns":4},{"damage":13,"enemies":"Snake Plant","floor":28,"turns":2},{"damage":0,"enemies":"3 Cultists","floor":31,"turns":4},{"damage":0,"enemies":"Champ","floor":33,"turns":7},{"damage":3,"enemies":"Orb Walker","floor":35,"turns":4},{"damage":13,"enemies":"3 Darklings","floor":37,"turns":3},{"damage":7,"enemies":"4 Shapes","floor":38,"turns":5},{"damage":25,"enemies":"Transient","floor":41,"turns":5},{"damage":0,"enemies":"3 Darklings","floor":45,"turns":3},{"damage":13,"enemies":"Maw","floor":47,"turns":4},{"damage":0,"enemies":"Jaw Worm Horde","floor":48,"turns":5},{"damage":33,"enemies":"Awakened One","floor":50,"turns":6}],"seed_played":"2143210196492492954","potions_obtained":[{"floor":7,"key":"Explosive Potion"},{"floor":16,"key":"FearPotion"},{"floor":20,"key":"DuplicationPotion"},{"floor":36,"key":"CultistPotion"},{"floor":44,"key":"DistilledChaos"}],"is_trial":false,"path_per_floor":["M","$","?","T","?","R","E","R","T","M","R","E","R","$","R","B",null,"M","M","M","$","?","R","M","R","T","R","M","$","$","M","R","B",null,"M","?","M","M","$","R","M","$","T","?","M","R","M","M","R","B"],"character_chosen":"WATCHER","items_purchased":["Flash of Steel","War Paint","Devotion","Protect","EmptyBody","Damaru"],"campfire_rested":0,"item_purchase_floors":[2,14,21,29,30,39],"current_hp_per_floor":[63,63,63,63,56,56,38,38,38,32,32,42,42,42,42,42,75,63,63,55,55,55,55,51,51,51,51,38,38,38,38,38,38,75,72,72,59,52,52,52,27,27,27,27,32,32,19,19,19,0,0],"gold":56,"neow_bonus":"ONE_RARE_RELIC","is_daily":false,"chose_seed":false,"campfire_upgraded":12,"win_rate":0.0,"timestamp":1614432976,"path_taken":["M","$","?","?","?","R","E","R","T","M","R","E","R","?","R","BOSS","M","M","M","$","?","R","M","R","T","R","?","?","$","M","R","BOSS","M","?","M","?","?","R","M","$","T","?","?","R","M","M","R","BOSS"],"items_purchased_type":["Card","Relic","Card","Card","Card","Relic"],"build_version":"2020-12-22","purchased_purges":1,"victory":false,"max_hp_per_floor":[65,65,65,65,65,65,65,65,65,65,65,75,75,75,75,75,75,75,75,75,75,75,75,75,75,75,75,75,75,75,75,75,75,75,75,75,75,75,75,75,75,75,75,75,75,75,75,75,75,75,75],"relic_stats":{"Shovel":0,"counters":[20,80],"Blue Candle":[0],"CeramicFish":36,"Pen Nib":[20],"Nloth\u0027s Gift":0,"Orichalcum":[84],"War Paint":["Vigilance","Defend_P"],"obtain_stats":[{"Pear":12,"Blue Candle":4,"CeramicFish":26,"Damaru":39,"Pen Nib":9,"Orichalcum":7,"War Paint":14,"Shovel":0,"Philosopher\u0027s Stone":34,"Coffee Dripper":17,"Nloth\u0027s Gift":22,"PureWater":0,"Toy Ornithopter":43},{"Pear":4,"Blue Candle":1,"CeramicFish":9,"Damaru":15,"Pen Nib":2,"Orichalcum":2,"War Paint":4,"Shovel":0,"Philosopher\u0027s Stone":12,"Coffee Dripper":5,"Nloth\u0027s Gift":8,"PureWater":0,"Toy Ornithopter":16},{"Pear":14,"Blue Candle":4,"CeramicFish":32,"Damaru":57,"Pen Nib":9,"Orichalcum":9,"War Paint":14,"Shovel":0,"Philosopher\u0027s Stone":45,"Coffee Dripper":19,"Nloth\u0027s Gift":28,"PureWater":0,"Toy Ornithopter":62}],"Toy Ornithopter":15},"card_choices":[{"not_picked":["Consecrate","FollowUp"],"picked":"EmptyFist","floor":1},{"not_picked":["Vengeance","SashWhip"],"picked":"Meditate","floor":7},{"not_picked":["CarveReality","Protect"],"picked":"EmptyFist","floor":10},{"not_picked":["Weave","Study"],"picked":"Devotion","floor":12},{"not_picked":["Blasphemy","Vault"],"picked":"Brilliance","floor":16},{"not_picked":["Protect+1","PathToVictory"],"picked":"FlurryOfBlows","floor":18},{"not_picked":["Consecrate","WindmillStrike"],"picked":"Worship","floor":19},{"not_picked":["Halt","PathToVictory","Protect"],"picked":"SKIP","floor":20},{"not_picked":["CrushJoints","ClearTheMind","MasterReality"],"picked":"SKIP","floor":24},{"not_picked":["Pray","Worship","WaveOfTheHand"],"picked":"SKIP","floor":28},{"not_picked":["EmptyBody+1","ClearTheMind"],"picked":"Evaluate+1","floor":31},{"not_picked":["DevaForm","DeusExMachina"],"picked":"Brilliance","floor":33},{"not_picked":["Protect","ClearTheMind+1","JustLucky"],"picked":"SKIP","floor":35},{"not_picked":["CrushJoints+1","Wallop","Evaluate+1"],"picked":"SKIP","floor":37},{"not_picked":["Halt+1","WindmillStrike+1","EmptyFist"],"picked":"SKIP","floor":38},{"not_picked":["EmptyFist+1","LikeWater","Prostrate"],"picked":"SKIP","floor":41},{"not_picked":["JustLucky","ThirdEye+1","SignatureMove"],"picked":"SKIP","floor":45},{"not_picked":["BowlingBash","FollowUp+1","FlurryOfBlows+1"],"picked":"SKIP","floor":47},{"not_picked":["DeceiveReality+1","Fasting2+1","Crescendo"],"picked":"SKIP","floor":48}],"player_experience":1122171,"relics_obtained":[{"floor":4,"key":"Blue Candle"},{"floor":7,"key":"Orichalcum"},{"floor":9,"key":"Pen Nib"},{"floor":12,"key":"Pear"},{"floor":26,"key":"CeramicFish"},{"floor":43,"key":"Toy Ornithopter"}],"event_choices":[{"damage_healed":0,"gold_gain":0,"player_choice":"Ignored","damage_taken":0,"max_hp_gain":0,"max_hp_loss":0,"event_name":"Liars Game","floor":3,"gold_loss":0},{"cards_removed":["Strike_P"],"damage_healed":0,"gold_gain":0,"player_choice":"Card Removal","damage_taken":7,"max_hp_gain":0,"max_hp_loss":0,"event_name":"Golden Wing","floor":5,"gold_loss":0},{"damage_healed":0,"gold_gain":0,"player_choice":"Traded Relic","damage_taken":0,"relics_obtained":["Nloth\u0027s Gift"],"max_hp_gain":0,"max_hp_loss":0,"event_name":"N\u0027loth","floor":22,"relics_lost":["Pear"],"gold_loss":0},{"damage_healed":0,"gold_gain":0,"player_choice":"Got Potions","damage_taken":0,"max_hp_gain":0,"max_hp_loss":0,"event_name":"Lab","floor":36,"gold_loss":0},{"damage_healed":0,"gold_gain":0,"player_choice":"Bought 3 Potions","damage_taken":0,"max_hp_gain":0,"max_hp_loss":0,"event_name":"The Woman in Blue","floor":44,"gold_loss":0}],"is_beta":false,"boss_relics":[{"not_picked":["Snecko Eye","Ectoplasm"],"picked":"Coffee Dripper"},{"not_picked":["Cursed Key","VioletLotus"],"picked":"Philosopher\u0027s Stone"}],"items_purged_floors":[21],"is_endless":false,"potions_floor_spawned":[7,16,20,28,37,38,41],"killed_by":"Awakened One","ascension_level":0}}