{"host":"t5vp0whyqzs05fb6","time":1614432256,"event":{"mods":["AchievementEnabler","BaseMod","Colored Map","Minty Spire (QoL Compilation)","Rare Cards Sparkle","SuperFastMode","everything is the same but u backflip on backflip"],"gold_per_floor":[109,129,141,156,176,176,191,191,191,210,243,263,280,25,25,126,126,140,157,175,204,204,204,222,233,259,259,259],"floor_reached":27,"language":"KOR","playtime":691,"items_purged":[],"score":275,"play_id":"caee37e6-2842-4e1c-8ae1-9d8880643949","local_time":"20210227222416","is_ascension_mode":false,"campfire_choices":[{"data":"Eruption","floor":6.0,"key":"SMITH"},{"floor":8.0,"key":"REST"},{"floor":15,"key":"REST"}],"circlet_count":0,"master_deck":["Strike_P","Strike_P","Strike_P","Strike_P","Defend_P","Defend_P","Defend_P","Defend_P","Eruption+1","Vigilance","FearNoEvil","FlurryOfBlows","ClearTheMind","FlurryOfBlows","Wallop","FlyingSleeves","FlurryOfBlows","FlurryOfBlows+1"],"relics":["PureWater","NeowsBlessing","Pantograph","Boot","Singing Bowl","Runic Pyramid","Red Mask","Pear","Smiling Mask"],"acts_visited":["Exordium","TheCity"],"potions_floor_usage":[13,13,22],"damage_taken":[{"damage":0.0,"enemies":"Cultist","floor":1.0,"turns":1.0},{"damage":0.0,"enemies":"Jaw Worm","floor":2.0,"turns":1.0},{"damage":0.0,"enemies":"Small Slimes","floor":3.0,"turns":1.0},{"damage":31.0,"enemies":"Gremlin Gang","floor":4.0,"turns":5.0},{"damage":4.0,"enemies":"3 Louse","floor":5.0,"turns":5.0},{"damage":5.0,"enemies":"Lots of Slimes","floor":7.0,"turns":4.0},{"damage":8.0,"enemies":"Exordium Wildlife","floor":10.0,"turns":4.0},{"damage":21,"enemies":"Lagavulin","floor":11,"turns":5},{"damage":8,"enemies":"3 Louse","floor":12,"turns":2},{"damage":0,"enemies":"Large Slime","floor":13,"turns":3},{"damage":57,"enemies":"Hexaghost","floor":16,"turns":11},{"damage":17,"enemies":"Shell Parasite","floor":18,"turns":5},{"damage":16,"enemies":"Spheric Guardian","floor":19,"turns":4},{"damage":12,"enemies":"Centurion and Healer","floor":20,"turns":6},{"damage":2,"enemies":"Masked Bandits","floor":21,"turns":3},{"damage":5,"enemies":"Snake Plant","floor":22,"turns":2},{"damage":10,"enemies":"Shelled Parasite and Fungi","floor":24,"turns":5},{"damage":7,"enemies":"3 Cultists","floor":25,"turns":5},{"damage":26,"enemies":"Snake Plant","floor":27,"turns":2}],"seed_played":"-6417062513827973140","potions_obtained":[{"floor":2.0,"key":"SmokeBomb"},{"floor":3.0,"key":"SneckoOil"},{"floor":5.0,"key":"BottledMiracle"},{"floor":12,"key":"BlessingOfTheForge"},{"floor":18,"key":"DuplicationPotion"},{"floor":19,"key":"SteroidPotion"}],"is_trial":false,"path_per_floor":["M","M","M","M","M","R","M","R","T","M","E","M","M","$","R","B",null,"M","M","M","?","M","?","M","M","T","M"],"character_chosen":"WATCHER","items_purchased":["Singing Bowl"],"campfire_rested":2,"item_purchase_floors":[14],"current_hp_per_floor":[72,72,72,41,37,37,32,53,53,45,24,16,16,16,37,7,74,59,43,33,31,26,36,28,23,23,0,0],"gold":259,"neow_bonus":"THREE_ENEMY_KILL","is_daily":false,"chose_seed":false,"campfire_upgraded":1,"win_rate":0.0,"timestamp":1614432256,"path_taken":["M","M","M","M","M","R","M","R","T","M","E","?","M","$","R","BOSS","M","M","M","?","M","?","?","M","T","M"],"items_purchased_type":["Relic"],"build_version":"2020-12-22","purchased_purges":0,"victory":false,"max_hp_per_floor":[72,72,72,72,72,72,72,72,72,72,72,72,72,72,72,74,74,76,76,78,78,78,88,90,92,92,92,92],"card_choices":[{"not_picked":["JustLucky","FollowUp","Meditate"],"picked":"SKIP","floor":1.0},{"not_picked":["WheelKick","FollowUp"],"picked":"FearNoEvil","floor":2.0},{"not_picked":["LikeWater","Swivel","Consecrate"],"picked":"SKIP","floor":3.0},{"not_picked":["PathToVictory","CutThroughFate"],"picked":"FlurryOfBlows","floor":4.0},{"not_picked":["Consecrate","EmptyFist"],"picked":"ClearTheMind","floor":5.0},{"not_picked":["ThirdEye","Nirvana"],"picked":"FlurryOfBlows","floor":7.0},{"not_picked":["Sanctity","BowlingBash","CutThroughFate"],"picked":"SKIP","floor":10},{"not_picked":["DevaForm","WreathOfFlame"],"picked":"Wallop","floor":11},{"not_picked":["Evaluate","Crescendo"],"picked":"FlyingSleeves","floor":12},{"not_picked":["JustLucky","Prostrate","FlyingSleeves"],"picked":"SKIP","floor":13},{"not_picked":["MasterReality","ConjureBlade","Brilliance"],"picked":"Singing Bowl","floor":16},{"not_picked":["EmptyFist","Perseverance","Evaluate"],"picked":"Singing Bowl","floor":18},{"not_picked":["Evaluate","EmptyBody"],"picked":"FlurryOfBlows","floor":19},{"not_picked":["BowlingBash","ClearTheMind","CrushJoints"],"picked":"Singing Bowl","floor":20},{"not_picked":["Indignation","JustLucky"],"picked":"FlurryOfBlows+1","floor":21},{"not_picked":["ClearTheMind+1","ThirdEye","LikeWater"],"picked":"Singing Bowl","floor":24},{"not_picked":["WheelKick","DeceiveReality","Tantrum"],"picked":"Singing Bowl","floor":25}],"player_experience":254287,"relics_obtained":[{"floor":9.0,"key":"Pantograph"},{"floor":11,"key":"Boot"},{"floor":21,"key":"Red Mask"},{"floor":23,"key":"Pear"},{"floor":26,"key":"Smiling Mask"}],"event_choices":[{"damage_healed":0,"gold_gain":0,"player_choice":"Fought Bandits","damage_taken":0,"max_hp_gain":0,"max_hp_loss":0,"event_name":"Masked Bandits","floor":21,"gold_loss":0},{"damage_healed":0,"gold_gain":0,"player_choice":"Relic","damage_taken":0,"max_hp_gain":0,"max_hp_loss":0,"event_name":"Wheel of Change","floor":23,"gold_loss":0}],"is_beta":false,"boss_relics":[{"not_picked":["Philosopher\u0027s Stone","Pandora\u0027s Box"],"picked":"Runic Pyramid"}],"items_purged_floors":[],"is_endless":false,"potions_floor_spawned":[2,3,5,7,12,18,19,20],"killed_by":"Snake Plant","ascension_level":0}}