{"host":"9oysz4knkucnjyyz","time":1614395030,"event":{"mods":["100% Spire Juice","2.2 Compatiblity","A Penny For Your Troubles","Act Like it!","BaseMod","Better Altar","Better Match","Better Note","Better Sensory Stone","Better Skull","Better Third Choice","BetterRewards","Displayed Cursed Tome","Downfall","Friendly Minions","Googly Eyes","GungeonMod","Hallownest","Hermit","Library of Ruina","Library of Ruina Extra","Lobotomy","LobotomyExtend","Minty Spire (QoL Compilation)","Reliquary","Spicy Shops","Spire Arcade","Spire Birthday Party","StSLib","The Bug Knight","Wide Potions","everything is the same but u backflip on backflip","slay the spire mod where everything is the same but ironclad has a cowboy hat"],"gold_per_floor":[120,120,139,139,152,152,165,193,217,217,234,260,278,247,247,346,346,359,239,255,255,255,255,255,290,290,290,306,325,336,351,370,370,370,370,370],"floor_reached":35,"language":"ENG","playtime":1221,"items_purged":[],"score":503,"play_id":"413519b5-583d-4a92-8d5a-dc5662d757de","local_time":"20210226220350","is_ascension_mode":true,"campfire_choices":[{"data":"SuanNi","floor":6,"key":"SMITH"},{"data":"FlamingDragonFist","floor":10,"key":"SMITH"},{"floor":15,"key":"REST"},{"data":"RagingStormLove","floor":23,"key":"SMITH"},{"data":"FrontalAssault","floor":24,"key":"SMITH"},{"data":"SuanNi","floor":27,"key":"SMITH"},{"floor":33,"key":"REST"}],"circlet_count":0,"master_deck":["Dodge","LightDefense","LightAttack","LightAttack","LightAttack","LightDefense","LightDefense","LightDefense","ChargeAndCover","FocusedStrikes","FlamingDragonFist+1","SuanNi+1","BurningFlash","HardRehearsal","SilentMist","FrontalAssault+1","Observe","TendonChords","RagingStormLove+1","SuanNi+1","RulesOfTheBackstreets","WillBeTasty","FrontalAssault+1","TendonChords+1","JiaoTu+1"],"relics":["PageOfLibrarian","Membership Card","PageOfPunishingBird","Letter Opener","LetterFromLob","WingedGreaves","Strawberry","DemoMod:JetPack","reliquary:Craggleroot","PageOfNosferatu","Prayer Wheel"],"acts_visited":["Exordium","TheCity","TheCity"],"potions_floor_usage":[11,16,16,20,25,34,34,34],"damage_taken":[{"damage":9,"enemies":"2 Louse","floor":1,"turns":3},{"damage":0,"enemies":"Jaw Worm","floor":3,"turns":3},{"damage":0,"enemies":"Cultist","floor":5,"turns":2},{"damage":0,"enemies":"Exordium Wildlife","floor":7,"turns":2},{"damage":0,"enemies":"HollowMod:MossKnight","floor":8,"turns":4},{"damage":2,"enemies":"Lots of Slimes","floor":11,"turns":3},{"damage":14,"enemies":"3 Sentries","floor":12,"turns":6},{"damage":6,"enemies":"Gremlin Gang","floor":13,"turns":2},{"damage":30,"enemies":"Slime Boss","floor":16,"turns":10},{"damage":28,"enemies":"2 Thieves","floor":18,"turns":5},{"damage":7,"enemies":"3 Byrds","floor":20,"turns":2},{"damage":22,"enemies":"Slavers","floor":25,"turns":4},{"damage":15,"enemies":"DemoMod:Red_and_blue_shotgun_kin","floor":28,"turns":2},{"damage":9,"enemies":"DemoMod:Veteran_shot_gun_kin_and_bullet_kin","floor":29,"turns":1},{"damage":23,"enemies":"DemoMod:Veteran_shot_gun_kin_and_blue_shotgun_kin_with_gunsinger","floor":30,"turns":3},{"damage":10,"enemies":"DemoMod:Veteran_shot_gun_kin_and_blue_shotgun_kin","floor":31,"turns":2},{"damage":10,"enemies":"DemoMod:Veteran_shot_gun_kin_and_red_shotgun_kin_with_gunsinger","floor":32,"turns":1},{"damage":9,"enemies":"DemoMod:ResourcefulRat","floor":35,"turns":1}],"seed_played":"-1348586585775585394","potions_obtained":[{"floor":7,"key":"Strength Potion"},{"floor":8,"key":"AttackPotion"},{"floor":11,"key":"DuplicationPotion"},{"floor":12,"key":"Swift Potion"},{"floor":20,"key":"Fire Potion"},{"floor":25,"key":"Dexterity Potion"},{"floor":30,"key":"PowerPotion"},{"floor":31,"key":"hexamod:SoulburnPotion"}],"is_trial":false,"path_per_floor":["M","?","M","M","M","R","M","E","T","R","M","E","M","?","R","B",null,"M","$","M","?","?","R","R","E","T","R","M","M","M","M","M","R","B","B"],"character_chosen":"Librarian","items_purchased":["Membership Card","DemoMod:GnawedKey","PageOfPunishingBird","FlamingDragonFist","SuanNi","Letter Opener","PageOfNosferatu"],"campfire_rested":2,"item_purchase_floors":[0,0,0,0,0,0,19],"current_hp_per_floor":[51,51,51,51,51,51,51,51,58,58,56,42,36,36,62,32,88,60,60,53,53,53,53,53,34,83,83,69,60,39,29,19,44,5,0,0],"gold":370,"neow_bonus":"","is_daily":false,"chose_seed":false,"campfire_upgraded":5,"win_rate":0.0,"timestamp":1614395030,"path_taken":["M","?","M","M","M","R","M","E","T","R","M","E","M","?","R","BOSS","M","$","M","?","?","R","R","E","T","R","M","M","M","M","M","R","BOSS","BOSS"],"items_purchased_type":["Relic","Relic","Relic","Card","Card","Relic","Relic"],"build_version":"2020-12-22","purchased_purges":0,"victory":false,"max_hp_per_floor":[60,60,62,62,65,65,81,81,88,88,88,88,88,88,88,88,88,88,88,68,68,68,88,88,83,83,83,84,84,84,84,84,84,84,84,84],"card_choices":[{"not_picked":["StrongStrike","FervidEmotions","YoureAHindrance","SerpentSwordTechnique","RhinoRam","WildCard","ExtractFuel","Ripple","Unlock1"],"picked":"SKIP","floor":1},{"not_picked":["Slice_lor","DarkCloud","ClassAndRespect","YoureAHindrance","AsThePrescriptOrders","SnakesPrey","Wallop_lor","MultiHit"],"picked":"BurningFlash","floor":3},{"not_picked":["SuppressingShot","WillOfThePrescript","QuickSuppression","TimeForALittleTest","Outburst","ClassAndRespect","ExtremeEdge","FierceCharge","StrongStrike"],"picked":"SKIP","floor":5},{"not_picked":["Concentration","NightInTheBackstreets","BiteOff","WillOfThePrescript","SummaryJudgment","QuickAttack","BiAn","SnakeSlit"],"picked":"HardRehearsal","floor":7},{"not_picked":["HighKick","PreparedMind","HighSpeedStabbing","GatherIntel","DefenseOrder","Parry","Reload","EnergyShield"],"picked":"SilentMist","floor":8},{"not_picked":["StartinOutLightly","DefenseOrder","JiaoTu","TendonChords","WillBeTasty","PreemptiveStrike","Crush","SharpNails"],"picked":"FrontalAssault","floor":11},{"not_picked":["NightInTheBackstreets","Quickness","StartinOutLightly","Thrust","StructuralAnalysis","QuickAttack","BindingChains","JiaoTu"],"picked":"Observe","floor":12},{"not_picked":["Reload","GreatSerpentsImpact","Pound","SummaryJudgment","ConcentratedFire","UpbeatPerformance","Unlock1","QuickAttack","Juggling"],"picked":"SKIP","floor":13},{"not_picked":["HighSpeedStabbing+1","Leap_lor","QuickSuppression","GrazeTheGrass+1","Laceration+1","BindingChains+1","KeepItFresh","FlyingSword"],"picked":"TendonChords","floor":18},{"not_picked":["HandleRequest+1","Leap_lor","HiddenBlade","KeepItFresh","Rewind","ClassAndRespect","Parry2+1","FieryWaltz"],"picked":"RagingStormLove","floor":20},{"not_picked":["HardRehearsal","BlowItUp","UpbeatPerformance","HiddenBlade","BackstreetsDash+1","QuickAttack","FervidEmotions","PreemptiveStrike"],"picked":"SuanNi","floor":25},{"not_picked":["UnavoidableGaze","EndlessBattle","BackAttack","Parry","StrikeDown","WillOfThePrescript","SunsetBlade+1","CutIn"],"picked":"RulesOfTheBackstreets","floor":28},{"not_picked":["MindPrepared+1","Guardian_lor+1","DefenseOrder","DestructiveImpact","SerpentineBarrier+1","EnergyShield+1","ToWhereThePrescriptPoints","ExtremeEdge","NightInTheBackstreets+1"],"picked":"SKIP","floor":28},{"not_picked":["HeavyPeaks","Pound+1","SinglePointStab","Wallop_lor","UndertakePrescript+1","YoureTooSlow+1","JiaoTu","TheArtOfRapidSteps"],"picked":"WillBeTasty","floor":29},{"not_picked":["FleetFootsteps","YourShield+1","SunsetBlade","Rewind","SharpSwipe+1","Thrust+1","NightInTheBackstreets","TimeForALittleTest","HandleRequest+1"],"picked":"SKIP","floor":29},{"not_picked":["StrongStrike","HandlingWork+1","DefenseOrder","TheRedNotes+1","Parry2","BindingChains","BiAn+1","BackstreetsDash"],"picked":"FrontalAssault+1","floor":30},{"not_picked":["EnergyCycle+1","WillOfThePrescript","GrazeTheGrass+1","EnergyShield","PinpointShot","QuickSuppression+1","EnergyStrike","UnavoidableGaze"],"picked":"TendonChords+1","floor":30},{"not_picked":["FierceOnslaught+1","GreatSerpentsImpact","DarkCloud+1","EnergyStrike","FendThisOffIfYouCan+1","VioletBlade+1","CombatPreparation","EnergyShield+1","Reload+1"],"picked":"SKIP","floor":31},{"not_picked":["RulesOfTheBackstreets","SpearedSweep","Creak+1","StructuralAnalysis+1","Preparation+1","PinpointShot","ViolentFlame","SnakesPrey","EmotionalTurbulence"],"picked":"SKIP","floor":31},{"not_picked":["ClassAndRespect+1","BiAn+1","FrontalAssault","YourShield","BiXi+1","Crush","AGoldenOpportunity","PinpointShot+1"],"picked":"JiaoTu+1","floor":32},{"not_picked":["UpbeatPerformance","QuickAttack","Reload","EnergyCycle","DarkCloud+1","EnergyShield","DesperateStruggle","WillProduceFineSilk","BiAn+1"],"picked":"SKIP","floor":32}],"player_experience":402456,"relics_obtained":[{"floor":1,"key":"LetterFromLob"},{"floor":8,"key":"WingedGreaves"},{"floor":9,"key":"Strawberry"},{"floor":12,"key":"DemoMod:JetPack"},{"floor":25,"key":"Prayer Wheel"}],"event_choices":[{"damage_healed":51,"gold_gain":0,"player_choice":"Leave","damage_taken":0,"max_hp_gain":0,"max_hp_loss":60,"event_name":"betterThird:BetterShining","floor":2,"gold_loss":0},{"damage_healed":0,"gold_gain":0,"player_choice":"Left","damage_taken":0,"max_hp_gain":0,"max_hp_loss":0,"event_name":"betterThird:BetterGoop","floor":14,"gold_loss":31},{"damage_healed":0,"gold_gain":0,"player_choice":"Ignored","damage_taken":0,"max_hp_gain":0,"max_hp_loss":0,"event_name":"Beggar","floor":22,"gold_loss":0}],"is_beta":false,"boss_relics":[{"not_picked":["Ectoplasm","Black Star"],"picked":"reliquary:Craggleroot"}],"items_purged_floors":[],"is_endless":false,"potions_floor_spawned":[7,8,11,12,13,20,25,30,31],"killed_by":"DemoMod:ResourcefulRat","ascension_level":3}}