{"host":"dl909bjyolgrn2uw","time":1614457286,"event":{"mods":["2.2 Compatiblity","AchievementEnabler","BaseMod","Bestiary","Better Altar","Better Note","Better Sensory Stone","Better Skull","Better Vampires","Colored Powertips","Curses Come First","Downfall","Emptier Cage","Minty Spire (QoL Compilation)","Permanent Neow","Quick Restart","Rare Cards Sparkle","Relic Stats","Shop Mod","Spicy Shops","StSLib","SuperFastMode"],"gold_per_floor":[99,116,133,133,183,215,215,249,287,387,387,452,452,510,570,666,666,666,682,692,709,164,164,189,223,262,162,162,62,78,92,130,245,245,245,283,11,45,102,147,171,171,203,203,235,281,181,226,245,265,265,311,67,67,67,67],"floor_reached":57,"language":"ENG","playtime":7324,"items_purged":["bronze:Strike","Writhe"],"score":1556,"play_id":"0be952b4-87fd-4878-918a-1cd8236d0cc1","local_time":"20210227142126","is_ascension_mode":true,"campfire_choices":[{"data":"Swift Strike","floor":1.0,"key":"SMITH"},{"floor":13.0,"key":"REST"},{"data":"bronze:Goto","floor":18.0,"key":"SMITH"},{"data":"bronze:Frontload","floor":27.0,"key":"SMITH"},{"data":"bronze:Flail","floor":29.0,"key":"SMITH"},{"data":"bronze:HardenedForm","floor":35.0,"key":"SMITH"},{"floor":42.0,"key":"RECALL"},{"data":"bronze:HardenedForm","floor":47,"key":"SMITH"},{"data":"bronze:Verify","floor":54,"key":"SMITH"}],"circlet_count":0,"master_deck":["bronze:Strike","bronze:Strike","bronze:Defend","bronze:Defend","bronze:Defend","bronze:Defend","bronze:Replicate","bronze:Goto+1","Swift Strike+1","bronze:Overheat","HandOfGreed","bronze:Flail+1","bronze:Branch","bronze:Optimize","bronze:Constructor","bronze:Boost","bronze:Boost","bronze:Verify+1","bronze:HyperBeam","bronze:DarkDash+1","bronze:BronzeOrb+1","bronze:ForLoop","bronze:Frontload+1","bronze:Goto+1","bronze:BronzeOrb+1","bronze:HardenedForm+1","bronze:Fortify+1","bronze:CloningBeam","bronze:HardenedForm+1","bronze:Shell+1","bronze:Overload+1","bronze:ForceShield+1","bronze:ChildClass+1","expansioncontent:AwakenDeath","bronze:Terminator","bronze:Turbo+1","expansioncontent:YouAreMine"],"relics":["bronze:BronzeCore","Pear","FossilizedHelix","Philosopher\u0027s Stone","Ice Cream","OrangePellets","TungstenRod","downfall:HeartBlessingGreen","downfall:HeartBlessingBlue","Runic Pyramid","Mummified Hand","Toy Ornithopter","Centennial Puzzle","White Beast Statue","downfall:HeartBlessingRed","Bird Faced Urn","Orichalcum","Membership Card"],"acts_visited":["Exordium","TheCity","TheBeyond","TheEnding"],"potions_floor_usage":[46,50,56,56,56],"damage_taken":[{"damage":3.0,"enemies":"Jaw Worm","floor":2.0,"turns":4.0},{"damage":0.0,"enemies":"Small Slimes","floor":3.0,"turns":3.0},{"damage":0.0,"enemies":"2 Louse","floor":5.0,"turns":4.0},{"damage":10.0,"enemies":"Exordium Thugs","floor":6.0,"turns":2.0},{"damage":0.0,"enemies":"downfall:LooterAlt","floor":8.0,"turns":2.0},{"damage":14.0,"enemies":"Blue Slaver","floor":9.0,"turns":4.0},{"damage":8.0,"enemies":"3 Sentries","floor":12.0,"turns":7.0},{"damage":1.0,"enemies":"3 Louse","floor":14.0,"turns":5.0},{"damage":0.0,"enemies":"Exordium Thugs","floor":15.0,"turns":5.0},{"damage":19.0,"enemies":"WA_ARCHETYPE_RETAIN","floor":16.0,"turns":8.0},{"damage":0.0,"enemies":"Spheric Guardian","floor":19.0,"turns":3.0},{"damage":0.0,"enemies":"Shell Parasite","floor":20.0,"turns":7.0},{"damage":0.0,"enemies":"Cultist and Chosen","floor":21.0,"turns":4.0},{"damage":0.0,"enemies":"downfall:FleeingMerchant","floor":22.0,"turns":4.0},{"damage":0.0,"enemies":"Book of Stabbing","floor":25.0,"turns":5.0},{"damage":0.0,"enemies":"Sentry and Sphere","floor":26.0,"turns":4.0},{"damage":9.0,"enemies":"3 Cultists","floor":30.0,"turns":6.0},{"damage":0.0,"enemies":"Snake Plant","floor":31.0,"turns":4.0},{"damage":0.0,"enemies":"Sentry and Sphere","floor":32.0,"turns":6.0},{"damage":42.0,"enemies":"DF_ARCHETYPE_CLAW","floor":33.0,"turns":10.0},{"damage":0.0,"enemies":"3 Darklings","floor":36.0,"turns":5.0},{"damage":0.0,"enemies":"downfall:FleeingMerchant","floor":37.0,"turns":4.0},{"damage":0.0,"enemies":"Orb Walker","floor":38.0,"turns":4.0},{"damage":25.0,"enemies":"Jaw Worm Horde","floor":39.0,"turns":8.0},{"damage":0.0,"enemies":"Giant Head","floor":40.0,"turns":11.0},{"damage":0.0,"enemies":"Spire Growth","floor":43.0,"turns":6.0},{"damage":0.0,"enemies":"3 Darklings","floor":45.0,"turns":4.0},{"damage":0,"enemies":"Nemesis","floor":46,"turns":9},{"damage":0,"enemies":"Giant Head","floor":48,"turns":9},{"damage":0,"enemies":"Writhing Mass","floor":49,"turns":8},{"damage":0,"enemies":"IC_BLOCK_ARCHETYPE","floor":50,"turns":14},{"damage":0,"enemies":"downfall:CharBossMerchant","floor":52,"turns":9},{"damage":0,"enemies":"downfall:NeowBoss","floor":55,"turns":23},{"damage":0,"enemies":"downfall:NeowBossFinal","floor":56,"turns":17}],"seed_played":"-8989944777698772537","potions_obtained":[{"floor":2.0,"key":"GamblersBrew"},{"floor":3.0,"key":"CultistPotion"},{"floor":5.0,"key":"hexamod:SoulburnPotion"},{"floor":8.0,"key":"ColorlessPotion"},{"floor":12.0,"key":"LiquidMemories"},{"floor":14.0,"key":"Swift Potion"},{"floor":19.0,"key":"Regen Potion"},{"floor":20.0,"key":"bronze:CleanCodePotion"},{"floor":30.0,"key":"Dexterity Potion"},{"floor":32.0,"key":"Explosive Potion"},{"floor":33.0,"key":"FearPotion"},{"floor":36.0,"key":"Weak Potion"},{"floor":40.0,"key":"Weak Potion"},{"floor":43.0,"key":"Weak Potion"},{"floor":48,"key":"Swift Potion"},{"floor":49,"key":"LiquidMemories"},{"floor":52,"key":"bronze:FreeFunctionsPotion"}],"is_trial":false,"path_per_floor":["R","M","M","?","M","M","T","M","M","?","?","E","R","M","M","B",null,"R","M","M","M","$","?","T","E","M","R","?","R","M","M","M","B",null,"R","M","$","M","M","E","T","R","M","?","M","E","R","E","M","B",null,"E","$","R","B","B",null],"character_chosen":"THE_AUTOMATON","items_purchased":["Ice Cream","OrangePellets","Mummified Hand","Membership Card","expansioncontent:YouAreMine"],"campfire_rested":1,"item_purchase_floors":[22,22,37,53,53],"current_hp_per_floor":[70,67,67,67,67,57,67,67,53,53,53,45,69,68,68,49,80,80,80,80,80,80,80,80,80,80,80,80,90,81,81,81,39,90,90,90,90,90,79,79,79,79,79,79,79,84,84,84,90,90,90,90,90,90,90,90],"gold":67,"neow_bonus":"RANDOM_COLORLESS","is_daily":false,"chose_seed":false,"campfire_upgraded":7,"win_rate":0.0,"timestamp":1614457286,"path_taken":["R","M","M","?","M","M","T","M","M","?","?","E","R","M","M","BOSS","R","M","M","M","$","?","T","E","M","R","?","R","M","M","M","BOSS","R","M","$","M","M","E","T","R","M","?","M","E","R","E","M","BOSS","E","$","R","BOSS","BOSS"],"items_purchased_type":["Relic","Relic","Relic","Relic","Card"],"build_version":"2020-12-22","purchased_purges":2,"victory":true,"max_hp_per_floor":[70,70,70,70,70,70,80,80,80,80,80,80,80,80,80,80,80,80,80,80,80,80,80,80,80,80,80,80,90,90,90,90,90,90,90,90,90,90,90,90,90,90,90,90,90,90,90,90,90,90,90,90,90,90,90,90],"relic_stats":{"OrangePellets":[14],"Centennial Puzzle":[0],"counters":[34,228],"Mummified Hand":[62],"Bird Faced Urn":[6],"Orichalcum":[12],"obtain_stats":[{"Ice Cream":22,"bronze:BronzeCore":0,"Pear":7,"downfall:HeartBlessingRed":47,"downfall:HeartBlessingGreen":27,"Orichalcum":52,"White Beast Statue":46,"OrangePellets":22,"Centennial Puzzle":41,"downfall:HeartBlessingBlue":29,"Mummified Hand":37,"Bird Faced Urn":48,"Philosopher\u0027s Stone":17,"Membership Card":53,"FossilizedHelix":12,"TungstenRod":25,"Toy Ornithopter":40,"Runic Pyramid":34},{"Ice Cream":14,"bronze:BronzeCore":0,"Pear":4,"downfall:HeartBlessingRed":28,"downfall:HeartBlessingGreen":16,"Orichalcum":32,"White Beast Statue":28,"OrangePellets":14,"Centennial Puzzle":25,"downfall:HeartBlessingBlue":16,"Mummified Hand":22,"Bird Faced Urn":29,"Philosopher\u0027s Stone":10,"Membership Card":32,"FossilizedHelix":7,"TungstenRod":15,"Toy Ornithopter":25,"Runic Pyramid":20},{"Ice Cream":62,"bronze:BronzeCore":0,"Pear":13,"downfall:HeartBlessingRed":148,"downfall:HeartBlessingGreen":71,"Orichalcum":188,"White Beast Statue":148,"OrangePellets":62,"Centennial Puzzle":129,"downfall:HeartBlessingBlue":71,"Mummified Hand":106,"Bird Faced Urn":157,"Philosopher\u0027s Stone":44,"Membership Card":188,"FossilizedHelix":26,"TungstenRod":67,"Toy Ornithopter":129,"Runic Pyramid":97}],"TungstenRod":8,"Toy Ornithopter":5},"card_choices":[{"not_picked":["Panacea","Deep Breath"],"picked":"Swift Strike","floor":0.0},{"not_picked":["bronze:Shield","bronze:Fortify"],"picked":"bronze:Overheat","floor":2.0},{"not_picked":["bronze:BuggyMess","bronze:ForLoop","bronze:Safeguard"],"picked":"SKIP","floor":3.0},{"not_picked":["Trip","Good Instincts"],"picked":"HandOfGreed","floor":4.0},{"not_picked":["bronze:Branch","bronze:Deprecate"],"picked":"bronze:Flail","floor":5.0},{"not_picked":["bronze:Overload","bronze:WildBeam"],"picked":"bronze:Branch","floor":6.0},{"not_picked":["bronze:ChosenStrike","bronze:BuggyMess"],"picked":"bronze:Optimize","floor":8.0},{"not_picked":["bronze:ForceShield","bronze:Fortify","bronze:ItsAFeature"],"picked":"SKIP","floor":9.0},{"not_picked":["bronze:Invalidate","bronze:Allocate"],"picked":"bronze:Boost","floor":12.0},{"not_picked":["bronze:Iterate","bronze:OilSpill"],"picked":"bronze:Boost","floor":14.0},{"not_picked":["bronze:Safeguard","bronze:BitShift"],"picked":"bronze:Verify","floor":15.0},{"not_picked":["bronze:CleanCode","bronze:Mutator"],"picked":"bronze:HyperBeam","floor":16.0},{"not_picked":["bronze:Branch","bronze:BronzeArmor"],"picked":"bronze:DarkDash+1","floor":19.0},{"not_picked":["bronze:Shield","bronze:Refactor+1"],"picked":"bronze:BronzeOrb+1","floor":20.0},{"not_picked":["bronze:Boost","bronze:Return"],"picked":"bronze:ForLoop","floor":21.0},{"not_picked":["bronze:Invalidate","bronze:Overload"],"picked":"bronze:Frontload","floor":22.0},{"not_picked":["bronze:Backtrace","bronze:CutThrough","bronze:Invalidate"],"picked":"SKIP","floor":25.0},{"not_picked":["bronze:DelayedSlice","bronze:Refactor","bronze:Invalidate+1"],"picked":"SKIP","floor":26.0},{"not_picked":["bronze:Invalidate+1","bronze:BitShift"],"picked":"bronze:HardenedForm","floor":30.0},{"not_picked":["bronze:ForLoop+1","bronze:Turbo"],"picked":"bronze:Fortify+1","floor":31.0},{"not_picked":["bronze:BitShift","bronze:Shell"],"picked":"bronze:CloningBeam","floor":32.0},{"not_picked":["bronze:Mutator","bronze:RecursiveStrike"],"picked":"bronze:HardenedForm","floor":33.0},{"not_picked":["bronze:Branch","bronze:Iterate"],"picked":"bronze:Shell+1","floor":36.0},{"not_picked":["bronze:Shield","bronze:BitShift","bronze:Overheat+1"],"picked":"SKIP","floor":37.0},{"not_picked":["bronze:Boost","bronze:ForLoop"],"picked":"bronze:Overload+1","floor":38.0},{"not_picked":["bronze:Shield+1","bronze:Shell","bronze:Frontload+1"],"picked":"SKIP","floor":39.0},{"not_picked":["bronze:Invalidate","bronze:BuggyMess"],"picked":"bronze:ForceShield+1","floor":40.0},{"not_picked":["bronze:Separator","bronze:Format"],"picked":"bronze:ChildClass+1","floor":43.0},{"not_picked":["expansioncontent:PolyBeam","expansioncontent:LastStand"],"picked":"expansioncontent:AwakenDeath","floor":44.0},{"not_picked":["bronze:Branch","bronze:BuggyMess+1","bronze:Shield"],"picked":"SKIP","floor":45.0},{"not_picked":["bronze:InfiniteBeams","bronze:Overheat+1"],"picked":"bronze:Terminator","floor":46},{"not_picked":["bronze:WildBeam+1","bronze:BitShift","bronze:ItsAFeature"],"picked":"SKIP","floor":48},{"not_picked":["bronze:ForceShield","bronze:WhirlingStrike+1","bronze:DelayedGuard"],"picked":"SKIP","floor":49},{"not_picked":["bronze:InfiniteBeams","bronze:RecursiveStrike"],"picked":"bronze:Turbo+1","floor":52}],"player_experience":588526,"relics_obtained":[{"floor":7.0,"key":"Pear"},{"floor":12.0,"key":"FossilizedHelix"},{"floor":25.0,"key":"TungstenRod"},{"floor":40.0,"key":"Toy Ornithopter"},{"floor":41.0,"key":"Centennial Puzzle"},{"floor":46,"key":"White Beast Statue"},{"floor":48,"key":"Bird Faced Urn"},{"floor":52,"key":"Orichalcum"}],"event_choices":[{"damage_healed":0.0,"max_hp_gain":0.0,"max_hp_loss":0.0,"gold_gain":1.0,"event_name":"betterStone:BetterStone","player_choice":"1","floor":4.0,"gold_loss":0.0,"damage_taken":0.0}],"is_beta":false,"boss_relics":[{"not_picked":["Empty Cage","Black Star"],"picked":"Philosopher\u0027s Stone"},{"not_picked":["Velvet Choker","Busted Crown"],"picked":"Runic Pyramid"}],"items_purged_floors":[22,53],"is_endless":false,"potions_floor_spawned":[2,3,5,8,12,14,19,20,30,32,33,36,40,43,48,49,52],"ascension_level":1}}