{"host":"2qgcsivoxob3ugky","time":1614412376,"event":{"mods":["AchievementEnabler","Act Like it!","BaseMod","Colored Powertips","Downfall","Googly Eyes","Hermit","Jorbs\u0027s Wanderer Trilogy","Marisa????????","Minty Spire (QoL Compilation)","StSLib","The Animator","The Jungle"],"gold_per_floor":[118,118,118,12,12,43,43,59,59,92,92,20,20,32,32,133,133,133,58,58,58,58,58,58,58,58,58,58,58,8,8,8,8,8],"floor_reached":33,"language":"ENG","playtime":1443,"items_purged":["Strike_G"],"score":365,"play_id":"01b1a114-187c-41fe-b7a9-8e6b88fb9655","local_time":"20210227015256","is_ascension_mode":true,"campfire_choices":[{"floor":7,"key":"REST"},{"data":"After Image","floor":11,"key":"SMITH"},{"data":"Infinite Blades","floor":15,"key":"SMITH"},{"data":"Terror","floor":24,"key":"SMITH"},{"data":"Storm of Steel","floor":28,"key":"SMITH"},{"data":"Storm of Steel","floor":32,"key":"SMITH"}],"circlet_count":0,"master_deck":["Defend_G","Defend_G","Defend_G+1","Defend_G","Defend_G+1","Survivor","Neutralize","Blade Dance+1","Infinite Blades+1","Terror+1","After Image+1","Flying Knee","Cloak And Dagger","Accuracy","Prepared","Adrenaline","Bite","Bite","Bite","Bite","Bite","Storm of Steel+1","Blade Dance","Well Laid Plans","Storm of Steel+1","Backflip"],"relics":["Ring of the Snake","Slimebound:PreparedRelic","NlothsMask","Blue Candle","Mummified Hand","Matryoshka","Ectoplasm","Orichalcum","War Paint","Happy Flower","Omamori","Bronze Scales","Centennial Puzzle","MealTicket"],"acts_visited":["Exordium","TheCity"],"potions_floor_usage":[10,20,20,23,27,31],"damage_taken":[{"damage":0,"enemies":"2 Louse","floor":1,"turns":3},{"damage":21,"enemies":"Gremlin Nob","floor":6,"turns":4},{"damage":0,"enemies":"Jaw Worm","floor":8,"turns":2},{"damage":14,"enemies":"3 Sentries","floor":10,"turns":5},{"damage":0,"enemies":"Small Slimes","floor":14,"turns":3},{"damage":2,"enemies":"Hexaghost","floor":16,"turns":6},{"damage":1,"enemies":"Shell Parasite","floor":18,"turns":4},{"damage":2,"enemies":"3 Byrds","floor":20,"turns":4},{"damage":8,"enemies":"Gremlin Leader","floor":23,"turns":7},{"damage":9,"enemies":"Snecko","floor":25,"turns":5},{"damage":1,"enemies":"Book of Stabbing","floor":27,"turns":3},{"damage":0,"enemies":"Snake Plant","floor":29,"turns":3},{"damage":20,"enemies":"Gremlin Leader","floor":31,"turns":3},{"damage":48,"enemies":"Automaton","floor":33,"turns":6}],"seed_played":"-4569373420543221856","potions_obtained":[{"floor":8,"key":"SkillPotion"},{"floor":10,"key":"Slimebound:ThreeZeroPotion"},{"floor":18,"key":"Swift Potion"},{"floor":20,"key":"Regen Potion"},{"floor":25,"key":"Block Potion"}],"is_trial":false,"path_per_floor":["M","?","?","$","?","E","R","M","T","E","R","$","T","M","R","B",null,"M","$","M","?","T","E","R","M","T","E","R","M","$","E","R","B"],"character_chosen":"THE_SILENT","items_purchased":["Infinite Blades","Terror","Accuracy","Strength Potion"],"campfire_rested":1,"item_purchase_floors":[4,4,12,30],"current_hp_per_floor":[77,77,52,52,52,31,54,54,54,40,40,40,40,40,40,38,77,76,76,74,53,53,53,53,47,47,52,52,53,53,37,37,0,0],"gold":8,"neow_bonus":"TEN_PERCENT_HP_BONUS","is_daily":false,"chose_seed":false,"campfire_upgraded":5,"win_rate":0.0,"timestamp":1614412376,"path_taken":["M","?","?","?","?","E","R","?","T","E","R","$","?","M","R","BOSS","M","$","M","?","?","E","R","M","T","E","R","M","?","E","R","BOSS"],"items_purchased_type":["Card","Card","Card","Potion"],"build_version":"2020-12-22","purchased_purges":1,"victory":false,"max_hp_per_floor":[77,77,77,77,77,77,77,77,77,77,77,77,77,77,77,77,77,77,77,77,53,53,53,53,53,53,53,53,53,53,53,53,53,53],"card_choices":[{"not_picked":["Dodge and Roll","Dagger Throw"],"picked":"Blade Dance","floor":1},{"not_picked":["Sucker Punch","Reflex"],"picked":"After Image","floor":6},{"not_picked":["Deadly Poison","Concentrate"],"picked":"Flying Knee","floor":8},{"not_picked":["Finisher","Backstab"],"picked":"Cloak And Dagger","floor":10},{"not_picked":["Quick Slash","Heel Hook"],"picked":"Prepared","floor":14},{"not_picked":["Die Die Die","Wraith Form v2"],"picked":"Adrenaline","floor":16},{"not_picked":["Acrobatics","All Out Attack+1","Dagger Throw"],"picked":"SKIP","floor":18},{"not_picked":["Underhanded Strike+1","Dagger Throw+1","Dagger Spray"],"picked":"SKIP","floor":20},{"not_picked":["Reflex","Dagger Throw+1"],"picked":"Storm of Steel","floor":23},{"not_picked":["Riddle With Holes","Dagger Spray+1"],"picked":"Blade Dance","floor":25},{"not_picked":["Dodge and Roll+1","Quick Slash"],"picked":"Well Laid Plans","floor":27},{"not_picked":["Deadly Poison","Poisoned Stab"],"picked":"Storm of Steel","floor":29},{"not_picked":["Dodge and Roll+1","Quick Slash"],"picked":"Backflip","floor":31}],"player_experience":314390,"relics_obtained":[{"floor":6,"key":"Blue Candle"},{"floor":10,"key":"Mummified Hand"},{"floor":13,"key":"Matryoshka"},{"floor":22,"key":"Orichalcum"},{"floor":22,"key":"War Paint"},{"floor":23,"key":"Happy Flower"},{"floor":26,"key":"Omamori"},{"floor":26,"key":"Bronze Scales"},{"floor":27,"key":"Centennial Puzzle"},{"floor":31,"key":"MealTicket"}],"event_choices":[{"damage_healed":0,"gold_gain":0,"player_choice":"Grow","damage_taken":0,"max_hp_gain":0,"max_hp_loss":0,"event_name":"Living Wall","floor":2,"gold_loss":0,"cards_upgraded":["Blade Dance"]},{"damage_healed":0,"gold_gain":0,"player_choice":"Success","damage_taken":25,"relics_obtained":["Slimebound:PreparedRelic"],"max_hp_gain":0,"max_hp_loss":0,"event_name":"Scrap Ooze","floor":3,"gold_loss":0},{"damage_healed":0,"gold_gain":0,"player_choice":"Trade","damage_taken":0,"relics_obtained":["NlothsMask"],"max_hp_gain":0,"max_hp_loss":0,"event_name":"FaceTrader","floor":5,"gold_loss":0},{"damage_healed":0,"gold_gain":0,"player_choice":"Became a vampire","damage_taken":0,"max_hp_gain":0,"max_hp_loss":24,"event_name":"Vampires","floor":21,"gold_loss":0,"cards_obtained":["Bite","Bite","Bite","Bite","Bite"]}],"is_beta":false,"boss_relics":[{"not_picked":["SlaversCollar","bronze:MakeshiftBattery"],"picked":"Ectoplasm"}],"items_purged_floors":[19],"is_endless":false,"potions_floor_spawned":[8,10,18,20,25],"killed_by":"Automaton","ascension_level":2}}