{"host":"sim2kxx81cjsn49b","time":1614445649,"event":{"mods":["BaseMod","Minty Spire (QoL Compilation)","Quick Restart","Reliquary","StSLib","TestMod","The Bladedancer","Waifu the Spire"],"gold_per_floor":[113,132,532,551,551,582,582,582,582],"floor_reached":8,"language":"ZHS","playtime":388,"items_purged":[],"score":56,"play_id":"69934d68-9c23-461c-9cc9-365dc6619cbe","local_time":"20210228010729","is_ascension_mode":false,"campfire_choices":[{"data":"blademaster:ThunderingOpener","floor":7,"key":"SMITH"}],"circlet_count":0,"master_deck":["blademaster:Strike","blademaster:Strike","blademaster:Strike","blademaster:Strike","blademaster:Defend","blademaster:Defend","blademaster:Defend","blademaster:RagingBlow","blademaster:HighVoltage","blademaster:Flash","blademaster:LightningCrash","blademaster:ThunderingOpener+1"],"relics":["blademaster:DancersAmulet","testmod-PortableAltar","NeowsBlessing","reliquary:RosewoodLute"],"acts_visited":["Exordium"],"potions_floor_usage":[6],"damage_taken":[{"damage":1,"enemies":"Small Slimes","floor":1,"turns":1},{"damage":1,"enemies":"Jaw Worm","floor":2,"turns":1},{"damage":1,"enemies":"Cultist","floor":4,"turns":1},{"damage":53,"enemies":"3 Sentries","floor":6,"turns":11},{"damage":18,"enemies":"Lagavulin","floor":8,"turns":2}],"seed_played":"8221712884913378238","potions_obtained":[{"floor":1,"key":"Swift Potion"},{"floor":2,"key":"ColorlessPotion"},{"floor":6,"key":"EssenceOfSteel"}],"is_trial":false,"path_per_floor":["M","M","?","M","?","E","R","E"],"character_chosen":"THE_BLADEMASTER","items_purchased":[],"campfire_rested":0,"item_purchase_floors":[],"current_hp_per_floor":[73,72,72,70,63,10,10,0,0],"gold":582,"neow_bonus":"THREE_ENEMY_KILL","is_daily":false,"chose_seed":false,"campfire_upgraded":1,"win_rate":0.0,"timestamp":1614445649,"path_taken":["M","M","?","M","?","E","R","E"],"items_purchased_type":[],"build_version":"2020-12-22","purchased_purges":0,"victory":false,"max_hp_per_floor":[74,73,72,71,70,69,68,67,67],"card_choices":[{"not_picked":["blademaster:AirSlash","blademaster:Sharpen"],"picked":"blademaster:Flash","floor":1},{"not_picked":["blademaster:ChargingUp","blademaster:Stormstrike"],"picked":"blademaster:LightningCrash","floor":2},{"not_picked":["blademaster:FuriousStrike","blademaster:BladeMastery","blademaster:Thrust"],"picked":"SKIP","floor":4},{"not_picked":["blademaster:AncestralHealing","blademaster:FuriousStrike"],"picked":"blademaster:ThunderingOpener","floor":6}],"player_experience":657179,"relics_obtained":[{"floor":6,"key":"reliquary:RosewoodLute"},{"floor":6,"key":"blademaster:DextrousPerk"}],"event_choices":[{"damage_healed":0,"gold_gain":400,"player_choice":"Sell","damage_taken":0,"max_hp_gain":0,"max_hp_loss":0,"event_name":"¶÷ÂåË¹µÄÅÌ×Ó","floor":3,"relics_lost":["testmod-TestBox"],"gold_loss":0},{"cards_removed":["blademaster:Defend"],"damage_healed":0,"gold_gain":0,"player_choice":"Card Removal","damage_taken":7,"max_hp_gain":0,"max_hp_loss":0,"event_name":"Golden Wing","floor":5,"gold_loss":0}],"is_beta":false,"boss_relics":[],"items_purged_floors":[],"is_endless":false,"potions_floor_spawned":[1,2,6],"killed_by":"Lagavulin","ascension_level":0}}