{"host":"6h3q3yj0dwrjt6pc","time":1614389397,"event":{"mods":["BaseMod","Colored Map","Downfall","Minty Spire (QoL Compilation)","StSLib"],"gold_per_floor":[99,111,123,73,73,73,121,143,243,260,287,317,376,538,577,589,589,589],"floor_reached":16,"language":"ENG","playtime":1147,"items_purged":[],"score":125,"play_id":"777388df-b97d-4d98-932c-5cccb95fa196","local_time":"20210226192957","is_ascension_mode":false,"campfire_choices":[{"floor":1,"key":"RECALL"},{"data":"hexamod:RadiantFlame","floor":6,"key":"SMITH"}],"circlet_count":0,"master_deck":["hexamod:Strike","hexamod:Strike","hexamod:Strike","hexamod:Defend","hexamod:Defend","hexamod:Defend","hexamod:Sear","hexamod:Float","hexamod:ThermalTransfer","hexamod:CatchUp+1","hexamod:AdvancingGuard","hexamod:RadiantFlame+1","hexamod:FlamesFromBeyond","hexamod:HeatCrush","hexamod:EtherealExpedition","hexamod:NightmareGuise","hexamod:SecondSeal","hexamod:RecurringNightmare","downfall:Icky","hexamod:GhostflameInferno"],"relics":["Runic Pyramid","Mango","PreservedInsect","Odd Mushroom","MawBank","Potion Belt"],"acts_visited":["Exordium"],"potions_floor_usage":[15,16,16],"damage_taken":[{"damage":1,"enemies":"Cultist","floor":2,"turns":3},{"damage":0,"enemies":"Small Slimes","floor":3,"turns":3},{"damage":0,"enemies":"downfall:FleeingMerchant","floor":4,"turns":4},{"damage":25,"enemies":"The Mushroom Lair","floor":8,"turns":4},{"damage":18,"enemies":"downfall:Heads","floor":9,"turns":5},{"damage":14,"enemies":"2 Louse","floor":10,"turns":2},{"damage":0,"enemies":"Gremlin Nob","floor":11,"turns":3},{"damage":6,"enemies":"Exordium Wildlife","floor":12,"turns":3},{"damage":7,"enemies":"Blue Slaver","floor":15,"turns":3},{"damage":12,"enemies":"WA_ARCHETYPE_RETAIN","floor":16,"turns":2}],"seed_played":"-3832342052677624852","potions_obtained":[{"floor":2,"key":"Dexterity Potion"},{"floor":10,"key":"PowerPotion"},{"floor":11,"key":"champ:CounterPotion"},{"floor":15,"key":"LiquidBronze"}],"is_trial":false,"path_per_floor":["R","M","M","$","?","R","T","?","?","M","E","M","T","?","M","B"],"character_chosen":"THE_SPIRIT","items_purchased":["hexamod:RadiantFlame"],"campfire_rested":0,"item_purchase_floors":[4],"current_hp_per_floor":[70,69,69,69,80,80,80,55,37,23,23,17,17,17,10,0,0,0],"gold":589,"neow_bonus":"BOSS_RELIC","is_daily":false,"chose_seed":false,"campfire_upgraded":1,"win_rate":0.0,"timestamp":1614389397,"path_taken":["R","M","?","$","?","R","T","?","?","?","E","M","?","?","M","BOSS"],"items_purchased_type":["Card"],"build_version":"2020-12-22","purchased_purges":0,"victory":false,"max_hp_per_floor":[70,70,70,70,84,84,84,84,84,84,84,84,84,84,84,84,84,84],"card_choices":[{"not_picked":["hexamod:HeatShield","hexamod:Firestarter"],"picked":"hexamod:ThermalTransfer","floor":2},{"not_picked":["hexamod:ThermalTransfer","hexamod:NightmareGuise"],"picked":"hexamod:CatchUp","floor":3},{"not_picked":["hexamod:ThermalTransfer","hexamod:NightmareGuise"],"picked":"hexamod:AdvancingGuard","floor":4},{"not_picked":["hexamod:GhostflameBarrier","hexamod:FastForward"],"picked":"hexamod:FlamesFromBeyond","floor":8},{"not_picked":["hexamod:SkipABeat","hexamod:BurningTouch"],"picked":"hexamod:EtherealExpedition","floor":9},{"not_picked":["hexamod:Hexaguard","hexamod:Haunt"],"picked":"hexamod:NightmareGuise","floor":10},{"not_picked":["hexamod:RetreatToShadows","hexamod:NightmareStrike"],"picked":"hexamod:SecondSeal","floor":11},{"not_picked":["hexamod:NightmareStrike","hexamod:SwordOfDarkness"],"picked":"hexamod:RecurringNightmare","floor":12},{"not_picked":["hexamod:FlamesFromBeyond","hexamod:Incineration"],"picked":"hexamod:GhostflameInferno","floor":15}],"player_experience":119139,"relics_obtained":[{"floor":7,"key":"PreservedInsect"},{"floor":8,"key":"Odd Mushroom"},{"floor":11,"key":"MawBank"},{"floor":13,"key":"Potion Belt"}],"event_choices":[{"damage_healed":0,"gold_gain":0,"player_choice":"Success","damage_taken":3,"relics_obtained":["Mango"],"max_hp_gain":0,"max_hp_loss":0,"event_name":"Scrap Ooze","floor":5,"gold_loss":0},{"damage_healed":0,"gold_gain":0,"player_choice":"Fought Mushrooms","damage_taken":0,"max_hp_gain":0,"max_hp_loss":0,"event_name":"Mushrooms","floor":8,"gold_loss":0}],"is_beta":false,"boss_relics":[],"items_purged_floors":[],"is_endless":false,"potions_floor_spawned":[2,10,11,15],"killed_by":"WA_ARCHETYPE_RETAIN","ascension_level":0}}