{"host":"xdbac5uiks898er5","time":1614439113,"event":{"mods":["2.2 Compatiblity","BaseMod","Become a monster ???","Lobotomy","LobotomyExtend","Minty Spire (QoL Compilation)","Spire Arcade","StSLib","SuperFastMode","Unknown Chances"],"gold_per_floor":[114,114,114,127,137,164,181,181,206,224,244,244,277,277,277,373,373,386,396,406,406,426,451,451,451,451],"floor_reached":25,"language":"ENG","playtime":735,"items_purged":[],"score":233,"play_id":"69b3586b-7966-4434-8611-9ea24cfff28b","local_time":"20210227161833","is_ascension_mode":false,"campfire_choices":[{"data":"Noxious Fumes","floor":8,"key":"SMITH"},{"data":"Deadly Poison","floor":12,"key":"SMITH"},{"data":"Neutralize","floor":15,"key":"SMITH"},{"floor":24,"key":"REST"}],"circlet_count":0,"master_deck":["Strike_G","Strike_G","Strike_G","Strike_G","Strike_G","Defend_G","Defend_G","Defend_G","Defend_G","Defend_G","Survivor","Neutralize+1","Noxious Fumes+1","Deadly Poison+1","Burst","Poisoned Stab+1","Dodge and Roll+1","Bloodbath","Crippling Poison+1"],"relics":["Ring of the Snake","CogitoBucket","LetterFromLob","Anchor","Centennial Puzzle","Happy Flower","Philosopher\u0027s Stone","Letter Opener"],"acts_visited":["Exordium","TheCity"],"potions_floor_usage":[20,23],"damage_taken":[{"damage":2,"enemies":"Small Slimes","floor":1,"turns":4},{"damage":4,"enemies":"Cultist","floor":4,"turns":4},{"damage":5,"enemies":"Jaw Worm","floor":5,"turns":6},{"damage":18,"enemies":"Lagavulin","floor":6,"turns":9},{"damage":11,"enemies":"Large Slime","floor":7,"turns":7},{"damage":19,"enemies":"Gremlin Gang","floor":10,"turns":6},{"damage":16,"enemies":"3 Sentries","floor":13,"turns":7},{"damage":21,"enemies":"Hexaghost","floor":16,"turns":9},{"damage":9,"enemies":"2 Thieves","floor":18,"turns":5},{"damage":6,"enemies":"Shell Parasite","floor":19,"turns":4},{"damage":22,"enemies":"3 Cultists","floor":20,"turns":7},{"damage":10,"enemies":"Cultist and Chosen","floor":22,"turns":6},{"damage":20,"enemies":"Gremlin Leader","floor":23,"turns":6},{"damage":44,"enemies":"Book of Stabbing","floor":25,"turns":6}],"seed_played":"2579577284630426461","potions_obtained":[{"floor":4,"key":"DuplicationPotion"},{"floor":6,"key":"Block Potion"},{"floor":7,"key":"PowerPotion"},{"floor":23,"key":"Strength Potion"}],"is_trial":false,"path_per_floor":["M","?","?","M","M","E","M","R","T","M","?","R","E","?","R","B",null,"M","M","M","?","M","E","R","E"],"character_chosen":"THE_SILENT","items_purchased":[],"campfire_rested":1,"item_purchase_floors":[],"current_hp_per_floor":[68,68,68,64,59,64,53,53,53,34,34,34,18,70,70,49,70,61,55,33,33,26,8,29,0,0],"gold":451,"neow_bonus":"","is_daily":false,"chose_seed":false,"campfire_upgraded":3,"win_rate":0.0,"timestamp":1614439113,"path_taken":["M","?","?","M","M","E","?","R","T","M","?","R","E","?","R","BOSS","M","M","?","?","M","E","R","E"],"items_purchased_type":[],"build_version":"2020-12-22","purchased_purges":0,"victory":false,"max_hp_per_floor":[70,70,70,70,70,70,70,70,70,70,70,70,70,70,70,70,70,70,70,70,70,70,70,70,70,70],"card_choices":[{"not_picked":["VoidDream","HeroicMonk"],"picked":"CherryBlossoms","floor":1},{"not_picked":["Dagger Spray","Dagger Throw"],"picked":"Noxious Fumes","floor":1},{"not_picked":["Eviscerate","Predator","Endless Agony"],"picked":"SKIP","floor":4},{"not_picked":["Dagger Spray","Blade Dance"],"picked":"Deadly Poison","floor":5},{"not_picked":["Woodsman","Wellcheers"],"picked":"NakedNest","floor":6},{"not_picked":["Endless Agony","Sucker Punch","Dagger Spray"],"picked":"SKIP","floor":6},{"not_picked":["Eviscerate","After Image","Tactician"],"picked":"SKIP","floor":7},{"not_picked":["Dodge and Roll","Sucker Punch","Flechettes"],"picked":"SKIP","floor":10},{"not_picked":["Choke","Quick Slash","Underhanded Strike"],"picked":"SKIP","floor":13},{"not_picked":["Bullet Time","After Image"],"picked":"Burst","floor":16},{"not_picked":["Endless Agony","Flying Knee"],"picked":"Poisoned Stab","floor":18},{"not_picked":["Outmaneuver","Sucker Punch"],"picked":"Dodge and Roll+1","floor":19},{"not_picked":["Scorched","PunishingBird"],"picked":"Bloodbath","floor":20},{"not_picked":["Acrobatics","Backstab"],"picked":"Crippling Poison+1","floor":20},{"not_picked":["Predator","Expertise","Dagger Throw"],"picked":"SKIP","floor":22},{"not_picked":["Tools of the Trade","Eviscerate","Flying Knee+1"],"picked":"SKIP","floor":23}],"player_experience":8220,"relics_obtained":[{"floor":1,"key":"LetterFromLob"},{"floor":6,"key":"Anchor"},{"floor":9,"key":"Centennial Puzzle"},{"floor":13,"key":"Happy Flower"},{"floor":23,"key":"Letter Opener"}],"event_choices":[{"damage_healed":0,"gold_gain":0,"player_choice":"Ignored","damage_taken":0,"max_hp_gain":0,"max_hp_loss":0,"event_name":"Liars Game","floor":2,"gold_loss":0},{"damage_healed":0,"gold_gain":0,"player_choice":"0 cards matched","damage_taken":0,"max_hp_gain":0,"max_hp_loss":0,"event_name":"Match and Keep!","floor":3,"gold_loss":0,"cards_obtained":[]},{"cards_removed":["NakedNest"],"damage_healed":52,"gold_gain":0,"player_choice":"Offered Uncommon","damage_taken":0,"max_hp_gain":0,"max_hp_loss":0,"event_name":"Bonfire Elementals","floor":14,"gold_loss":0},{"damage_healed":0,"gold_gain":0,"player_choice":"Forge","damage_taken":0,"max_hp_gain":0,"max_hp_loss":0,"event_name":"Accursed Blacksmith","floor":21,"gold_loss":0,"cards_upgraded":["Poisoned Stab"]}],"is_beta":false,"boss_relics":[{"not_picked":["HoveringKite","Runic Dome"],"picked":"Philosopher\u0027s Stone"}],"items_purged_floors":[],"is_endless":false,"potions_floor_spawned":[4,6,7,23],"killed_by":"Book of Stabbing","ascension_level":0}}