{"host":"pke0xxyzw0teju56","time":1614450598,"event":{"mods":["BaseMod","Bestiary","Colored Powertips","Highlight Path","Minty Spire (QoL Compilation)","StSLib"],"gold_per_floor":[109,123,123,123,40,40,68,82,82,82,111,131,150,150,150,222,222,238,11,31,31,31,31,31,31,31],"floor_reached":25,"language":"ENG","playtime":692,"items_purged":[],"score":418,"play_id":"471794d9-07fb-4fc4-b3b0-7f7f3acf6af4","local_time":"20210227132958","is_ascension_mode":true,"campfire_choices":[{"data":"Defragment","floor":6,"key":"SMITH"},{"data":"Defragment","floor":10,"key":"SMITH"},{"floor":15,"key":"REST"},{"data":"Capacitor","floor":23,"key":"SMITH"}],"circlet_count":0,"master_deck":["AscendersBane","Strike_B","Strike_B","Strike_B","Strike_B","Defend_B","Defend_B","Defend_B","Defend_B","Zap","Dualcast","Core Surge","Defragment+1","Tempest","Cold Snap","Beam Cell","Defragment+1","Capacitor+1","Lockon","Recycle+1","Core Surge","Fusion","Static Discharge+1","RitualDagger"],"relics":["FrozenCore","Gremlin Horn","The Courier","Juzu Bracelet","Art of War","White Beast Statue"],"acts_visited":["Exordium","TheCity"],"potions_floor_usage":[7,16,25],"damage_taken":[{"damage":11,"enemies":"Small Slimes","floor":1,"turns":3},{"damage":2,"enemies":"Jaw Worm","floor":2,"turns":3},{"damage":18,"enemies":"Gremlin Nob","floor":7,"turns":4},{"damage":0,"enemies":"Cultist","floor":8,"turns":3},{"damage":19,"enemies":"Lagavulin","floor":11,"turns":6},{"damage":1,"enemies":"Exordium Wildlife","floor":12,"turns":2},{"damage":8,"enemies":"Lots of Slimes","floor":13,"turns":3},{"damage":3,"enemies":"Slime Boss","floor":16,"turns":6},{"damage":8,"enemies":"Spheric Guardian","floor":18,"turns":5},{"damage":5,"enemies":"Chosen","floor":20,"turns":7},{"damage":37,"enemies":"Book of Stabbing","floor":25,"turns":4}],"seed_played":"-7849133153185023738","potions_obtained":[{"floor":2,"key":"ColorlessPotion"},{"floor":7,"key":"FairyPotion"},{"floor":12,"key":"Fire Potion"},{"floor":20,"key":"Energy Potion"}],"is_trial":false,"path_per_floor":["M","M","?","?","$","R","E","M","T","R","E","M","M","?","R","B",null,"M","$","M","$","?","R","?","E"],"character_chosen":"DEFECT","items_purchased":["Cold Snap","Beam Cell","White Beast Statue"],"campfire_rested":1,"item_purchase_floors":[5,5,19],"current_hp_per_floor":[53,51,51,40,40,40,22,22,22,22,3,2,13,13,32,29,55,47,47,42,42,42,42,36,0,0],"gold":31,"neow_bonus":"THREE_RARE_CARDS","is_daily":false,"chose_seed":false,"campfire_upgraded":3,"win_rate":0.0,"timestamp":1614450598,"path_taken":["M","M","?","?","?","R","E","?","T","R","E","M","M","?","R","BOSS","M","$","M","?","?","R","?","E"],"items_purchased_type":["Card","Card","Relic"],"build_version":"2020-12-22","purchased_purges":0,"victory":false,"max_hp_per_floor":[64,64,64,64,64,64,64,64,64,64,64,64,64,64,64,64,64,64,64,64,64,64,64,64,64,64],"card_choices":[{"not_picked":["Rainbow","Amplify"],"picked":"Core Surge","floor":0},{"not_picked":["Steam","Redo"],"picked":"Defragment","floor":1},{"not_picked":["Force Field","Conserve Battery"],"picked":"Tempest","floor":2},{"not_picked":["Self Repair","Coolheaded"],"picked":"Defragment","floor":7},{"not_picked":["Go for the Eyes","Compile Driver"],"picked":"Capacitor","floor":8},{"not_picked":["Streamline","Conserve Battery"],"picked":"Lockon","floor":11},{"not_picked":["Ball Lightning","Beam Cell","Heatsinks"],"picked":"SKIP","floor":12},{"not_picked":["Go for the Eyes","Chaos"],"picked":"Recycle","floor":13},{"not_picked":["Reboot","Machine Learning"],"picked":"Core Surge","floor":16},{"not_picked":["Steam","Go for the Eyes"],"picked":"Fusion","floor":18},{"not_picked":["Coolheaded","Reinforced Body"],"picked":"Static Discharge+1","floor":20}],"player_experience":5392614,"relics_obtained":[{"floor":7,"key":"The Courier"},{"floor":9,"key":"Juzu Bracelet"},{"floor":11,"key":"Art of War"}],"event_choices":[{"damage_healed":0,"gold_gain":0,"player_choice":"Ignored","damage_taken":0,"max_hp_gain":0,"max_hp_loss":0,"event_name":"Shining Light","floor":3,"gold_loss":0},{"damage_healed":0,"gold_gain":0,"player_choice":"Success","damage_taken":11,"relics_obtained":["Gremlin Horn"],"max_hp_gain":0,"max_hp_loss":0,"event_name":"Scrap Ooze","floor":4,"gold_loss":0},{"damage_healed":0,"gold_gain":0,"player_choice":"Forge","damage_taken":0,"max_hp_gain":0,"max_hp_loss":0,"event_name":"Accursed Blacksmith","floor":14,"gold_loss":0,"cards_upgraded":["Recycle"]},{"damage_healed":0,"gold_gain":0,"player_choice":"Ignored","damage_taken":0,"max_hp_gain":0,"max_hp_loss":0,"event_name":"The Mausoleum","floor":22,"gold_loss":0},{"damage_healed":0,"gold_gain":0,"player_choice":"Joined the Cult","damage_taken":6,"max_hp_gain":0,"max_hp_loss":0,"event_name":"Nest","floor":24,"gold_loss":0,"cards_obtained":["RitualDagger"]}],"is_beta":false,"boss_relics":[{"not_picked":["Cursed Key","Ectoplasm"],"picked":"FrozenCore"}],"items_purged_floors":[],"is_endless":false,"potions_floor_spawned":[2,7,12,20],"killed_by":"Book of Stabbing","ascension_level":20}}