{"host":"2lo6hma6kymb0g9i","time":1614454311,"event":{"mods":["BaseMod","Colored Map","DeckTracker","Minty Spire (QoL Compilation)","SuperFastMode"],"gold_per_floor":[112,187,201,201,201,233,233,248,248,276,276,303,322,322,322,398,398,417,417,434,434,1,29,29,59,59,69,97,197,147,165,165,244,244,254,15,33,58,0,0,32,32,32,60,60,90,105,121,121,121,121,121,121,3,29,29],"floor_reached":57,"language":"JPN","playtime":5505,"items_purged":["Strike_G","Strike_G","Strike_G","Strike_G"],"score":3228,"play_id":"bc061bf4-d4c0-45e9-a286-b8ddf9bd1f57","local_time":"20210228043151","is_ascension_mode":true,"campfire_choices":[{"floor":7.0,"key":"REST"},{"floor":11.0,"key":"REST"},{"data":"Burst","floor":15.0,"key":"SMITH"},{"floor":24.0,"key":"REST"},{"data":"Neutralize","floor":32.0,"key":"SMITH"},{"floor":40.0,"key":"RECALL"},{"floor":45.0,"key":"REST"},{"data":"Tools of the Trade","floor":49.0,"key":"SMITH"},{"floor":53.0,"key":"REST"}],"circlet_count":0,"master_deck":["AscendersBane","Defend_G","Defend_G","Defend_G","Defend_G","Defend_G","Survivor","Neutralize+1","Cloak And Dagger","Burst+1","Dagger Throw","Venomology","Cloak And Dagger","Tools of the Trade+1","Blade Dance","Apotheosis","Storm of Steel+1","Dash","Leg Sweep+1","Bullet Time+1","Leg Sweep+1","Caltrops","Dagger Spray","PiercingWail+1","Riddle With Holes+1","Eviscerate+1","Backflip+1","Caltrops","Deflect+1"],"relics":["Ring of the Snake","NeowsBlessing","Regal Pillow","Shuriken","Singing Bowl","Letter Opener","Smiling Mask","Akabeko","Snecko Eye","MutagenicStrength","Bag of Marbles","Toxic Egg 2","Strawberry","InkBottle","Mango","Pocketwatch","The Courier","Black Star","Lantern","StoneCalendar","Red Mask","PreservedInsect","Molten Egg 2","Ninja Scroll","HornCleat","Bird Faced Urn","Ornamental Fan","Pantograph"],"acts_visited":["Exordium","TheCity","TheBeyond","TheEnding"],"potions_floor_usage":[56,56,56],"damage_taken":[{"damage":0.0,"enemies":"Small Slimes","floor":1.0,"turns":1.0},{"damage":0.0,"enemies":"Jaw Worm","floor":3.0,"turns":1.0},{"damage":0.0,"enemies":"Gremlin Nob","floor":6.0,"turns":1.0},{"damage":0.0,"enemies":"Cultist","floor":8.0,"turns":4.0},{"damage":37.0,"enemies":"Lagavulin","floor":10.0,"turns":9.0},{"damage":20.0,"enemies":"3 Sentries","floor":12.0,"turns":8.0},{"damage":2.0,"enemies":"Looter","floor":13.0,"turns":3.0},{"damage":9.0,"enemies":"The Guardian","floor":16.0,"turns":15.0},{"damage":19.0,"enemies":"2 Thieves","floor":18.0,"turns":5.0},{"damage":10.0,"enemies":"Spheric Guardian","floor":20.0,"turns":4.0},{"damage":0.0,"enemies":"Book of Stabbing","floor":23.0,"turns":4.0},{"damage":28.0,"enemies":"Gremlin Leader","floor":25.0,"turns":5.0},{"damage":6.0,"enemies":"3 Cultists","floor":27.0,"turns":3.0},{"damage":7.0,"enemies":"Slavers","floor":28.0,"turns":3.0},{"damage":0.0,"enemies":"Colosseum Slavers","floor":29.0,"turns":3.0},{"damage":0.0,"enemies":"Colosseum Nobs","floor":29.0,"turns":4.0},{"damage":0.0,"enemies":"Snake Plant","floor":31.0,"turns":5.0},{"damage":0.0,"enemies":"Collector","floor":33.0,"turns":5.0},{"damage":13.0,"enemies":"3 Shapes","floor":35.0,"turns":4.0},{"damage":0.0,"enemies":"Orb Walker","floor":37.0,"turns":1.0},{"damage":0.0,"enemies":"Mind Bloom Boss Battle","floor":38.0,"turns":3.0},{"damage":1.0,"enemies":"Nemesis","floor":41.0,"turns":3.0},{"damage":0.0,"enemies":"Giant Head","floor":44.0,"turns":4.0},{"damage":0.0,"enemies":"Nemesis","floor":46.0,"turns":1.0},{"damage":0.0,"enemies":"Jaw Worm Horde","floor":47.0,"turns":3.0},{"damage":11.0,"enemies":"Transient","floor":48.0,"turns":6.0},{"damage":37.0,"enemies":"Donu and Deca","floor":50.0,"turns":8.0},{"damage":42.0,"enemies":"Time Eater","floor":51.0,"turns":8.0},{"damage":0.0,"enemies":"Shield and Spear","floor":55.0,"turns":4.0},{"damage":91,"enemies":"The Heart","floor":56,"turns":8}],"seed_played":"-5049855471940629177","potions_obtained":[{"floor":8.0,"key":"Energy Potion"},{"floor":10.0,"key":"SkillPotion"},{"floor":12.0,"key":"EssenceOfSteel"},{"floor":20.0,"key":"EssenceOfSteel"},{"floor":28.0,"key":"BlessingOfTheForge"},{"floor":29.0,"key":"PowerPotion"}],"is_trial":false,"path_per_floor":["M","?","M","?","T","E","R","M","T","E","R","E","M","?","R","B",null,"M","?","M","?","$","E","R","E","T","M","E","?","$","M","R","B",null,"M","$","M","?","?","R","E","$","T","E","R","E","M","M","R","B","B",null,"R","$","E","B",null],"character_chosen":"THE_SILENT","items_purchased":["Apotheosis","Bag of Marbles","Caltrops","Lantern","Caltrops"],"campfire_rested":5,"item_purchase_floors":[22,22,36,36,54],"current_hp_per_floor":[59,48,48,22,22,24,59,59,59,24,60,40,38,38,38,29,60,41,41,33,33,33,35,72,51,51,47,56,56,56,56,56,56,88,75,75,77,77,77,77,76,76,76,78,103,103,103,92,92,57,15,81,103,103,103,16],"gold":29,"neow_bonus":"THREE_ENEMY_KILL","is_daily":false,"chose_seed":false,"campfire_upgraded":3,"win_rate":0.0,"timestamp":1614454311,"path_taken":["M","?","M","?","?","E","R","M","T","E","R","E","?","?","R","BOSS","M","?","M","?","$","E","R","E","T","M","E","?","$","M","R","BOSS","M","$","M","?","?","R","E","$","T","E","R","E","M","M","R","BOSS","BOSS","R","$","E","BOSS"],"items_purchased_type":["Card","Relic","Card","Relic","Card"],"build_version":"2020-12-22","purchased_purges":4,"victory":true,"max_hp_per_floor":[66,66,66,66,66,68,68,68,68,70,70,70,70,70,70,70,70,70,70,72,72,72,74,74,81,81,83,99,99,99,99,99,99,99,99,99,101,101,101,101,101,101,101,103,103,103,103,103,103,103,103,103,103,103,103,103],"card_choices":[{"not_picked":["Dodge and Roll","Slice"],"picked":"Cloak And Dagger","floor":1.0},{"not_picked":["All Out Attack","Slice"],"picked":"Burst","floor":3.0},{"not_picked":["Slice","Grand Finale","Underhanded Strike"],"picked":"Singing Bowl","floor":6.0},{"not_picked":["Choke","Dagger Spray"],"picked":"Dagger Throw","floor":8.0},{"not_picked":["Flying Knee","Backflip","Sucker Punch"],"picked":"Singing Bowl","floor":10.0},{"not_picked":["Blur","Escape Plan"],"picked":"Venomology","floor":12.0},{"not_picked":["Flying Knee","Dodge and Roll"],"picked":"Cloak And Dagger","floor":13.0},{"not_picked":["Corpse Explosion","Die Die Die"],"picked":"Tools of the Trade","floor":16.0},{"not_picked":["Deflect+1","Prepared"],"picked":"Blade Dance","floor":18.0},{"not_picked":["Deflect","Slice","Cloak And Dagger"],"picked":"Singing Bowl","floor":20.0},{"not_picked":["Quick Slash","Backflip+1","Unload"],"picked":"Singing Bowl","floor":23.0},{"not_picked":["Accuracy","Noxious Fumes+1"],"picked":"Storm of Steel+1","floor":25.0},{"not_picked":["Dodge and Roll+1","Tactician+1","Acrobatics+1"],"picked":"Singing Bowl","floor":27.0},{"not_picked":["Cloak And Dagger+1","Backflip+1","Sucker Punch"],"picked":"Singing Bowl","floor":28.0},{"not_picked":["Sucker Punch","Underhanded Strike"],"picked":"Dash","floor":29.0},{"not_picked":["Heel Hook","Concentrate+1"],"picked":"Leg Sweep+1","floor":31.0},{"not_picked":["A Thousand Cuts","Burst+1"],"picked":"Bullet Time+1","floor":33.0},{"not_picked":["Well Laid Plans+1","Underhanded Strike"],"picked":"Leg Sweep+1","floor":35.0},{"not_picked":["Sucker Punch+1","Dodge and Roll+1","Underhanded Strike+1"],"picked":"Singing Bowl","floor":37.0},{"not_picked":["Bane","A Thousand Cuts"],"picked":"Dagger Spray","floor":38.0},{"not_picked":["Prepared+1","Skewer"],"picked":"PiercingWail+1","floor":41.0},{"not_picked":["Dagger Spray+1","Heel Hook+1","Sucker Punch+1"],"picked":"Singing Bowl","floor":44.0},{"not_picked":["Dagger Throw+1","Glass Knife+1"],"picked":"Riddle With Holes+1","floor":46.0},{"not_picked":["Concentrate+1","Skewer+1"],"picked":"Eviscerate+1","floor":47.0},{"not_picked":["Dodge and Roll+1","Riddle With Holes+1"],"picked":"Backflip+1","floor":48.0},{"not_picked":["Dagger Spray+1","Outmaneuver+1"],"picked":"Deflect+1","floor":55.0}],"player_experience":1270813,"relics_obtained":[{"floor":5.0,"key":"Shuriken"},{"floor":6.0,"key":"Singing Bowl"},{"floor":9.0,"key":"Letter Opener"},{"floor":10.0,"key":"Smiling Mask"},{"floor":12.0,"key":"Akabeko"},{"floor":23.0,"key":"Toxic Egg 2"},{"floor":25.0,"key":"Strawberry"},{"floor":26.0,"key":"InkBottle"},{"floor":28.0,"key":"Mango"},{"floor":29.0,"key":"Pocketwatch"},{"floor":29.0,"key":"The Courier"},{"floor":38.0,"key":"StoneCalendar"},{"floor":41.0,"key":"PreservedInsect"},{"floor":44.0,"key":"Molten Egg 2"},{"floor":44.0,"key":"Ninja Scroll"},{"floor":46.0,"key":"HornCleat"},{"floor":46.0,"key":"Bird Faced Urn"},{"floor":55.0,"key":"Ornamental Fan"},{"floor":55.0,"key":"Pantograph"}],"event_choices":[{"damage_healed":0.0,"max_hp_gain":0.0,"max_hp_loss":0.0,"gold_gain":75.0,"event_name":"World of Goop","player_choice":"Gather Gold","floor":2.0,"gold_loss":0.0,"damage_taken":11.0},{"damage_healed":0.0,"max_hp_gain":0.0,"max_hp_loss":0.0,"gold_gain":0.0,"event_name":"Scrap Ooze","player_choice":"Success","floor":4.0,"gold_loss":0.0,"damage_taken":26.0,"relics_obtained":["Regal Pillow"]},{"damage_healed":0.0,"max_hp_gain":0.0,"max_hp_loss":0.0,"gold_gain":0.0,"event_name":"Liars Game","player_choice":"Ignored","floor":14.0,"gold_loss":0.0,"damage_taken":0.0},{"cards_removed":["Strike_G"],"damage_healed":0.0,"max_hp_gain":0.0,"max_hp_loss":0.0,"gold_gain":0.0,"event_name":"Back to Basics","player_choice":"Elegance","floor":19.0,"gold_loss":0.0,"damage_taken":0.0},{"damage_healed":0.0,"max_hp_gain":0.0,"max_hp_loss":0.0,"gold_gain":0.0,"event_name":"Drug Dealer","player_choice":"Inject Mutagens","floor":21.0,"gold_loss":0.0,"damage_taken":0.0,"relics_obtained":["MutagenicStrength"]},{"damage_healed":0.0,"max_hp_gain":0.0,"max_hp_loss":0.0,"gold_gain":0.0,"event_name":"Colosseum","player_choice":"Fight","floor":29.0,"gold_loss":0.0,"damage_taken":0.0},{"damage_healed":0.0,"max_hp_gain":0.0,"max_hp_loss":0.0,"gold_gain":0.0,"event_name":"Colosseum","player_choice":"Fought Nobs","floor":29.0,"gold_loss":0.0,"damage_taken":0.0},{"damage_healed":0.0,"max_hp_gain":0.0,"max_hp_loss":0.0,"gold_gain":0.0,"event_name":"MindBloom","player_choice":"Fight","floor":38.0,"gold_loss":0.0,"damage_taken":0.0},{"damage_healed":0.0,"max_hp_gain":0.0,"max_hp_loss":0.0,"gold_gain":0.0,"event_name":"Tomb of Lord Red Mask","player_choice":"Paid","floor":39.0,"gold_loss":58.0,"damage_taken":0.0,"relics_obtained":["Red Mask"]}],"is_beta":false,"boss_relics":[{"not_picked":["Ectoplasm","Fusion Hammer"],"picked":"Snecko Eye"},{"not_picked":["Philosopher\u0027s Stone","Cursed Key"],"picked":"Black Star"}],"items_purged_floors":[22,30,36,54],"is_endless":false,"potions_floor_spawned":[8,10,12,20,25,28,29,38,41,44],"ascension_level":20}}