{"host":"jsd6g3c2vo13e69c","time":1614439255,"event":{"mods":["2.2 Compatiblity","Act Like it!","BaseMod","Better Altar","Better Match","Better Note","Better Sensory Stone","Better Third Choice","BetterRewards","Colored Map","Colored Powertips","Downfall","Friendly Minions","GifTheSpireLib","Googly Eyes","Gremlin Mod","Hermit","Hubris","Infinite Spire","Melee Mod","Minty Spire (QoL Compilation)","Permanent Neow","Quick Restart","Random Character Button","Replay The Spire","Shop Mod","Spire Arcade","StSLib","The Cursed","The Disciple","The Forsaken","thorton"],"gold_per_floor":[99,114,129,139,155,167,167,167,167,200,218,18,18,38,50,50,50,50],"floor_reached":16,"language":"ENG","playtime":751,"items_purged":[],"score":106,"play_id":"b4578048-e28c-4749-9f2f-dc1ebbfa9edb","local_time":"20210227102055","is_ascension_mode":false,"campfire_choices":[{"data":"hexamod:Float","floor":1.0,"key":"SMITH"},{"data":"hexamod:GhostOfSpirePast","floor":12,"key":"SMITH"}],"circlet_count":0,"master_deck":["hexamod:Strike","hexamod:Strike","hexamod:Strike","hexamod:Defend","hexamod:Defend","hexamod:Defend","hexamod:Defend","hexamod:Sear","hexamod:Float+1","hexamod:Hexaguard","hexamod:BurningTouch+1","hexamod:GhostOfSpirePast+1","hexamod:BurningTouch+1","hexamod:BurningTouch+1"],"relics":["hexamod:SpiritBrand","hubris:Icosahedron","Replay:Bottled Eggs","downfall:HeartBlessingGreen","downfall:HeartBlessingBlue","hubris:FunFungus"],"acts_visited":["Exordium"],"potions_floor_usage":[10,15],"damage_taken":[{"damage":0.0,"enemies":"Cultist","floor":2.0,"turns":3.0},{"damage":1.0,"enemies":"Jaw Worm","floor":3.0,"turns":3.0},{"damage":0.0,"enemies":"Small Slimes","floor":4.0,"turns":3.0},{"damage":12.0,"enemies":"3 Louse","floor":5.0,"turns":4.0},{"damage":0.0,"enemies":"Exordium Wildlife","floor":6.0,"turns":4.0},{"damage":27,"enemies":"Gremlin Nob","floor":10,"turns":5},{"damage":6,"enemies":"Large Slime","floor":11,"turns":3},{"damage":5,"enemies":"Exordium Thugs","floor":14,"turns":3},{"damage":6,"enemies":"Gremlin Gang","floor":15,"turns":6},{"damage":26,"enemies":"IC_STATUS_ARCHETYPE","floor":16,"turns":6}],"seed_played":"-1153183113569211044","potions_obtained":[{"floor":4.0,"key":"Dexterity Potion"},{"floor":5.0,"key":"Weak Potion"},{"floor":14,"key":"Block Potion"},{"floor":15,"key":"SpeedPotion"}],"is_trial":false,"path_per_floor":["R","M","M","M","M","M","T","?","?","E","M","R","T","M","M","B"],"character_chosen":"THE_SPIRIT","items_purchased":[],"campfire_rested":0,"item_purchase_floors":[],"current_hp_per_floor":[70,70,69,69,57,57,57,57,57,30,24,34,34,29,23,0,0,0],"gold":50,"neow_bonus":"THREE_CARDS","is_daily":false,"chose_seed":false,"campfire_upgraded":2,"win_rate":0.0,"timestamp":1614439255,"path_taken":["R","M","M","M","M","?","T","?","?","E","M","R","?","M","M","BOSS"],"items_purchased_type":[],"build_version":"2020-12-22","purchased_purges":0,"victory":false,"max_hp_per_floor":[70,70,70,70,70,70,70,70,70,70,70,80,80,80,80,80,80,80],"card_choices":[{"not_picked":["hexamod:HauntingEcho","hexamod:NightmareGuise"],"picked":"hexamod:Hexaguard","floor":0.0},{"not_picked":["hexamod:HeatMetal","hexamod:NightmareStrike"],"picked":"hexamod:BurningTouch","floor":2.0},{"not_picked":["hexamod:AdvancingGuard","hexamod:InspiringFlames","hexamod:CatchUp"],"picked":"SKIP","floor":3.0},{"not_picked":["hexamod:Firestarter","hexamod:PhantomFireball"],"picked":"hexamod:GhostOfSpirePast","floor":4.0},{"not_picked":["hexamod:Firestarter","hexamod:FastForward","hexamod:RecurringNightmare"],"picked":"SKIP","floor":5.0},{"not_picked":["hexamod:HeatMetal","hexamod:FlameSwitch"],"picked":"hexamod:BurningTouch","floor":6.0},{"not_picked":["hexamod:GhostOfSpireFuture","hexamod:SuperheatedStrike","hexamod:HeatMetal"],"picked":"SKIP","floor":10},{"not_picked":["hexamod:Firestarter","hexamod:HeatMetal","hexamod:RadiantFlame"],"picked":"SKIP","floor":11},{"not_picked":["hexamod:ThirdSeal","hexamod:Again"],"picked":"hexamod:BurningTouch","floor":14},{"not_picked":["hexamod:InspiringFlames","hexamod:AdvancingGuard","hexamod:DynamicBlow"],"picked":"SKIP","floor":15}],"player_experience":538163,"relics_obtained":[{"floor":10,"key":"Replay:Bottled Eggs"},{"floor":13,"key":"hubris:FunFungus"}],"event_choices":[],"is_beta":false,"boss_relics":[],"items_purged_floors":[],"is_endless":false,"potions_floor_spawned":[4,5,14,15],"killed_by":"IC_STATUS_ARCHETYPE","ascension_level":0}}