{"host":"xw7092rw7wabncmm","time":1614386695,"event":{"mods":["AchievementEnabler","BaseMod","Bestiary","Block Reminder","Minty Spire (QoL Compilation)","Quick Restart","Relic Stats","Slay-I","Weighted Paths"],"gold_per_floor":[115,125,137,148,163,194,194,224,224,281,281,281,281,298,298,401,401,421,15,15,34,34,60,73,100,127,127,139,166,166,266,266,370,370,380,380,15,31,81,113,113,141,141,141,153,93,93,110,110,110,110,110,34,62,62,62],"floor_reached":55,"language":"ENG","playtime":4872,"items_purged":["Parasite"],"score":1319,"play_id":"9bd5024e-5172-4d15-b9ef-f468c1953db5","local_time":"20210226194455","is_ascension_mode":true,"campfire_choices":[{"data":"Dualcast","floor":7,"key":"SMITH"},{"floor":11,"key":"REST"},{"floor":13,"key":"REST"},{"data":"Double Energy","floor":15,"key":"SMITH"},{"data":"Hyperbeam","floor":27,"key":"SMITH"},{"data":"Ghostly","floor":32,"key":"SMITH"},{"floor":41,"key":"RECALL"},{"data":"Zap","floor":44,"key":"SMITH"},{"data":"Beam Cell","floor":47,"key":"SMITH"},{"floor":49,"key":"REST"},{"data":"Chill","floor":52,"key":"SMITH"}],"circlet_count":0,"master_deck":["AscendersBane","Strike_B+1","Strike_B+1","Strike_B+1","Defend_B+1","Defend_B+1","Defend_B+1","Defend_B+1","Zap+1","Dualcast+1","Beam Cell+1","Ball Lightning","FTL","Coolheaded","FTL","Genetic Algorithm","Go for the Eyes","Chill+1","Double Energy+1","Hyperbeam+1","Steam+1","Self Repair","Melter","Self Repair","Ghostly+1","Ghostly","Ghostly","Ghostly","Ghostly","Gash","Sunder","Consume","Tempest+1","Redo","Cold Snap","All For One","Cold Snap","Go for the Eyes","Gash","Recycle+1","Panacea"],"relics":["Cracked Core","Dead Branch","Matryoshka","Anchor","Letter Opener","Lizard Tail","Turnip","Sozu","Ginger","Vajra","CaptainsWheel","Blood Vial","Shuriken","Emotion Chip","The Courier","SlaversCollar","DataDisk","Bag of Preparation","PreservedInsect","Thread and Needle","Sundial","Prayer Wheel","Singing Bowl","Akabeko"],"acts_visited":["Exordium","TheCity","TheBeyond","TheEnding"],"potions_floor_usage":[3,4,6,6,10,16,18],"damage_taken":[{"damage":6,"enemies":"2 Louse","floor":1,"turns":3},{"damage":3,"enemies":"Small Slimes","floor":2,"turns":4},{"damage":1,"enemies":"Cultist","floor":3,"turns":3},{"damage":0,"enemies":"Blue Slaver","floor":4,"turns":3},{"damage":5,"enemies":"2 Fungi Beasts","floor":5,"turns":3},{"damage":0,"enemies":"Gremlin Nob","floor":6,"turns":2},{"damage":31,"enemies":"3 Sentries","floor":8,"turns":9},{"damage":3,"enemies":"3 Sentries","floor":10,"turns":5},{"damage":2,"enemies":"3 Louse","floor":14,"turns":2},{"damage":11,"enemies":"Slime Boss","floor":16,"turns":9},{"damage":0,"enemies":"2 Thieves","floor":18,"turns":2},{"damage":6,"enemies":"Spheric Guardian","floor":21,"turns":3},{"damage":3,"enemies":"Gremlin Leader","floor":23,"turns":7},{"damage":0,"enemies":"Centurion and Healer","floor":24,"turns":5},{"damage":18,"enemies":"Book of Stabbing","floor":25,"turns":5},{"damage":0,"enemies":"Shelled Parasite and Fungi","floor":28,"turns":4},{"damage":25,"enemies":"Gremlin Leader","floor":29,"turns":5},{"damage":0,"enemies":"Colosseum Slavers","floor":31,"turns":3},{"damage":0,"enemies":"Colosseum Nobs","floor":31,"turns":4},{"damage":21,"enemies":"Collector","floor":33,"turns":9},{"damage":3,"enemies":"3 Darklings","floor":35,"turns":4},{"damage":1,"enemies":"Orb Walker","floor":38,"turns":2},{"damage":1,"enemies":"2 Orb Walkers","floor":39,"turns":4},{"damage":3,"enemies":"Nemesis","floor":40,"turns":5},{"damage":0,"enemies":"Giant Head","floor":42,"turns":9},{"damage":19,"enemies":"Writhing Mass","floor":45,"turns":7},{"damage":0,"enemies":"Spire Growth","floor":48,"turns":4},{"damage":34,"enemies":"Donu and Deca","floor":50,"turns":10},{"damage":31,"enemies":"Shield and Spear","floor":54,"turns":3},{"damage":49,"enemies":"The Heart","floor":55,"turns":5}],"seed_played":"5024673913544693623","potions_obtained":[{"floor":2,"key":"EntropicBrew"},{"floor":5,"key":"ColorlessPotion"},{"floor":8,"key":"Block Potion"},{"floor":14,"key":"DuplicationPotion"},{"floor":16,"key":"AttackPotion"}],"is_trial":false,"path_per_floor":["M","M","M","M","M","E","R","E","T","?","R","?","R","M","R","B",null,"M","$","?","M","?","E","M","E","T","R","M","E","?","?","R","B",null,"M","?","$","M","?","E","R","E","T","R","M","$","R","M","R","B",null,"R","$","E","B"],"character_chosen":"DEFECT","items_purchased":["Ginger","Self Repair","Melter","DataDisk","Bag of Preparation","PreservedInsect","Panacea"],"campfire_rested":3,"item_purchase_floors":[19,19,19,37,37,37,53],"current_hp_per_floor":[44,41,40,40,35,35,35,4,4,1,23,8,30,28,28,17,61,61,61,61,62,37,37,37,37,37,37,37,26,26,37,37,16,32,37,37,37,36,36,37,37,37,37,37,22,22,22,33,40,20,35,35,35,22,0,0],"gold":62,"neow_bonus":"ONE_RARE_RELIC","is_daily":false,"chose_seed":false,"campfire_upgraded":7,"win_rate":0.0,"timestamp":1614386695,"path_taken":["M","M","M","M","M","E","R","E","T","?","R","?","R","M","R","BOSS","M","$","?","?","?","E","M","E","T","R","M","E","?","?","R","BOSS","M","?","$","?","?","E","R","E","T","R","M","$","R","M","R","BOSS","R","$","E","BOSS"],"items_purchased_type":["Relic","Card","Card","Relic","Relic","Relic","Card"],"build_version":"2020-12-22","purchased_purges":1,"victory":false,"max_hp_per_floor":[75,75,75,75,75,75,75,75,75,75,75,75,75,75,75,75,75,75,75,75,75,37,37,37,37,37,37,37,37,37,37,37,37,37,37,37,37,37,37,37,37,37,37,37,41,38,38,40,40,40,40,40,40,42,42,42],"relic_stats":{"Singing Bowl":8,"counters":[30,143],"Dead Branch":[177],"PreservedInsect":257,"Bag of Preparation":[18],"Letter Opener":[321],"Ginger":[10],"Sozu":5,"Blood Vial":14,"Lizard Tail":21,"Emotion Chip":[28,15,12,1,0],"Shuriken":[34],"Sundial":[0],"Prayer Wheel":2,"Turnip":[21],"obtain_stats":[{"Singing Bowl":43,"Dead Branch":0,"Vajra":23,"Thread and Needle":39,"The Courier":31,"PreservedInsect":37,"Bag of Preparation":37,"Letter Opener":9,"Ginger":19,"Akabeko":54,"Sozu":17,"Blood Vial":26,"SlaversCollar":34,"Anchor":8,"Lizard Tail":9,"CaptainsWheel":25,"Emotion Chip":31,"DataDisk":37,"Matryoshka":6,"Shuriken":29,"Sundial":40,"Prayer Wheel":42,"Turnip":10,"Cracked Core":0},{"Singing Bowl":25,"Dead Branch":0,"Vajra":13,"Thread and Needle":23,"The Courier":19,"PreservedInsect":21,"Bag of Preparation":21,"Letter Opener":7,"Ginger":11,"Akabeko":29,"Sozu":10,"Blood Vial":15,"SlaversCollar":20,"Anchor":7,"Lizard Tail":7,"CaptainsWheel":15,"Emotion Chip":19,"DataDisk":21,"Matryoshka":6,"Shuriken":17,"Sundial":24,"Prayer Wheel":25,"Turnip":8,"Cracked Core":0},{"Singing Bowl":114,"Dead Branch":0,"Vajra":55,"Thread and Needle":100,"The Courier":81,"PreservedInsect":94,"Bag of Preparation":94,"Letter Opener":27,"Ginger":45,"Akabeko":138,"Sozu":43,"Blood Vial":65,"SlaversCollar":90,"Anchor":27,"Lizard Tail":27,"CaptainsWheel":65,"Emotion Chip":81,"DataDisk":94,"Matryoshka":18,"Shuriken":74,"Sundial":105,"Prayer Wheel":114,"Turnip":32,"Cracked Core":0}]},"card_choices":[{"not_picked":["Compile Driver","Barrage"],"picked":"Beam Cell","floor":1},{"not_picked":["White Noise","Sweeping Beam"],"picked":"Ball Lightning","floor":2},{"not_picked":["Compile Driver","Leap"],"picked":"FTL","floor":3},{"not_picked":["Barrage","Beam Cell"],"picked":"Coolheaded","floor":4},{"not_picked":["Barrage","Amplify"],"picked":"FTL","floor":5},{"not_picked":["Turbo","FTL"],"picked":"Genetic Algorithm","floor":6},{"not_picked":["Barrage","Compile Driver"],"picked":"Go for the Eyes","floor":8},{"not_picked":["Steam","Sweeping Beam"],"picked":"Chill","floor":10},{"not_picked":["Beam Cell","Chaos"],"picked":"Double Energy","floor":14},{"not_picked":["Multi-Cast","Rainbow"],"picked":"Hyperbeam","floor":16},{"not_picked":["Hello World","Defragment"],"picked":"Steam+1","floor":18},{"not_picked":["Turbo","Ball Lightning"],"picked":"Self Repair","floor":21},{"not_picked":["Go for the Eyes","Hello World"],"picked":"Gash","floor":23},{"not_picked":["Coolheaded","Beam Cell"],"picked":"Sunder","floor":24},{"not_picked":["Machine Learning","Heatsinks"],"picked":"Consume","floor":25},{"not_picked":["Barrage","Self Repair"],"picked":"Tempest+1","floor":28},{"not_picked":["Consume","Rebound"],"picked":"Redo","floor":29},{"not_picked":["Conserve Battery","Static Discharge"],"picked":"Cold Snap","floor":31},{"not_picked":["Meteor Strike","Biased Cognition"],"picked":"All For One","floor":33},{"not_picked":["Barrage","Beam Cell"],"picked":"Cold Snap","floor":35},{"not_picked":["Stack","Rebound+1","Barrage+1"],"picked":"SKIP","floor":38},{"not_picked":["Thunder Strike","Rebound+1"],"picked":"Go for the Eyes","floor":39},{"not_picked":["Buffer","Conserve Battery"],"picked":"Gash","floor":40},{"not_picked":["Ball Lightning","Go for the Eyes+1","Redo"],"picked":"SKIP","floor":42},{"not_picked":["BootSequence","Beam Cell","Barrage+1"],"picked":"Singing Bowl","floor":45},{"not_picked":["Turbo","Gash","Loop"],"picked":"SKIP","floor":45},{"not_picked":["Turbo","Gash","Loop"],"picked":"Singing Bowl","floor":45},{"not_picked":["Glacier","Blizzard","Conserve Battery"],"picked":"Singing Bowl","floor":48},{"not_picked":["Go for the Eyes","BootSequence"],"picked":"Recycle+1","floor":48},{"not_picked":["Darkness","Hologram","All For One"],"picked":"Singing Bowl","floor":54}],"player_experience":1680235,"relics_obtained":[{"floor":6,"key":"Matryoshka"},{"floor":8,"key":"Anchor"},{"floor":9,"key":"Letter Opener"},{"floor":9,"key":"Lizard Tail"},{"floor":10,"key":"Turnip"},{"floor":23,"key":"Vajra"},{"floor":25,"key":"CaptainsWheel"},{"floor":26,"key":"Blood Vial"},{"floor":29,"key":"Shuriken"},{"floor":31,"key":"Emotion Chip"},{"floor":31,"key":"The Courier"},{"floor":39,"key":"Thread and Needle"},{"floor":40,"key":"Sundial"},{"floor":42,"key":"Prayer Wheel"},{"floor":43,"key":"Singing Bowl"},{"floor":54,"key":"Akabeko"}],"event_choices":[{"damage_healed":0,"gold_gain":30,"player_choice":"Searched \u00273\u0027 times","damage_taken":0,"max_hp_gain":0,"max_hp_loss":0,"event_name":"Dead Adventurer","floor":10,"gold_loss":0},{"damage_healed":0,"gold_gain":0,"player_choice":"Entered Light","damage_taken":15,"max_hp_gain":0,"max_hp_loss":0,"event_name":"Shining Light","floor":12,"gold_loss":0,"cards_upgraded":["Strike_B","Strike_B"]},{"cards_removed":["Strike_B"],"damage_healed":0,"gold_gain":0,"player_choice":"Purged","damage_taken":0,"max_hp_gain":0,"max_hp_loss":0,"event_name":"Purifier","floor":20,"gold_loss":0},{"damage_healed":0,"gold_gain":0,"player_choice":"Became a Ghost","damage_taken":0,"max_hp_gain":0,"max_hp_loss":38,"event_name":"Ghosts","floor":22,"gold_loss":0,"cards_obtained":["Ghostly","Ghostly","Ghostly","Ghostly","Ghostly"]},{"damage_healed":0,"gold_gain":0,"player_choice":"Simplicity","damage_taken":0,"max_hp_gain":0,"max_hp_loss":0,"event_name":"Back to Basics","floor":30,"gold_loss":0,"cards_upgraded":["Strike_B","Defend_B","Defend_B","Defend_B","Defend_B"]},{"damage_healed":0,"gold_gain":0,"player_choice":"Fight","damage_taken":0,"max_hp_gain":0,"max_hp_loss":0,"event_name":"Colosseum","floor":31,"gold_loss":0},{"damage_healed":0,"gold_gain":0,"player_choice":"Fought Nobs","damage_taken":0,"max_hp_gain":0,"max_hp_loss":0,"event_name":"Colosseum","floor":31,"gold_loss":0},{"damage_healed":0,"gold_gain":0,"player_choice":"Full Heal","damage_taken":0,"max_hp_gain":0,"max_hp_loss":0,"event_name":"Wheel of Change","floor":36,"gold_loss":0},{"damage_healed":0,"gold_gain":0,"player_choice":"Fight","damage_taken":0,"max_hp_gain":0,"max_hp_loss":0,"event_name":"Mysterious Sphere","floor":39,"gold_loss":0}],"is_beta":false,"boss_relics":[{"not_picked":["Calling Bell","Pandora\u0027s Box"],"picked":"Sozu"},{"not_picked":["SacredBark","Empty Cage"],"picked":"SlaversCollar"}],"items_purged_floors":[46],"is_endless":false,"potions_floor_spawned":[2,5,8,14,16,18,28,29,35,48],"killed_by":"The Heart","ascension_level":12}}