{"host":"¿à÷økuyou","time":1614393955,"event":{"mods":["ATMod(°¢èªMod)","Act Like it!","BaseMod","BetterRewards","Minty Spire (QoL Compilation)","Quick Restart","StSLib"],"gold_per_floor":[144,189,189,80,150,240,240,285,310,400,400,445,45,45,45,370,370,440,510,510,605,520,635,755,850,850,920,1135,1135,252,347,347,722,722,917,1062,566,566,116,116,90,90,115,310,430,620,796,796,796,921],"floor_reached":51,"language":"ZHS","playtime":1759,"items_purged":["Strike_B","Defend_B"],"score":1052,"play_id":"f42c3624-64d5-4bf7-992c-4cc1273c6203","local_time":"20210227104555","daily_mods":["Cursed Run","Diverse","Midas"],"is_ascension_mode":false,"campfire_choices":[{"floor":15,"key":"REST"},{"floor":29,"key":"REST"},{"floor":32,"key":"REST"},{"floor":40,"key":"REST"},{"floor":49,"key":"DIG"}],"circlet_count":0,"master_deck":["Strike_B+1","Strike_B","Strike_B","Defend_B+1","Defend_B","Defend_B+1","Zap","Dualcast","AT_FamilyPortrait+1","Cloak And Dagger","Shrug It Off","AT_Desolate","Coolheaded","Clumsy","Reaper","Armaments","Parasite","Pain","Scrawl","AT_IchimonjiDouble+1","Pommel Strike","Noxious Fumes","Shame","AT_Desolate+1","AT_KingSlayer","Second Wind","Ragnarok","Shame","Wish","Glacier","AT_EmpoweredMortalDraw","Discovery","Apotheosis","Impatience","Blade Dance","Madness","Madness","Decay","Acrobatics","Adrenaline","AT_FamilyPortrait+1","Regret"],"relics":["Cursed Key","Darkstone Periapt","Du-Vu Doll","AT_ATBox","Blue Candle","Regal Pillow","Blood Vial","AT_MibuBalloonWealth","Meat on the Bone","HornCleat","Nuclear Battery","Strawberry","Symbiotic Virus","Frozen Egg 2","Pantograph","Ornamental Fan","ClockworkSouvenir","Lantern","Sozu","AT_EbonyIvory","Vajra","AT_GoldPhoenixTree","OrangePellets","Ancient Tea Set","TungstenRod","Shovel","Toy Ornithopter"],"acts_visited":["Exordium","TheCity","TheBeyond"],"potions_floor_usage":[50,50,50],"damage_taken":[{"damage":0.0,"enemies":"Small Slimes","floor":1.0,"turns":4.0},{"damage":0.0,"enemies":"Cultist","floor":2.0,"turns":3.0},{"damage":0.0,"enemies":"2 Louse","floor":5.0,"turns":3.0},{"damage":14.0,"enemies":"3 Sentries","floor":6.0,"turns":7.0},{"damage":16.0,"enemies":"Large Slime","floor":8.0,"turns":5.0},{"damage":6.0,"enemies":"Gremlin Nob","floor":10.0,"turns":3.0},{"damage":0,"enemies":"Exordium Thugs","floor":12,"turns":5},{"damage":41,"enemies":"The Guardian","floor":16,"turns":13},{"damage":1,"enemies":"Spheric Guardian","floor":18,"turns":3},{"damage":1,"enemies":"Shell Parasite","floor":19,"turns":4},{"damage":1,"enemies":"Centurion and Healer","floor":21,"turns":3},{"damage":7,"enemies":"Book of Stabbing","floor":23,"turns":4},{"damage":15,"enemies":"3 Cultists","floor":24,"turns":5},{"damage":3,"enemies":"Shelled Parasite and Fungi","floor":25,"turns":3},{"damage":16,"enemies":"Snake Plant","floor":27,"turns":4},{"damage":36,"enemies":"Gremlin Leader","floor":28,"turns":7},{"damage":3,"enemies":"Centurion and Healer","floor":31,"turns":5},{"damage":10,"enemies":"Collector","floor":33,"turns":6},{"damage":31,"enemies":"3 Darklings","floor":35,"turns":6},{"damage":10,"enemies":"3 Shapes","floor":36,"turns":5},{"damage":12,"enemies":"3 Darklings","floor":44,"turns":4},{"damage":3,"enemies":"Sphere and 2 Shapes","floor":45,"turns":1},{"damage":24,"enemies":"Reptomancer","floor":46,"turns":3},{"damage":6,"enemies":"2 Orb Walkers","floor":47,"turns":3},{"damage":71,"enemies":"Awakened One","floor":50,"turns":7}],"seed_played":"-2463471341485849212","potions_obtained":[{"floor":1.0,"key":"BlessingOfTheForge"},{"floor":6.0,"key":"Swift Potion"},{"floor":8.0,"key":"Dexterity Potion"},{"floor":19,"key":"DistilledChaos"},{"floor":23,"key":"LiquidMemories"},{"floor":33,"key":"PowerPotion"}],"is_trial":false,"path_per_floor":["M","M","?","$","M","E","?","M","T","E","?","M","$","T","R","B",null,"M","M","?","M","?","E","M","M","T","M","E","R","$","M","R","B",null,"M","M","$","?","$","R","$","?","T","M","M","E","?","?","R","B",null],"character_chosen":"DEFECT","items_purchased":["AT_Desolate","AT_MibuBalloonWealth","Meat on the Bone","Ornamental Fan","ClockworkSouvenir","Lantern","AT_KingSlayer","Second Wind","AT_EbonyIvory","AT_EmpoweredMortalDraw","Vajra","AT_GoldPhoenixTree","OrangePellets","Blade Dance"],"campfire_rested":4,"item_purchase_floors":[4,13,13,30,30,30,30,30,37,37,37,39,39,41],"current_hp_per_floor":[75,75,75,75,75,61,46,30,36,30,30,42,42,48,87,64,93,93,92,92,92,99,100,85,86,92,87,66,106,106,103,106,112,112,99,104,104,94,94,112,112,96,102,92,91,69,65,65,65,75],"gold":921,"neow_bonus":"","is_daily":true,"chose_seed":false,"campfire_upgraded":0,"win_rate":0.0,"timestamp":1614393955,"path_taken":["M","M","?","$","M","E","?","M","T","E","?","?","$","?","R","BOSS","M","M","?","M","?","E","M","M","T","M","E","R","$","M","R","BOSS","M","M","$","?","$","R","$","?","T","M","M","E","?","?","R","BOSS"],"items_purchased_type":["Card","Relic","Relic","Relic","Relic","Relic","Card","Card","Relic","Card","Relic","Relic","Relic","Card"],"build_version":"2020-12-18","purchased_purges":2,"victory":true,"max_hp_per_floor":[75,75,75,75,75,75,75,75,81,81,81,81,81,87,87,93,93,93,93,93,93,100,100,100,100,106,106,106,106,106,106,106,112,112,112,112,112,112,112,112,112,112,118,118,118,118,118,118,118,124],"card_choices":[{"not_picked":["Sentinel","Scrape"],"picked":"Cloak And Dagger","floor":1.0},{"not_picked":["Poisoned Stab","FollowUp"],"picked":"Shrug It Off","floor":2.0},{"not_picked":["ThirdEye","Poisoned Stab","SignatureMove"],"picked":"SKIP","floor":5.0},{"not_picked":["Undo","Choke","Evaluate"],"picked":"SKIP","floor":6.0},{"not_picked":["Evolve","SashWhip"],"picked":"Coolheaded","floor":8.0},{"not_picked":["Dodge and Roll","Endless Agony","Heavy Blade"],"picked":"SKIP","floor":10.0},{"not_picked":["Berserk","AT_DarkMatter"],"picked":"Armaments","floor":12},{"not_picked":["Envenom","After Image"],"picked":"Scrawl","floor":16},{"not_picked":["AT_ChampionStep","Heavy Blade"],"picked":"AT_IchimonjiDouble+1","floor":18},{"not_picked":["Darkness","Steam Power","Wild Strike"],"picked":"SKIP","floor":19},{"not_picked":["Steam","FlurryOfBlows"],"picked":"Pommel Strike","floor":21},{"not_picked":["Rebound","Halt","Force Field"],"picked":"SKIP","floor":23},{"not_picked":["FollowUp+1","Deflect","Slice+1"],"picked":"SKIP","floor":24},{"not_picked":["ClearTheMind","AT_DarkMatter"],"picked":"Noxious Fumes","floor":25},{"not_picked":["Gash","White Noise"],"picked":"AT_Desolate+1","floor":27},{"not_picked":["Beam Cell+1","ClearTheMind","AT_HeatAcrobatics"],"picked":"SKIP","floor":28},{"not_picked":["Steam Power","Acrobatics+1"],"picked":"Ragnarok","floor":31},{"not_picked":["AT_WaterDrop+1","AT_ChampionKick"],"picked":"Wish","floor":33},{"not_picked":["Cloak And Dagger","Beam Cell+1"],"picked":"Glacier","floor":35},{"not_picked":["ClearTheMind","Conclude","Iron Wave+1"],"picked":"SKIP","floor":36},{"not_picked":["Impatience","Mind Blast"],"picked":"Discovery","floor":38},{"not_picked":["AT_CelerityRune+1","Metamorphosis"],"picked":"Apotheosis","floor":38},{"not_picked":["Magnetism+1","Trip"],"picked":"Impatience","floor":38},{"not_picked":["Barrage","Flying Knee","Dagger Throw"],"picked":"SKIP","floor":44},{"not_picked":["Endless Agony+1","Deadly Poison"],"picked":"Acrobatics","floor":45},{"not_picked":["Ball Lightning","AT_RobotInSpace+1"],"picked":"Adrenaline","floor":46}],"player_experience":231317,"relics_obtained":[{"floor":6.0,"key":"Blue Candle"},{"floor":9.0,"key":"Regal Pillow"},{"floor":10.0,"key":"Blood Vial"},{"floor":14,"key":"HornCleat"},{"floor":23,"key":"Symbiotic Virus"},{"floor":26,"key":"Frozen Egg 2"},{"floor":28,"key":"Pantograph"},{"floor":43,"key":"Ancient Tea Set"},{"floor":46,"key":"TungstenRod"},{"floor":47,"key":"Shovel"},{"floor":49,"key":"Toy Ornithopter"}],"event_choices":[{"damage_healed":0.0,"max_hp_gain":0.0,"max_hp_loss":0.0,"gold_gain":0.0,"event_name":"Living Wall","player_choice":"Grow","floor":3.0,"gold_loss":0.0,"damage_taken":0.0,"cards_upgraded":["AT_FamilyPortrait"]},{"damage_healed":0.0,"max_hp_gain":0.0,"max_hp_loss":0.0,"gold_gain":0.0,"event_name":"Shining Light","player_choice":"Entered Light","floor":7.0,"gold_loss":0.0,"damage_taken":15.0,"cards_upgraded":["Defend_B","Strike_B"]},{"damage_healed":0,"gold_gain":0,"player_choice":"1 cards matched","damage_taken":0,"max_hp_gain":0,"max_hp_loss":0,"event_name":"Match and Keep!","floor":11,"gold_loss":0,"cards_obtained":["Reaper"]},{"damage_healed":0,"gold_gain":0,"player_choice":"Ignored","damage_taken":0,"max_hp_gain":0,"max_hp_loss":0,"event_name":"Vampires","floor":20,"gold_loss":0},{"damage_healed":0,"gold_gain":0,"player_choice":"Obtained Relic","damage_taken":0,"relics_obtained":["Strawberry"],"max_hp_gain":0,"max_hp_loss":0,"event_name":"Addict","floor":22,"gold_loss":85},{"damage_healed":0,"gold_gain":0,"player_choice":"Memory 3","damage_taken":10,"max_hp_gain":0,"max_hp_loss":0,"event_name":"SensoryStone","floor":38,"gold_loss":0},{"damage_healed":0,"gold_gain":0,"player_choice":"Embrace Madness","damage_taken":14,"max_hp_gain":0,"max_hp_loss":0,"event_name":"Winding Halls","floor":42,"gold_loss":0,"cards_obtained":["Madness","Madness"]},{"damage_healed":0,"gold_gain":0,"player_choice":"Fight","damage_taken":0,"max_hp_gain":0,"max_hp_loss":0,"event_name":"Mysterious Sphere","floor":47,"gold_loss":0},{"damage_healed":0,"gold_gain":0,"player_choice":"Copied","damage_taken":0,"max_hp_gain":0,"max_hp_loss":0,"event_name":"Duplicator","floor":48,"gold_loss":0,"cards_obtained":["AT_FamilyPortrait"]}],"is_beta":true,"boss_relics":[{"not_picked":["Busted Crown","Velvet Choker"],"picked":"Nuclear Battery"},{"not_picked":["SacredBark","Runic Pyramid"],"picked":"Sozu"}],"items_purged_floors":[4,30],"is_endless":false,"potions_floor_spawned":[1,6,8,19,23,28,31,33,44,45,46,47],"ascension_level":0}}