{"host":"ocllwaoi18j60ltd","time":1614440753,"event":{"mods":["BaseMod","DeckTracker","Minty Spire (QoL Compilation)","Permanent Neow","Quick Restart","StSLib","SuperFastMode"],"gold_per_floor":[117,134,134,153,176,206,206,232,232,232,242,242,254,268,268,370,370,384,484,71,83,133,148,48,48,48],"floor_reached":25,"language":"KOR","playtime":536,"items_purged":["Strike_B","Strike_B"],"score":316,"play_id":"925285d0-a1a0-480d-b888-4b8ec1b8aa4c","local_time":"20210228004553","is_ascension_mode":true,"campfire_choices":[{"data":"Fission","floor":7.0,"key":"SMITH"},{"floor":10.0,"key":"REST"},{"floor":12.0,"key":"REST"},{"data":"Defragment","floor":15.0,"key":"SMITH"}],"circlet_count":0,"master_deck":["Strike_B","Strike_B","Defend_B","Defend_B","Defend_B","Defend_B","Zap","Dualcast","Fission+1","Tempest","Barrage","Ball Lightning","Consume","Loop","FTL","Defragment+1","Lockon","Creative AI","Fusion+1","Static Discharge","Tempest+1"],"relics":["Cracked Core","Ancient Tea Set","StrikeDummy","Orichalcum","Ginger","SacredBark","FossilizedHelix"],"acts_visited":["Exordium","TheCity"],"potions_floor_usage":[23,23,25],"damage_taken":[{"damage":5.0,"enemies":"Small Slimes","floor":1.0,"turns":3.0},{"damage":8.0,"enemies":"Jaw Worm","floor":2.0,"turns":4.0},{"damage":9.0,"enemies":"2 Louse","floor":4.0,"turns":2.0},{"damage":25.0,"enemies":"Lagavulin","floor":6.0,"turns":4.0},{"damage":25.0,"enemies":"3 Sentries","floor":8.0,"turns":6.0},{"damage":18.0,"enemies":"Lots of Slimes","floor":11.0,"turns":3.0},{"damage":0.0,"enemies":"3 Louse","floor":13.0,"turns":2.0},{"damage":13.0,"enemies":"Red Slaver","floor":14.0,"turns":3.0},{"damage":0.0,"enemies":"Slime Boss","floor":16.0,"turns":5.0},{"damage":20.0,"enemies":"Shell Parasite","floor":18.0,"turns":5.0},{"damage":16.0,"enemies":"2 Thieves","floor":21.0,"turns":3.0},{"damage":23,"enemies":"Centurion and Healer","floor":23,"turns":6},{"damage":21,"enemies":"Slavers","floor":25,"turns":1}],"seed_played":"-3670033910882346724","potions_obtained":[{"floor":4.0,"key":"BlessingOfTheForge"},{"floor":6.0,"key":"CultistPotion"},{"floor":13.0,"key":"SpeedPotion"},{"floor":14.0,"key":"DistilledChaos"},{"floor":16.0,"key":"AttackPotion"},{"floor":21.0,"key":"EssenceOfSteel"},{"floor":23,"key":"SkillPotion"}],"is_trial":false,"path_per_floor":["M","M","?","M","T","E","R","E","T","R","M","R","M","M","R","B",null,"M","?","$","M","?","M","$","E"],"character_chosen":"DEFECT","items_purchased":["Static Discharge","FossilizedHelix"],"campfire_rested":2,"item_purchase_floors":[20,20],"current_hp_per_floor":[70,62,67,58,58,33,33,8,8,32,14,38,38,25,25,25,80,60,60,60,44,44,21,21,0,0],"gold":48,"neow_bonus":"ONE_RANDOM_RARE_CARD","is_daily":false,"chose_seed":false,"campfire_upgraded":2,"win_rate":0.0,"timestamp":1614440753,"path_taken":["M","M","?","M","?","E","R","E","T","R","M","R","M","M","R","BOSS","M","?","$","?","?","M","$","E"],"items_purchased_type":["Card","Relic"],"build_version":"2020-12-22","purchased_purges":2,"victory":false,"max_hp_per_floor":[75,75,80,80,80,80,80,80,80,80,80,80,80,80,80,80,80,80,80,80,80,80,80,80,80,80],"card_choices":[{"not_picked":["Turbo","Blizzard"],"picked":"Tempest","floor":1.0},{"not_picked":["Gash","Double Energy"],"picked":"Barrage","floor":2.0},{"not_picked":["Darkness","Steam"],"picked":"Ball Lightning","floor":4.0},{"not_picked":["Redo","Meteor Strike"],"picked":"Consume","floor":6.0},{"not_picked":["Beam Cell","Scrape"],"picked":"Loop","floor":8.0},{"not_picked":["Stack","Rebound"],"picked":"FTL","floor":11.0},{"not_picked":["Storm","Redo"],"picked":"Defragment","floor":13.0},{"not_picked":["Compile Driver","Tempest"],"picked":"Lockon","floor":14.0},{"not_picked":["Fission","Machine Learning"],"picked":"Creative AI","floor":16.0},{"not_picked":["Barrage","Gash+1"],"picked":"Fusion+1","floor":18.0},{"not_picked":["Heatsinks","Gash+1","Streamline"],"picked":"SKIP","floor":21.0},{"not_picked":["Steam+1","Go for the Eyes"],"picked":"Tempest+1","floor":23}],"player_experience":598912,"relics_obtained":[{"floor":5.0,"key":"Ancient Tea Set"},{"floor":6.0,"key":"StrikeDummy"},{"floor":8.0,"key":"Orichalcum"},{"floor":9.0,"key":"Ginger"}],"event_choices":[{"damage_healed":0.0,"max_hp_gain":5.0,"max_hp_loss":0.0,"gold_gain":0.0,"event_name":"Big Fish","player_choice":"Donut","floor":3.0,"gold_loss":0.0,"damage_taken":0.0},{"damage_healed":0.0,"max_hp_gain":0.0,"max_hp_loss":0.0,"gold_gain":100.0,"event_name":"Golden Shrine","player_choice":"Pray","floor":19.0,"gold_loss":0.0,"damage_taken":0.0},{"damage_healed":0.0,"max_hp_gain":0.0,"max_hp_loss":0.0,"gold_gain":100.0,"event_name":"The Joust","player_choice":"Bet on Murderer","floor":22.0,"gold_loss":50.0,"damage_taken":0.0}],"is_beta":false,"boss_relics":[{"not_picked":["Pandora\u0027s Box","Tiny House"],"picked":"SacredBark"}],"items_purged_floors":[20,24],"is_endless":false,"potions_floor_spawned":[4,6,13,14,16,21,23],"killed_by":"Slavers","ascension_level":4}}