{"host":"6c53mcp5i33szne4","time":1614438452,"event":{"mods":["BaseMod","Minty Spire (QoL Compilation)"],"gold_per_floor":[144,189,189,94,139,229,229,229,254,353,353,398,222,231,231,540,540,594,639,684,437,482,572,617,662,671,671,671],"floor_reached":27,"language":"ENG","playtime":1293,"items_purged":[],"score":318,"play_id":"29271704-af67-41ee-ac35-87894f9019c8","local_time":"20210227150732","daily_mods":["Cursed Run","Diverse","Midas"],"is_ascension_mode":false,"campfire_choices":[{"floor":8,"key":"REST"},{"floor":11,"key":"REST"},{"floor":15,"key":"REST"}],"circlet_count":0,"master_deck":["Defend_B","Defend_B","Defend_B","Defend_B","Zap","Dualcast","Infernal Blade","Glacier+1","Dramatic Entrance","Conclude","Writhe","Storm","Evolve","Adaptation","Injury","Study","Dramatic Entrance","Wireheading","Bite","Bite","Bite","Bite","Bite","Regret"],"relics":["Cursed Key","Darkstone Periapt","Du-Vu Doll","Matryoshka","CeramicFish","Ancient Tea Set","DataDisk","Velvet Choker","ClockworkSouvenir","StrikeDummy","Tiny Chest","Sundial"],"acts_visited":["Exordium","TheCity"],"potions_floor_usage":[24],"damage_taken":[{"damage":0,"enemies":"Small Slimes","floor":1,"turns":4},{"damage":1,"enemies":"Cultist","floor":2,"turns":4},{"damage":0,"enemies":"2 Louse","floor":5,"turns":2},{"damage":4,"enemies":"3 Sentries","floor":6,"turns":9},{"damage":16,"enemies":"Gremlin Nob","floor":10,"turns":3},{"damage":0,"enemies":"Large Slime","floor":12,"turns":3},{"damage":38,"enemies":"The Guardian","floor":16,"turns":12},{"damage":19,"enemies":"Spheric Guardian","floor":18,"turns":4},{"damage":15,"enemies":"Shell Parasite","floor":19,"turns":7},{"damage":12,"enemies":"Centurion and Healer","floor":20,"turns":7},{"damage":30,"enemies":"Book of Stabbing","floor":23,"turns":5},{"damage":17,"enemies":"3 Cultists","floor":24,"turns":4},{"damage":18,"enemies":"Shelled Parasite and Fungi","floor":25,"turns":7},{"damage":35,"enemies":"Snake Plant","floor":27,"turns":5}],"seed_played":"-2463471341485849212","potions_obtained":[{"floor":1,"key":"BlessingOfTheForge"},{"floor":6,"key":"Swift Potion"},{"floor":10,"key":"Dexterity Potion"},{"floor":24,"key":"SpeedPotion"}],"is_trial":false,"path_per_floor":["M","M","?","$","M","E","?","R","T","E","R","M","$","?","R","B",null,"M","M","M","$","?","E","M","M","T","M"],"character_chosen":"DEFECT","items_purchased":["Dramatic Entrance","DataDisk","Evolve","Dramatic Entrance","Wireheading","ClockworkSouvenir"],"campfire_rested":3,"item_purchase_floors":[4,13,13,21,21,21],"current_hp_per_floor":[75,74,74,74,74,70,55,75,81,65,81,81,81,81,81,49,87,68,55,45,45,45,27,16,16,22,0,0],"gold":671,"neow_bonus":"","is_daily":true,"chose_seed":false,"campfire_upgraded":0,"win_rate":0.0,"timestamp":1614438452,"path_taken":["M","M","?","$","M","E","?","R","T","E","R","M","$","?","R","BOSS","M","?","M","?","?","E","M","M","T","M"],"items_purchased_type":["Card","Relic","Card","Card","Card","Relic"],"build_version":"2020-12-22","purchased_purges":0,"victory":false,"max_hp_per_floor":[75,75,75,75,75,75,75,75,81,81,81,81,81,81,81,87,87,87,87,87,87,87,87,87,87,93,93,93],"card_choices":[{"not_picked":["Slice","Catalyst"],"picked":"Infernal Blade","floor":1},{"not_picked":["PathToVictory","Poisoned Stab"],"picked":"Glacier","floor":2},{"not_picked":["Meditate","Deflect","Dual Wield"],"picked":"SKIP","floor":5},{"not_picked":["Wallop","CutThroughFate"],"picked":"Conclude","floor":6},{"not_picked":["Hemokinesis","Force Field"],"picked":"Storm","floor":10},{"not_picked":["Evaluate","MentalFortress","Venomology"],"picked":"SKIP","floor":12},{"not_picked":["Aggregate","CarveReality"],"picked":"Study","floor":18},{"not_picked":["Melter","DeceiveReality","Headbutt"],"picked":"SKIP","floor":19},{"not_picked":["BowlingBash","Bloodletting","Wallop"],"picked":"SKIP","floor":20},{"not_picked":["Whirlwind+1","JustLucky+1","Deflect"],"picked":"SKIP","floor":23},{"not_picked":["Heel Hook","Searing Blow+1","CutThroughFate"],"picked":"SKIP","floor":24},{"not_picked":["Leap","Catalyst","Deadly Poison+1"],"picked":"SKIP","floor":25}],"player_experience":376070,"relics_obtained":[{"floor":6,"key":"Matryoshka"},{"floor":9,"key":"Blood Vial"},{"floor":9,"key":"CeramicFish"},{"floor":10,"key":"Ancient Tea Set"},{"floor":23,"key":"StrikeDummy"},{"floor":26,"key":"Tiny Chest"},{"floor":26,"key":"Sundial"}],"event_choices":[{"damage_healed":0,"gold_gain":0,"player_choice":"Grow","damage_taken":0,"max_hp_gain":0,"max_hp_loss":0,"event_name":"Living Wall","floor":3,"gold_loss":0,"cards_upgraded":["Glacier"]},{"damage_healed":0,"gold_gain":0,"player_choice":"Entered Light","damage_taken":15,"max_hp_gain":0,"max_hp_loss":0,"event_name":"Shining Light","floor":7,"gold_loss":0,"cards_upgraded":["Strike_B","Strike_B"]},{"damage_healed":0,"gold_gain":0,"player_choice":"1 cards matched","damage_taken":0,"max_hp_gain":0,"max_hp_loss":0,"event_name":"Match and Keep!","floor":14,"gold_loss":0,"cards_obtained":["Adaptation"]},{"damage_healed":0,"gold_gain":0,"player_choice":"Became a vampire (Vial)","damage_taken":0,"max_hp_gain":0,"max_hp_loss":0,"event_name":"Vampires","floor":22,"relics_lost":["Blood Vial"],"gold_loss":0,"cards_obtained":["Bite","Bite","Bite","Bite","Bite"]}],"is_beta":false,"boss_relics":[{"not_picked":["Coffee Dripper","Runic Dome"],"picked":"Velvet Choker"}],"items_purged_floors":[],"is_endless":false,"potions_floor_spawned":[1,6,10,19,23,24],"killed_by":"Snake Plant","ascension_level":0}}