{"host":"3fq4qkq16k5wd7va","time":1614443470,"event":{"mods":["BaseMod","Better Match","Googly Eyes","Minty Spire (QoL Compilation)","StSLib"],"gold_per_floor":[117,132,152,152,164,192,210,227,282,298,298,318,318,330,330,330,330],"floor_reached":16,"language":"ENG","playtime":1166,"items_purged":[],"score":119,"play_id":"fa979da6-ffdd-43c6-88c7-75e0ddb74fdc","local_time":"20210228033110","is_ascension_mode":true,"campfire_choices":[{"data":"Shrug It Off","floor":11,"key":"SMITH"},{"floor":15,"key":"REST"}],"circlet_count":0,"master_deck":["Strike_R","Strike_R","Strike_R","Strike_R","Strike_R","Defend_R","Defend_R","Defend_R","Defend_R","Bash","True Grit+1","Evolve","Disarm","Rampage","Fire Breathing","Shrug It Off+1","Body Slam"],"relics":["Burning Blood","Bottled Tornado","Tiny Chest"],"acts_visited":["Exordium"],"potions_floor_usage":[6,6,8,12,16],"damage_taken":[{"damage":3,"enemies":"Small Slimes","floor":1,"turns":5},{"damage":10,"enemies":"Cultist","floor":2,"turns":6},{"damage":16,"enemies":"Jaw Worm","floor":3,"turns":7},{"damage":15,"enemies":"Large Slime","floor":5,"turns":9},{"damage":20,"enemies":"Gremlin Nob","floor":6,"turns":5},{"damage":27,"enemies":"Exordium Wildlife","floor":7,"turns":6},{"damage":7,"enemies":"2 Fungi Beasts","floor":8,"turns":4},{"damage":23,"enemies":"Lots of Slimes","floor":10,"turns":5},{"damage":7,"enemies":"Large Slime","floor":12,"turns":8},{"damage":17,"enemies":"2 Fungi Beasts","floor":14,"turns":6},{"damage":45,"enemies":"The Guardian","floor":16,"turns":5}],"seed_played":"-2796107467707006815","potions_obtained":[{"floor":1,"key":"Block Potion"},{"floor":3,"key":"EssenceOfSteel"},{"floor":6,"key":"BloodPotion"},{"floor":10,"key":"Regen Potion"},{"floor":12,"key":"DuplicationPotion"},{"floor":14,"key":"Fire Potion"}],"is_trial":false,"path_per_floor":["M","M","M","?","M","E","M","M","T","M","R","M","?","M","R","B"],"character_chosen":"IRONCLAD","items_purchased":[],"campfire_rested":1,"item_purchase_floors":[],"current_hp_per_floor":[80,76,66,66,57,43,22,37,37,20,20,28,28,17,41,0,0],"gold":330,"neow_bonus":"THREE_CARDS","is_daily":false,"chose_seed":false,"campfire_upgraded":1,"win_rate":0.0,"timestamp":1614443470,"path_taken":["M","M","M","?","M","E","M","M","T","?","R","M","?","M","R","BOSS"],"items_purchased_type":[],"build_version":"2020-12-22","purchased_purges":0,"victory":false,"max_hp_per_floor":[80,80,80,80,80,80,80,80,80,80,80,80,80,80,80,80,80],"card_choices":[{"not_picked":["Clash","Reckless Charge"],"picked":"True Grit","floor":0},{"not_picked":["Rupture","Dual Wield","Heavy Blade"],"picked":"SKIP","floor":1},{"not_picked":["True Grit","Flex"],"picked":"Evolve","floor":2},{"not_picked":["Twin Strike","Pommel Strike"],"picked":"Disarm","floor":3},{"not_picked":["Wild Strike","True Grit","Twin Strike"],"picked":"SKIP","floor":5},{"not_picked":["Warcry","Dropkick"],"picked":"Rampage","floor":6},{"not_picked":["Sword Boomerang","Sever Soul","Iron Wave"],"picked":"SKIP","floor":7},{"not_picked":["Juggernaut","Anger"],"picked":"Fire Breathing","floor":8},{"not_picked":["Iron Wave","Pummel"],"picked":"Shrug It Off","floor":10},{"not_picked":["Heavy Blade","Pummel","Spot Weakness"],"picked":"SKIP","floor":12},{"not_picked":["Blood for Blood","Searing Blow"],"picked":"Body Slam","floor":14}],"player_experience":164438,"relics_obtained":[{"floor":6,"key":"Bottled Tornado"},{"floor":9,"key":"Tiny Chest"}],"event_choices":[{"damage_healed":0,"gold_gain":0,"player_choice":"Forge","damage_taken":0,"max_hp_gain":0,"max_hp_loss":0,"event_name":"Accursed Blacksmith","floor":4,"gold_loss":0,"cards_upgraded":["True Grit"]},{"damage_healed":0,"gold_gain":0,"player_choice":"Ignored","damage_taken":0,"max_hp_gain":0,"max_hp_loss":0,"event_name":"Golden Idol","floor":13,"gold_loss":0}],"is_beta":false,"boss_relics":[],"items_purged_floors":[],"is_endless":false,"potions_floor_spawned":[1,3,6,10,12,14],"killed_by":"The Guardian","ascension_level":2}}