{"host":"xdbac5uiks898er5","time":1614411761,"event":{"mods":["2.2 Compatiblity","BaseMod","Become a monster ???","Lobotomy","LobotomyExtend","Minty Spire (QoL Compilation)","Spire Arcade","StSLib","SuperFastMode","Unknown Chances"],"gold_per_floor":[115,115,129,147,147,147,147,147,147,164,174,194,294,329,329,425,425,440,101,101,117,117,117],"floor_reached":22,"language":"ENG","playtime":488,"items_purged":[],"score":186,"play_id":"d16b644b-7e5e-4ffa-8d38-141e74a22c2e","local_time":"20210227084241","is_ascension_mode":false,"campfire_choices":[{"data":"Bash","floor":6,"key":"SMITH"},{"data":"Strike_R","floor":8,"key":"SMITH"},{"data":"Inflame","floor":15,"key":"SMITH"}],"circlet_count":0,"master_deck":["Strike_R","Strike_R","Strike_R","Strike_R+1","Defend_R","Defend_R","Defend_R","Defend_R","Bash+1","OSAHOGD","OldLady","VoidDream","Heavy Blade+1","Sword Boomerang","Inflame+1","Brutality","Impervious","Inflame","Inflame"],"relics":["Burning Blood","CogitoBucket","LetterFromLob","Juzu Bracelet","PreservedInsect","Coffee Dripper","Question Card"],"acts_visited":["Exordium","TheCity"],"potions_floor_usage":[3,10,14,16,16,16,22],"damage_taken":[{"damage":1,"enemies":"Cultist","floor":1,"turns":4},{"damage":7,"enemies":"Small Slimes","floor":3,"turns":4},{"damage":0,"enemies":"2 Louse","floor":4,"turns":2},{"damage":6,"enemies":"Exordium Thugs","floor":10,"turns":3},{"damage":1,"enemies":"Exordium Wildlife","floor":11,"turns":4},{"damage":28,"enemies":"Blue Slaver","floor":12,"turns":4},{"damage":18,"enemies":"3 Sentries","floor":14,"turns":5},{"damage":38,"enemies":"Hexaghost","floor":16,"turns":9},{"damage":46,"enemies":"2 Thieves","floor":18,"turns":4},{"damage":2,"enemies":"Spheric Guardian","floor":21,"turns":4},{"damage":44,"enemies":"Centurion and Healer","floor":22,"turns":6}],"seed_played":"-5469566245443887933","potions_obtained":[{"floor":1,"key":"EntropicBrew"},{"floor":10,"key":"LiquidMemories"},{"floor":14,"key":"Explosive Potion"},{"floor":16,"key":"Block Potion"}],"is_trial":false,"path_per_floor":["M","$","M","M","?","R","E","R","T","M","M","M","?","E","R","B",null,"M","$","?","M","M"],"character_chosen":"IRONCLAD","items_purchased":["Question Card","Inflame"],"campfire_rested":0,"item_purchase_floors":[19,19],"current_hp_per_floor":[80,80,79,80,80,80,80,80,80,80,80,58,58,46,46,14,80,40,40,40,44,0,0],"gold":117,"neow_bonus":"","is_daily":false,"chose_seed":false,"campfire_upgraded":3,"win_rate":0.0,"timestamp":1614411761,"path_taken":["M","?","M","M","?","R","E","R","T","M","M","M","?","E","R","BOSS","M","$","?","M","M"],"items_purchased_type":["Relic","Card"],"build_version":"2020-12-22","purchased_purges":0,"victory":false,"max_hp_per_floor":[80,80,80,80,80,80,80,80,80,80,80,80,80,80,80,80,80,80,80,80,80,80,80],"card_choices":[{"not_picked":["Murderer","WhitesApple"],"picked":"OSAHOGD","floor":1},{"not_picked":["Thunderclap","Perfected Strike","Headbutt"],"picked":"SKIP","floor":1},{"not_picked":["MeatLantern","Woodsman"],"picked":"OldLady","floor":3},{"not_picked":["Anger","Perfected Strike","Clash"],"picked":"SKIP","floor":3},{"not_picked":["CherryBlossoms","PunishingBird"],"picked":"VoidDream","floor":4},{"not_picked":["Dark Embrace","Anger"],"picked":"Heavy Blade","floor":4},{"not_picked":["Battle Trance","Clothesline"],"picked":"Sword Boomerang","floor":10},{"not_picked":["Searing Blow","Dropkick"],"picked":"Inflame","floor":11},{"not_picked":["Pommel Strike","Heavy Blade","Rage"],"picked":"SKIP","floor":12},{"not_picked":["Reckless Charge","Armaments"],"picked":"Brutality","floor":14},{"not_picked":["Juggernaut","Bludgeon"],"picked":"Impervious","floor":16},{"not_picked":["Thunderclap","Headbutt+1","Shrug It Off"],"picked":"SKIP","floor":18},{"not_picked":["Power Through","Shrug It Off+1","Clothesline"],"picked":"Inflame","floor":21}],"player_experience":4912,"relics_obtained":[{"floor":1,"key":"LetterFromLob"},{"floor":9,"key":"Juzu Bracelet"},{"floor":14,"key":"PreservedInsect"}],"event_choices":[{"damage_healed":0,"gold_gain":0,"player_choice":"Upgraded","damage_taken":0,"max_hp_gain":0,"max_hp_loss":0,"event_name":"Upgrade Shrine","floor":5,"gold_loss":0,"cards_upgraded":["Heavy Blade"]},{"damage_healed":0,"gold_gain":100,"player_choice":"Pray","damage_taken":0,"max_hp_gain":0,"max_hp_loss":0,"event_name":"Golden Shrine","floor":13,"gold_loss":0},{"cards_removed":["Strike_R"],"damage_healed":0,"gold_gain":0,"player_choice":"Elegance","damage_taken":0,"max_hp_gain":0,"max_hp_loss":0,"event_name":"Back to Basics","floor":20,"gold_loss":0}],"is_beta":false,"boss_relics":[{"not_picked":["Fusion Hammer","Sozu"],"picked":"Coffee Dripper"}],"items_purged_floors":[],"is_endless":false,"potions_floor_spawned":[1,10,14,16],"killed_by":"Centurion and Healer","ascension_level":0}}