{"host":"0kk91h4bq4kgfj0u","time":1614386403,"event":{"mods":["BaseMod","Bestiary","Block Reminder","Colored Map","Colored Powertips","Curses Come First","Highlight Path","Minty Spire (QoL Compilation)","Relic Stats","StSLib"],"gold_per_floor":[111,111,129,33,108,136,136,165,191,209,112,112,112,122,122,226,226,246,246,246,246,24,24,33,33,33],"floor_reached":25,"language":"ENG","playtime":631,"items_purged":["Strike_R"],"score":300,"play_id":"b3456f83-d2a1-4c7c-a5b3-eddae7232687","local_time":"20210226194003","is_ascension_mode":true,"campfire_choices":[{"data":"Metallicize","floor":12,"key":"SMITH"},{"floor":15,"key":"REST"},{"data":"Feed","floor":23,"key":"SMITH"}],"circlet_count":0,"master_deck":["Strike_R","Strike_R","Strike_R","Strike_R","Defend_R","Defend_R","Defend_R","Defend_R","Bash","Inflame+1","Clothesline","Metallicize+1","Flex","Cleave","Armaments","Pommel Strike","Flex","Heavy Blade","Armaments","Feed+1","Shrug It Off","Whirlwind+1"],"relics":["Black Blood","Tiny Chest","Juzu Bracelet","Lantern","Toy Ornithopter","Molten Egg 2","MutagenicStrength","Pen Nib"],"acts_visited":["Exordium","TheCity"],"potions_floor_usage":[6,16,18,25],"damage_taken":[{"damage":11,"enemies":"Jaw Worm","floor":1,"turns":4},{"damage":0,"enemies":"Small Slimes","floor":3,"turns":3},{"damage":22,"enemies":"Lagavulin","floor":6,"turns":7},{"damage":29,"enemies":"Gremlin Nob","floor":8,"turns":5},{"damage":0,"enemies":"Cultist","floor":10,"turns":2},{"damage":14,"enemies":"Exordium Wildlife","floor":14,"turns":3},{"damage":79,"enemies":"The Guardian","floor":16,"turns":13},{"damage":34,"enemies":"3 Byrds","floor":18,"turns":7},{"damage":22,"enemies":"2 Thieves","floor":24,"turns":4},{"damage":46,"enemies":"Book of Stabbing","floor":25,"turns":5}],"seed_played":"5433075653166554580","potions_obtained":[{"floor":3,"key":"Block Potion"},{"floor":8,"key":"GamblersBrew"},{"floor":16,"key":"Block Potion"}],"is_trial":false,"path_per_floor":["M","?","M","$","?","E","?","E","T","M","$","R","?","M","R","B",null,"M","T","?","?","$","R","M","E"],"character_chosen":"IRONCLAD","items_purchased":["Flex","Cleave","Heavy Blade","BloodPotion","Pen Nib"],"campfire_rested":1,"item_purchase_floors":[4,4,11,11,22],"current_hp_per_floor":[67,67,73,73,62,46,72,49,49,55,55,55,52,44,68,16,64,50,50,50,50,50,50,40,0,0],"gold":33,"neow_bonus":"THREE_CARDS","is_daily":false,"chose_seed":false,"campfire_upgraded":2,"win_rate":0.0,"timestamp":1614386403,"path_taken":["M","?","M","$","?","E","?","E","T","M","?","R","?","M","R","BOSS","M","?","?","?","$","R","M","E"],"items_purchased_type":["Card","Card","Card","Potion","Relic"],"build_version":"2020-12-22","purchased_purges":1,"victory":false,"max_hp_per_floor":[80,80,80,80,80,80,80,80,80,80,80,80,80,80,80,80,80,83,83,83,83,83,83,83,83,83],"relic_stats":{"counters":[10,53],"Black Blood":66,"Tiny Chest":1,"Pen Nib":[1],"Juzu Bracelet":1,"obtain_stats":[{"Lantern":9,"MutagenicStrength":20,"Black Blood":17,"Tiny Chest":6,"Molten Egg 2":19,"Pen Nib":22,"Juzu Bracelet":8,"Burning Blood":0,"Toy Ornithopter":13},{"Lantern":4,"MutagenicStrength":8,"Black Blood":7,"Tiny Chest":3,"Molten Egg 2":8,"Pen Nib":8,"Juzu Bracelet":4,"Burning Blood":0,"Toy Ornithopter":5},{"Lantern":19,"MutagenicStrength":44,"Black Blood":37,"Tiny Chest":14,"Molten Egg 2":44,"Pen Nib":44,"Juzu Bracelet":19,"Burning Blood":0,"Toy Ornithopter":21}],"Toy Ornithopter":15},"card_choices":[{"not_picked":["Uppercut","Anger"],"picked":"Inflame","floor":0},{"not_picked":["Havoc","Thunderclap"],"picked":"Clothesline","floor":1},{"not_picked":["Inflame","True Grit"],"picked":"Metallicize","floor":3},{"not_picked":["Hemokinesis","Headbutt"],"picked":"Armaments","floor":6},{"not_picked":["Berserk","Seeing Red"],"picked":"Pommel Strike","floor":8},{"not_picked":["Body Slam","Pummel"],"picked":"Flex","floor":10},{"not_picked":["Bloodletting","Dual Wield"],"picked":"Armaments","floor":14},{"not_picked":["Juggernaut","Fiend Fire"],"picked":"Feed","floor":16},{"not_picked":["Clothesline","Clash"],"picked":"Shrug It Off","floor":18},{"not_picked":["Flex","True Grit"],"picked":"Whirlwind+1","floor":24}],"player_experience":930996,"relics_obtained":[{"floor":6,"key":"Tiny Chest"},{"floor":8,"key":"Juzu Bracelet"},{"floor":9,"key":"Lantern"},{"floor":19,"key":"Molten Egg 2"}],"event_choices":[{"damage_healed":0,"gold_gain":0,"player_choice":"Grow","damage_taken":0,"max_hp_gain":0,"max_hp_loss":0,"event_name":"Living Wall","floor":2,"gold_loss":0,"cards_upgraded":["Inflame"]},{"damage_healed":0,"gold_gain":75,"player_choice":"Gather Gold","damage_taken":11,"max_hp_gain":0,"max_hp_loss":0,"event_name":"World of Goop","floor":5,"gold_loss":0},{"damage_healed":26,"gold_gain":0,"player_choice":"Banana","damage_taken":0,"max_hp_gain":0,"max_hp_loss":0,"event_name":"Big Fish","floor":7,"gold_loss":0},{"damage_healed":0,"gold_gain":0,"player_choice":"Success","damage_taken":3,"relics_obtained":["Toy Ornithopter"],"max_hp_gain":0,"max_hp_loss":0,"event_name":"Scrap Ooze","floor":13,"gold_loss":0},{"damage_healed":0,"gold_gain":0,"player_choice":"Inject Mutagens","damage_taken":0,"relics_obtained":["MutagenicStrength"],"max_hp_gain":0,"max_hp_loss":0,"event_name":"Drug Dealer","floor":20,"gold_loss":0},{"damage_healed":0,"gold_gain":0,"player_choice":"Ignored","damage_taken":0,"max_hp_gain":0,"max_hp_loss":0,"event_name":"Vampires","floor":21,"gold_loss":0}],"is_beta":false,"boss_relics":[{"not_picked":["Snecko Eye","Fusion Hammer"],"picked":"Black Blood"}],"items_purged_floors":[22],"is_endless":false,"potions_floor_spawned":[3,8,16],"killed_by":"Book of Stabbing","ascension_level":9}}