{"host":"u1ja96cwu1wu8jpx","time":1614384077,"event":{"mods":["BaseMod","Better Match","Colored Map","Minty Spire (QoL Compilation)","Permanent Neow","StSLib"],"gold_per_floor":[367,380,395,412,227,227,211,241,241,274,284,298,331,351,351,446,446,463,474,305,321,338,367,383,410,435,435,469,469,488,137,137,234,234,251,269,317,328,328,358,282,311,337,355,355,369,306,319,319,319,319,319,47,79,79],"floor_reached":56,"language":"ENG","playtime":9299,"items_purged":["Defend_B","Defend_B","Defend_B","Strike_B"],"score":1351,"play_id":"5fd6639a-a7cd-4460-9115-7f4562222af1","local_time":"20210226190117","is_ascension_mode":true,"campfire_choices":[{"floor":6.0,"key":"REST"},{"floor":15.0,"key":"REST"},{"data":"Defragment","floor":27.0,"key":"SMITH"},{"floor":29.0,"key":"RECALL"},{"data":"Chill","floor":32.0,"key":"SMITH"},{"data":"Echo Form","floor":49,"key":"SMITH"},{"data":"Capacitor","floor":52,"key":"SMITH"}],"circlet_count":0,"master_deck":["Strike_B","Defend_B","Zap","Dualcast","Cold Snap","Blizzard","Hologram","Defragment+1","Cold Snap","Glacier","Darkness","Chill","Chill+1","Machine Learning","Amplify","Capacitor+1","Force Field","Loop+1","Hologram+1","Loop","Panacea+1","Echo Form+1","Self Repair","Defragment+1","Multi-Cast+1"],"relics":["FrozenCore","Membership Card","Mango","Lantern","Bird Faced Urn","Empty Cage","Happy Flower","Toxic Egg 2","Dream Catcher","Blood Vial","Emotion Chip","Bottled Tornado","Gambling Chip","Dead Branch","DollysMirror","Cables","Bag of Preparation","Mercury Hourglass","TheAbacus","Akabeko"],"acts_visited":["Exordium","TheCity","TheBeyond","TheEnding"],"potions_floor_usage":[44,45,45,55],"damage_taken":[{"damage":0.0,"enemies":"Small Slimes","floor":1.0,"turns":3.0},{"damage":6.0,"enemies":"Jaw Worm","floor":2.0,"turns":3.0},{"damage":4.0,"enemies":"Cultist","floor":3.0,"turns":3.0},{"damage":3.0,"enemies":"Red Slaver","floor":4.0,"turns":3.0},{"damage":10.0,"enemies":"Exordium Thugs","floor":7.0,"turns":5.0},{"damage":19.0,"enemies":"Lagavulin","floor":8.0,"turns":8.0},{"damage":8.0,"enemies":"Gremlin Nob","floor":10.0,"turns":5.0},{"damage":6.0,"enemies":"Looter","floor":11.0,"turns":3.0},{"damage":0.0,"enemies":"Large Slime","floor":12.0,"turns":3.0},{"damage":30.0,"enemies":"Lagavulin","floor":13.0,"turns":6.0},{"damage":0.0,"enemies":"Gremlin Gang","floor":14.0,"turns":4.0},{"damage":11.0,"enemies":"The Guardian","floor":16.0,"turns":14.0},{"damage":8.0,"enemies":"Chosen","floor":18.0,"turns":5.0},{"damage":4.0,"enemies":"Shell Parasite","floor":19.0,"turns":9.0},{"damage":3.0,"enemies":"Chosen and Byrds","floor":21.0,"turns":11.0},{"damage":26.0,"enemies":"Snake Plant","floor":22.0,"turns":9.0},{"damage":10.0,"enemies":"Slavers","floor":23.0,"turns":9.0},{"damage":2.0,"enemies":"Shelled Parasite and Fungi","floor":24.0,"turns":11.0},{"damage":10.0,"enemies":"Book of Stabbing","floor":25.0,"turns":11.0},{"damage":23.0,"enemies":"Gremlin Leader","floor":28.0,"turns":12.0},{"damage":20.0,"enemies":"Chosen and Byrds","floor":30.0,"turns":10.0},{"damage":22.0,"enemies":"Champ","floor":33.0,"turns":13.0},{"damage":8.0,"enemies":"Orb Walker","floor":35.0,"turns":4.0},{"damage":0.0,"enemies":"3 Shapes","floor":36.0,"turns":11.0},{"damage":42.0,"enemies":"2 Orb Walkers","floor":37.0,"turns":10.0},{"damage":1,"enemies":"Sphere and 2 Shapes","floor":38,"turns":11},{"damage":12,"enemies":"Giant Head","floor":40,"turns":8},{"damage":17,"enemies":"Nemesis","floor":42,"turns":11},{"damage":15,"enemies":"Transient","floor":44,"turns":5},{"damage":8,"enemies":"Reptomancer","floor":45,"turns":2},{"damage":0,"enemies":"3 Darklings","floor":46,"turns":8},{"damage":0,"enemies":"Sphere and 2 Shapes","floor":48,"turns":9},{"damage":24,"enemies":"Awakened One","floor":50,"turns":17},{"damage":32,"enemies":"Shield and Spear","floor":54,"turns":12},{"damage":32,"enemies":"The Heart","floor":55,"turns":15}],"seed_played":"-1070384210010453347","potions_obtained":[{"floor":3.0,"key":"Dexterity Potion"},{"floor":7.0,"key":"Explosive Potion"},{"floor":8.0,"key":"Weak Potion"},{"floor":11.0,"key":"SneckoOil"},{"floor":12.0,"key":"LiquidMemories"},{"floor":13.0,"key":"Weak Potion"},{"floor":14.0,"key":"SmokeBomb"},{"floor":23.0,"key":"GamblersBrew"},{"floor":25.0,"key":"SmokeBomb"},{"floor":28.0,"key":"FocusPotion"},{"floor":30.0,"key":"PowerPotion"},{"floor":35.0,"key":"BlessingOfTheForge"},{"floor":42,"key":"Weak Potion"},{"floor":44,"key":"Swift Potion"},{"floor":54,"key":"FocusPotion"}],"is_trial":false,"path_per_floor":["M","M","M","M","$","R","M","E","T","E","M","M","E","M","R","B",null,"M","M","$","M","M","E","M","E","T","R","E","R","M","$","R","B",null,"M","M","?","M","?","E","$","E","T","M","E","M","$","M","R","B",null,"R","$","E","B",null],"character_chosen":"DEFECT","items_purchased":["Membership Card","Amplify","Capacitor","Emotion Chip","Bottled Tornado","Loop","Panacea+1","DollysMirror","Mercury Hourglass","TheAbacus"],"campfire_rested":2,"item_purchase_floors":[5,20,20,31,31,31,31,41,53,53],"current_hp_per_floor":[68,62,58,55,55,68,58,53,53,45,39,39,9,11,35,26,82,78,78,78,79,60,62,70,72,72,72,61,61,51,51,51,49,82,76,82,69,82,82,81,81,72,72,73,71,82,82,82,82,82,82,82,82,80,82],"gold":79,"neow_bonus":"TWO_FIFTY_GOLD","is_daily":false,"chose_seed":false,"campfire_upgraded":4,"win_rate":0.0,"timestamp":1614384077,"path_taken":["M","M","M","M","$","R","M","E","T","E","M","M","E","M","R","BOSS","M","M","$","M","M","E","M","E","T","R","E","R","M","$","R","BOSS","M","M","?","M","?","E","$","E","T","?","E","M","$","M","R","BOSS","R","$","E","BOSS"],"items_purchased_type":["Relic","Card","Card","Relic","Relic","Card","Card","Relic","Relic","Relic"],"build_version":"2020-12-22","purchased_purges":4,"victory":true,"max_hp_per_floor":[68,68,68,68,68,68,68,82,82,82,82,82,82,82,82,82,82,82,82,82,82,82,82,82,82,82,82,82,82,82,82,82,82,82,82,82,82,82,82,82,82,82,82,82,82,82,82,82,82,82,82,82,82,82,82],"card_choices":[{"not_picked":["Stack","Rebound"],"picked":"Cold Snap","floor":1.0},{"not_picked":["Stack","Ball Lightning"],"picked":"Blizzard","floor":2.0},{"not_picked":["BootSequence","Stack"],"picked":"Hologram","floor":3.0},{"not_picked":["Go for the Eyes","Static Discharge"],"picked":"Defragment","floor":4.0},{"not_picked":["Conserve Battery","Barrage"],"picked":"Cold Snap","floor":7.0},{"not_picked":["Cold Snap","Go for the Eyes"],"picked":"Glacier","floor":8.0},{"not_picked":["Rip and Tear","Lockon","Sweeping Beam"],"picked":"SKIP","floor":10.0},{"not_picked":["Conserve Battery","Sweeping Beam"],"picked":"Darkness","floor":11.0},{"not_picked":["Barrage","Stack","Conserve Battery"],"picked":"SKIP","floor":12.0},{"not_picked":["Reboot","FTL"],"picked":"Chill","floor":13.0},{"not_picked":["Darkness","Fusion"],"picked":"Chill","floor":14.0},{"not_picked":["Creative AI","Fission"],"picked":"Machine Learning","floor":16.0},{"not_picked":["Steam Power","Gash","Cold Snap"],"picked":"SKIP","floor":18.0},{"not_picked":["Barrage+1","Scrape","Auto Shields+1"],"picked":"SKIP","floor":19.0},{"not_picked":["Go for the Eyes","Leap+1"],"picked":"Force Field","floor":21.0},{"not_picked":["Redo+1","Cold Snap","All For One"],"picked":"SKIP","floor":22.0},{"not_picked":["Redo","Gash"],"picked":"Loop+1","floor":23.0},{"not_picked":["Turbo","Hologram","Steam Power"],"picked":"SKIP","floor":24.0},{"not_picked":["Thunder Strike","Blizzard"],"picked":"Hologram+1","floor":25.0},{"not_picked":["Redo+1","Gash+1","All For One"],"picked":"SKIP","floor":28.0},{"not_picked":["Gash+1","Storm+1","Go for the Eyes"],"picked":"SKIP","floor":30.0},{"not_picked":["Electrodynamics","Creative AI"],"picked":"Echo Form","floor":33.0},{"not_picked":["Double Energy+1","Turbo+1","Sweeping Beam+1"],"picked":"SKIP","floor":35.0},{"not_picked":["Rebound+1","Barrage+1"],"picked":"Self Repair","floor":36.0},{"not_picked":["Go for the Eyes+1","Redo+1","Sweeping Beam"],"picked":"SKIP","floor":38},{"not_picked":["Ball Lightning+1","Heatsinks","Sunder+1"],"picked":"SKIP","floor":40},{"not_picked":["Creative AI","Storm+1","Darkness+1"],"picked":"SKIP","floor":42},{"not_picked":["Rebound+1","Gash+1","Beam Cell"],"picked":"SKIP","floor":44},{"not_picked":["Streamline+1","Rip and Tear+1","Barrage"],"picked":"SKIP","floor":46},{"not_picked":["Stack+1","Cold Snap","Gash+1"],"picked":"SKIP","floor":48},{"not_picked":["Streamline+1","Darkness+1"],"picked":"Multi-Cast+1","floor":54}],"player_experience":504410,"relics_obtained":[{"floor":8.0,"key":"Mango"},{"floor":10.0,"key":"Lantern"},{"floor":13.0,"key":"Bird Faced Urn"},{"floor":23.0,"key":"Happy Flower"},{"floor":25.0,"key":"Toxic Egg 2"},{"floor":26.0,"key":"Dream Catcher"},{"floor":28.0,"key":"Blood Vial"},{"floor":37.0,"key":"Gambling Chip"},{"floor":40,"key":"Dead Branch"},{"floor":42,"key":"Cables"},{"floor":43,"key":"Bag of Preparation"},{"floor":54,"key":"Akabeko"}],"event_choices":[{"damage_healed":0.0,"max_hp_gain":0.0,"max_hp_loss":0.0,"gold_gain":0.0,"event_name":"Mysterious Sphere","player_choice":"Fight","floor":37.0,"gold_loss":0.0,"damage_taken":0.0},{"damage_healed":0,"gold_gain":0,"player_choice":"Memory 1","damage_taken":0,"max_hp_gain":0,"max_hp_loss":0,"event_name":"SensoryStone","floor":39,"gold_loss":0}],"is_beta":false,"boss_relics":[{"not_picked":["Runic Pyramid","SacredBark"],"picked":"Empty Cage"},{"not_picked":["Fusion Hammer","Astrolabe"],"picked":"FrozenCore"}],"items_purged_floors":[5,20,47,53],"is_endless":false,"potions_floor_spawned":[3,7,8,11,12,13,14,23,25,28,30,35,42,44,45,54],"ascension_level":1}}