{"host":"p4uvwq8t1ek3wppa","time":1614434562,"event":{"mods":["Aspiration","BaseMod","Colored Map","Colored Powertips","DeckTracker","Highlight Path","Hubris","Infinite Spire","Minty Spire (QoL Compilation)","Quick Restart","Random Character Button","Relic Sorter","Replay The Spire","StSLib","SuperFastMode","Synergy Search","The Cursed","The Disciple","The Jungle","The Runesmith"],"gold_per_floor":[113,314,333,353,353,386,386,413,413,413,106,119,134,162,162,266,266,283,299,299,38,51,51,78,78,78,78],"floor_reached":27,"language":"ENG","playtime":1835,"items_purged":[],"score":315,"play_id":"a53bc7b6-6fe2-4b0e-97a1-cd0a9d5d42f1","local_time":"20210227150242","is_ascension_mode":true,"campfire_choices":[{"data":"ReplayTheSpireMod:Scrap Shanks","floor":7.0,"key":"SMITH"},{"floor":10.0,"key":"REST"},{"floor":15.0,"key":"REST"},{"floor":23,"key":"REST"},{"floor":25,"key":"REST"}],"circlet_count":0,"master_deck":["Strike_G","Strike_G","Strike_G+2","Strike_G","Strike_G+2","Defend_G","Defend_G","Defend_G","Defend_G","Defend_G+1","Survivor","Neutralize","Flying Knee","Footwork","Dagger Spray","Deadly Poison+1","ReplayTheSpireMod:Scrap Shanks+1","Bouncing Flask","Toxin Wave","Caltrops","Hidden Blade","Crippling Poison","Riddle With Holes","Prepared+1","Deadly Poison+1","Blade Dance+1","Swift Strike","Swift Strike","Well Laid Plans","Deadly Poison+1","Noxious Fumes"],"relics":["Ring of the Snake","Oddly Smooth Stone","Anchor","Gremlin Food","hubris:BottledRain","Blue Doll","Omamori","Calling Bell","Centennial Puzzle","infinitespire:Broken Mirror","hubris:Teleporter","theJungle:BirthdayCake","Replay:Baseball","Simple Rune"],"acts_visited":["Exordium","Exordium"],"potions_floor_usage":[],"damage_taken":[{"damage":6.0,"enemies":"Jaw Worm","floor":1.0,"turns":5.0},{"damage":0.0,"enemies":"2 Louse","floor":3.0,"turns":3.0},{"damage":0.0,"enemies":"Small Slimes","floor":4.0,"turns":4.0},{"damage":19.0,"enemies":"Lagavulin","floor":6.0,"turns":7.0},{"damage":20.0,"enemies":"3 Sentries","floor":8.0,"turns":11.0},{"damage":9.0,"enemies":"Exordium Wildlife","floor":12.0,"turns":3.0},{"damage":1.0,"enemies":"Blue Slaver","floor":13.0,"turns":5.0},{"damage":12.0,"enemies":"Gremlin Nob","floor":14.0,"turns":2.0},{"damage":26.0,"enemies":"The Guardian","floor":16.0,"turns":12.0},{"damage":8,"enemies":"theJungle:MUSHROOMGANG","floor":18,"turns":5},{"damage":34,"enemies":"theJungle:GiantWrat","floor":19,"turns":8},{"damage":17,"enemies":"theJungle:Lyon","floor":22,"turns":5},{"damage":56,"enemies":"Nightmare","floor":24,"turns":7},{"damage":0,"enemies":"theJungle:2_Phrogs","floor":27,"turns":1}],"seed_played":"4223169033634519609","potions_obtained":[{"floor":3.0,"key":"Death Potion"},{"floor":4.0,"key":"Weak Potion"},{"floor":13.0,"key":"Strength Potion"},{"floor":16.0,"key":"Energy Potion"},{"floor":19,"key":"Venom Potion"}],"is_trial":true,"path_per_floor":["M","?","M","M","?","E","R","E","T","R","$","M","M","E","R","B",null,"M","M","?","$","M","R","NM","R","E"],"character_chosen":"THE_SILENT","items_purchased":["Toxin Wave","Caltrops","Blue Doll","Blade Dance+1","Swift Strike","Replay:Baseball","Well Laid Plans"],"campfire_rested":4,"item_purchase_floors":[11,11,11,21,21,21,21],"current_hp_per_floor":[64,47,47,47,47,28,28,8,8,29,29,20,19,7,28,2,70,62,28,48,48,31,58,2,29,29,29],"gold":78,"neow_bonus":"","is_daily":false,"chose_seed":false,"campfire_upgraded":1,"win_rate":0.0,"timestamp":1614434562,"path_taken":["M","?","M","M","?","E","R","E","T","R","?","M","M","E","R","BOSS","M","M","?","$","M","R","NM","R","E"],"items_purchased_type":["Card","Card","Relic","Card","Card","Relic","Card"],"build_version":"2020-12-22","purchased_purges":0,"victory":false,"max_hp_per_floor":[70,70,70,70,70,70,70,70,70,70,70,70,70,70,70,70,70,70,70,90,90,90,90,90,90,90,90],"card_choices":[{"not_picked":["Backflip","Tactician"],"picked":"Flying Knee","floor":1.0},{"not_picked":["Terror","Backflip"],"picked":"Footwork","floor":2.0},{"not_picked":["Underhanded Strike","Sucker Punch"],"picked":"Dagger Spray","floor":3.0},{"not_picked":["Acrobatics","All Out Attack"],"picked":"Deadly Poison","floor":4.0},{"not_picked":["Fluid Movement","Atom Bomb"],"picked":"ReplayTheSpireMod:Scrap Shanks","floor":6.0},{"not_picked":["Quick Slash","Deadly Poison"],"picked":"Bouncing Flask","floor":8.0},{"not_picked":["Dagger Spray","Sucker Punch"],"picked":"Hidden Blade","floor":12.0},{"not_picked":["Underhanded Strike","Choke"],"picked":"Crippling Poison","floor":13.0},{"not_picked":["Skewer","Grand Finale"],"picked":"Riddle With Holes","floor":14.0},{"not_picked":["Blade Dance","Terror"],"picked":"Prepared+1","floor":18},{"not_picked":["Bullet Time","Cloak And Dagger"],"picked":"Deadly Poison+1","floor":19},{"not_picked":["Dagger Throw","Eviscerate"],"picked":"Deadly Poison+1","floor":22},{"not_picked":["Dodge and Roll","Outmaneuver+1"],"picked":"Noxious Fumes","floor":24}],"player_experience":321473,"relics_obtained":[{"floor":5.0,"key":"Oddly Smooth Stone"},{"floor":6.0,"key":"Anchor"},{"floor":8.0,"key":"Gremlin Food"},{"floor":9.0,"key":"hubris:BottledRain"},{"floor":14.0,"key":"Omamori"},{"floor":17.0,"key":"Centennial Puzzle"},{"floor":17.0,"key":"infinitespire:Broken Mirror"},{"floor":17.0,"key":"hubris:Teleporter"},{"floor":24,"key":"Simple Rune"}],"event_choices":[],"is_beta":false,"boss_relics":[{"not_picked":["hubris:GrandSneckoEye","Replay:Grab Bag"],"picked":"Calling Bell"}],"items_purged_floors":[],"is_endless":false,"potions_floor_spawned":[3,4,13,16,19],"killed_by":"theJungle:2_Phrogs","ascension_level":1}}