{"host":"7j2n82b2zha9fuyn","time":1614459550,"event":{"mods":["BaseMod","Block Reminder","Minty Spire (QoL Compilation)","StSLib"],"gold_per_floor":[119,119,135,135,160,160,185,185,185,185,203,246,261,305,305,424,424,443,463,165,178,178,178,178,178],"floor_reached":24,"language":"ENG","playtime":1811,"items_purged":["Pain"],"score":333,"play_id":"606deb70-06e3-43cf-bebc-41fe519e73ce","local_time":"20210227135909","is_ascension_mode":true,"campfire_choices":[{"data":"Wild Strike","floor":6.0,"key":"SMITH"},{"data":"Perfected Strike","floor":8.0,"key":"SMITH"},{"data":"Spot Weakness","floor":10.0,"key":"SMITH"},{"data":"Bash","floor":15.0,"key":"SMITH"},{"floor":23,"key":"REST"}],"circlet_count":0,"master_deck":["AscendersBane","Strike_R","Strike_R","Strike_R","Strike_R","Strike_R","Defend_R","Defend_R","Defend_R","Defend_R","Bash+1","Pommel Strike","Wild Strike+1","Spot Weakness+1","Perfected Strike+1","Whirlwind","Reaper","Fire Breathing","True Grit","Demon Form+1","Evolve+1","Armaments"],"relics":["Burning Blood","Golden Idol","WarpedTongs","Matryoshka","Kunai","Frozen Egg 2","Mark of Pain","Nunchaku"],"acts_visited":["TheCity"],"potions_floor_usage":[],"damage_taken":[{"damage":0.0,"enemies":"2 Louse","floor":1.0,"turns":3.0},{"damage":3.0,"enemies":"Jaw Worm","floor":3.0,"turns":5.0},{"damage":8.0,"enemies":"Cultist","floor":5.0,"turns":3.0},{"damage":10.0,"enemies":"Blue Slaver","floor":7.0,"turns":2.0},{"damage":26.0,"enemies":"Lots of Slimes","floor":11.0,"turns":5.0},{"damage":9.0,"enemies":"Gremlin Nob","floor":12.0,"turns":3.0},{"damage":2.0,"enemies":"2 Fungi Beasts","floor":13.0,"turns":3.0},{"damage":28.0,"enemies":"3 Sentries","floor":14.0,"turns":5.0},{"damage":42.0,"enemies":"Hexaghost","floor":16.0,"turns":9.0},{"damage":47.0,"enemies":"2 Thieves","floor":18.0,"turns":4.0},{"damage":4.0,"enemies":"Chosen","floor":19.0,"turns":6.0},{"damage":41,"enemies":"Snake Plant","floor":21,"turns":4},{"damage":32,"enemies":"Slavers","floor":24,"turns":2}],"seed_played":"-1516697174056580134","potions_obtained":[{"floor":5.0,"key":"DuplicationPotion"},{"floor":11.0,"key":"BloodPotion"},{"floor":18.0,"key":"SpeedPotion"}],"is_trial":false,"path_per_floor":["M","?","M","?","M","R","M","R","T","R","M","E","M","E","R","B",null,"M","M","$","M","?","R","E"],"character_chosen":"IRONCLAD","items_purchased":["Nunchaku","Evolve+1"],"campfire_rested":1,"item_purchase_floors":[20,20],"current_hp_per_floor":[86,81,81,81,79,79,75,75,75,75,55,52,56,58,58,22,66,41,43,43,14,8,32,0,0],"gold":178,"neow_bonus":"TEN_PERCENT_HP_BONUS","is_daily":false,"chose_seed":false,"campfire_upgraded":4,"win_rate":0.0,"timestamp":1614459549,"path_taken":["M","?","M","?","M","R","M","R","T","R","?","E","M","E","R","BOSS","M","M","$","M","?","R","E"],"items_purchased_type":["Relic","Card"],"build_version":"2020-12-22","purchased_purges":1,"victory":false,"max_hp_per_floor":[88,81,81,81,81,81,81,81,81,81,81,81,81,81,81,81,81,81,81,81,81,81,81,81,81],"card_choices":[{"not_picked":["Clothesline","True Grit"],"picked":"Pommel Strike","floor":1.0},{"not_picked":["Body Slam","Sword Boomerang"],"picked":"Wild Strike","floor":3.0},{"not_picked":["Flex","Bloodletting"],"picked":"Spot Weakness","floor":5.0},{"not_picked":["Warcry","Clothesline"],"picked":"Perfected Strike","floor":7.0},{"not_picked":["Power Through","Infernal Blade"],"picked":"Whirlwind","floor":11.0},{"not_picked":["Sentinel","Carnage"],"picked":"Reaper","floor":12.0},{"not_picked":["Body Slam","Wild Strike"],"picked":"Fire Breathing","floor":13.0},{"not_picked":["Entrench","Dual Wield"],"picked":"True Grit","floor":14.0},{"not_picked":["Fiend Fire","Exhume"],"picked":"Demon Form+1","floor":16.0},{"not_picked":["Combust+1","Body Slam+1","Flex"],"picked":"SKIP","floor":18.0},{"not_picked":["Fire Breathing+1","Clash","Iron Wave"],"picked":"SKIP","floor":19.0},{"not_picked":["Fire Breathing+1","Clash","Iron Wave"],"picked":"SKIP","floor":19.0},{"not_picked":["Headbutt","Bludgeon"],"picked":"Armaments","floor":21}],"player_experience":2116953,"relics_obtained":[{"floor":9.0,"key":"Matryoshka"},{"floor":12.0,"key":"Kunai"},{"floor":14.0,"key":"Frozen Egg 2"}],"event_choices":[{"damage_healed":0.0,"max_hp_gain":0.0,"max_hp_loss":7.0,"gold_gain":0.0,"event_name":"Golden Idol","player_choice":"Lose Max HP","floor":2.0,"gold_loss":0.0,"damage_taken":0.0,"relics_obtained":["Golden Idol"]},{"damage_healed":0.0,"max_hp_gain":0.0,"max_hp_loss":0.0,"gold_gain":0.0,"event_name":"Accursed Blacksmith","player_choice":"Rummage","floor":4.0,"gold_loss":0.0,"damage_taken":0.0,"relics_obtained":["WarpedTongs"],"cards_obtained":["Pain"]},{"damage_healed":0,"gold_gain":0,"player_choice":"","damage_taken":6,"max_hp_gain":0,"max_hp_loss":0,"event_name":"Knowing Skull","floor":22,"potions_obtained":[],"gold_loss":0,"cards_obtained":[]}],"is_beta":false,"boss_relics":[{"not_picked":["Sozu","Runic Dome"],"picked":"Mark of Pain"}],"items_purged_floors":[20],"is_endless":false,"potions_floor_spawned":[5,11,13,16,18,21],"killed_by":"Slavers","ascension_level":12}}