{"host":"dgzcrkpp5hmi1639","time":1614457292,"event":{"mods":["AchievementEnabler","Act Like it!","BaseMod","BetterRewards","Conspire","DeckTracker","Defuse TimeMaze Blight","Energized Spire","GifTheSpireLib","Hubris","Infinite Spire","Koishi","Marisa????????","Minty Spire (QoL Compilation)","Quick Restart","Remilia??????","Replay The Spire","Shop Mod","Spicy Shops","StSLib","Stuff the Spire","The Jungle","The Servant 0.9.4"],"gold_per_floor":[112,128,128,128,1,29,29,45,72,101,66,66,394,394,394,489,489,508,83,83,96,116,144,158,158,158,185,185,185,185,185],"floor_reached":30,"language":"ENG","playtime":1445,"items_purged":[],"score":284,"play_id":"3faf8838-fd07-475d-a5b0-cd4d6817110c","local_time":"20210227212132","is_ascension_mode":false,"campfire_choices":[{"data":"Run Through","floor":12,"key":"SMITH"},{"data":"Perfected Strike","floor":15,"key":"SMITH"},{"floor":29,"key":"REST"}],"circlet_count":0,"master_deck":["Strike_R","Strike_R","Strike_R","Strike_R","Strike_R","Defend_R","Defend_R","Defend_R","Defend_R","Bash","StuffTheSpire:Slingshot","Run Through+1","Twin Strike","Anger","Life Link","Uppercut","Perfected Strike+1","Flame Barrier","Perfected Strike+1","Corruption","Thunderclap+1","ReplayTheSpireMod:Necrogeddon","Sword Boomerang","Bloodletting","Sword Boomerang+1","Iron Wave","StuffTheSpire:DeathNote","Twin Strike","Pride"],"relics":["Burning Blood","Bottled Tornado","Lantern","Juzu Bracelet","Old Coin","hubris:Backtick","Vajra","Matryoshka","Frozen Egg 2","hubris:GrandSneckoEye","Replay:Bottled Flurry","PreservedInsect","hubris:DisguiseKit","ReplayTheSpireMod:Lightbulb","GreatHeart"],"acts_visited":["Exordium","TheCity"],"potions_floor_usage":[16,22,27],"damage_taken":[{"damage":1,"enemies":"Cultist","floor":1,"turns":4},{"damage":14,"enemies":"conspire:RoseBush","floor":2,"turns":2},{"damage":23,"enemies":"Replay:BlueRogue","floor":6,"turns":6},{"damage":7,"enemies":"2 Louse","floor":8,"turns":2},{"damage":10,"enemies":"Gremlin Nob","floor":10,"turns":3},{"damage":36,"enemies":"3 Sentries","floor":13,"turns":5},{"damage":53,"enemies":"The Guardian","floor":16,"turns":7},{"damage":18,"enemies":"Shell Parasite","floor":18,"turns":4},{"damage":20,"enemies":"2 Thieves","floor":21,"turns":3},{"damage":0,"enemies":"3 Cultists","floor":22,"turns":3},{"damage":26,"enemies":"conspire:SneckoGhost","floor":23,"turns":6},{"damage":3,"enemies":"Snecko","floor":24,"turns":3},{"damage":33,"enemies":"Gremlin Leader","floor":27,"turns":5},{"damage":0,"enemies":"Nightmare","floor":30,"turns":1}],"seed_played":"5288631238322084027","potions_obtained":[{"floor":6,"key":"Ancient Potion"},{"floor":8,"key":"SpeedPotion"},{"floor":13,"key":"AttackPotion"},{"floor":21,"key":"Toxic Potion"},{"floor":22,"key":"SteroidPotion"}],"is_trial":false,"path_per_floor":["M","M","?","?","$","E","$","M","T","E","?","R","E","?","R","B",null,"M","$","AVR","M","M","E","M","?","T","E","?","R","NM"],"character_chosen":"IRONCLAD","items_purchased":["Anger","Life Link","Matryoshka","ReplayTheSpireMod:Necrogeddon"],"campfire_rested":1,"item_purchase_floors":[5,5,19,19],"current_hp_per_floor":[88,80,80,85,85,68,68,67,67,63,86,86,56,56,56,9,93,81,81,81,67,73,53,56,36,36,9,9,36,36,36],"gold":185,"neow_bonus":"TEN_PERCENT_HP_BONUS","is_daily":false,"chose_seed":false,"campfire_upgraded":2,"win_rate":0.0,"timestamp":1614457292,"path_taken":["M","M","?","?","$","E","$","M","T","E","?","R","E","?","R","BOSS","M","?","AVR","M","M","E","M","?","T","E","?","R","NM"],"items_purchased_type":["Card","Card","Relic","Card"],"build_version":"2020-12-22","purchased_purges":0,"victory":false,"max_hp_per_floor":[88,88,88,93,93,93,93,93,93,93,93,93,93,93,93,93,93,93,93,93,93,93,93,93,93,93,93,93,93,93,93],"card_choices":[{"not_picked":["StuffTheSpire:Pyroclast","Carnage"],"picked":"StuffTheSpire:Slingshot","floor":1},{"not_picked":["Second Wind","Iron Wave"],"picked":"Run Through","floor":2},{"not_picked":["Perfected Strike","conspire:ExplosiveBarrier"],"picked":"Uppercut","floor":6},{"not_picked":["Abandon","conspire:Charge"],"picked":"Perfected Strike","floor":8},{"not_picked":["Anger","StuffTheSpire:Incineration"],"picked":"Flame Barrier","floor":10},{"not_picked":["Dropkick","Reckless Charge"],"picked":"Perfected Strike","floor":13},{"not_picked":["StuffTheSpire:TitanForm","Brutality"],"picked":"Corruption","floor":16},{"not_picked":["Warcry+1","Anger"],"picked":"Thunderclap+1","floor":18},{"not_picked":["ReplayTheSpireMod:Corrosion Curse+1","ReplayTheSpireMod:Muscle Training"],"picked":"Sword Boomerang","floor":21},{"not_picked":["conspire:ExplosiveBarrier+1","Clothesline+1"],"picked":"Bloodletting","floor":22},{"not_picked":["Dropkick+1","Shrug It Off+1"],"picked":"Sword Boomerang+1","floor":23},{"not_picked":["Clothesline","ReplayTheSpireMod:Strike From Hell"],"picked":"Iron Wave","floor":24},{"not_picked":["True Grit","StuffTheSpire:RockThrow+1","Contraction"],"picked":"Twin Strike","floor":27}],"player_experience":40642,"relics_obtained":[{"floor":6,"key":"Bottled Tornado"},{"floor":9,"key":"Lantern"},{"floor":10,"key":"Juzu Bracelet"},{"floor":13,"key":"Old Coin"},{"floor":23,"key":"Replay:Bottled Flurry"},{"floor":26,"key":"PreservedInsect"},{"floor":26,"key":"hubris:DisguiseKit"},{"floor":27,"key":"ReplayTheSpireMod:Lightbulb"}],"event_choices":[{"damage_healed":0,"gold_gain":0,"player_choice":"Donut","damage_taken":0,"max_hp_gain":5,"max_hp_loss":0,"event_name":"Big Fish","floor":4,"gold_loss":0},{"damage_healed":23,"gold_gain":0,"player_choice":"Healed","damage_taken":0,"max_hp_gain":0,"max_hp_loss":0,"event_name":"The Cleric","floor":11,"gold_loss":35},{"damage_healed":0,"gold_gain":0,"player_choice":"Forge","damage_taken":0,"max_hp_gain":0,"max_hp_loss":0,"event_name":"Accursed Blacksmith","floor":14,"gold_loss":0,"cards_upgraded":["Perfected Strike"]}],"is_beta":false,"boss_relics":[{"not_picked":["Ooze Armor","StuffTheSpire:Kangaroo"],"picked":"hubris:Backtick"}],"items_purged_floors":[],"is_endless":false,"potions_floor_spawned":[6,8,13,21,22,24],"killed_by":"Nightmare","ascension_level":0}}