{"host":"pke0xxyzw0teju56","time":1614451161,"event":{"mods":["BaseMod","Bestiary","Colored Powertips","Highlight Path","Minty Spire (QoL Compilation)","StSLib"],"gold_per_floor":[112,126,140,24,44,44,74,74,74,74,88,120,120,135,135,135,135],"floor_reached":16,"language":"ENG","playtime":486,"items_purged":["Strike_R"],"score":224,"play_id":"523804c4-1df7-4a01-b6b7-52b2b925a45b","local_time":"20210227133921","is_ascension_mode":true,"campfire_choices":[{"data":"Whirlwind","floor":6,"key":"SMITH"},{"floor":10,"key":"REST"},{"data":"True Grit","floor":13,"key":"SMITH"},{"data":"Disarm","floor":15,"key":"SMITH"}],"circlet_count":0,"master_deck":["AscendersBane","Strike_R","Strike_R","Strike_R","Defend_R","Defend_R","Defend_R","Defend_R","Bash","Shrug It Off","True Grit+1","Disarm+1","Metallicize","Whirlwind+1","Anger","Twin Strike","Clothesline"],"relics":["Burning Blood","NeowsBlessing","Mummified Hand","Self Forming Clay","Bag of Marbles"],"acts_visited":["Exordium"],"potions_floor_usage":[5,7,7,14],"damage_taken":[{"damage":0,"enemies":"Small Slimes","floor":1,"turns":1},{"damage":0,"enemies":"2 Louse","floor":2,"turns":2},{"damage":0,"enemies":"Cultist","floor":3,"turns":1},{"damage":7,"enemies":"Looter","floor":5,"turns":4},{"damage":43,"enemies":"Lagavulin","floor":7,"turns":7},{"damage":13,"enemies":"Blue Slaver","floor":11,"turns":5},{"damage":27,"enemies":"3 Sentries","floor":12,"turns":6},{"damage":4,"enemies":"Exordium Thugs","floor":14,"turns":3},{"damage":34,"enemies":"Hexaghost","floor":16,"turns":14}],"seed_played":"-2016640510070724934","potions_obtained":[{"floor":2,"key":"EntropicBrew"},{"floor":3,"key":"DistilledChaos"},{"floor":5,"key":"PowerPotion"}],"is_trial":false,"path_per_floor":["M","M","M","$","M","R","E","?","T","R","M","E","R","M","R","B"],"character_chosen":"IRONCLAD","items_purchased":["Metallicize"],"campfire_rested":1,"item_purchase_floors":[4],"current_hp_per_floor":[74,75,75,75,74,74,37,30,30,52,45,24,24,26,26,0,0],"gold":135,"neow_bonus":"THREE_ENEMY_KILL","is_daily":false,"chose_seed":false,"campfire_upgraded":3,"win_rate":0.0,"timestamp":1614451161,"path_taken":["M","M","M","$","M","R","E","?","T","R","M","E","R","M","R","BOSS"],"items_purchased_type":["Card"],"build_version":"2020-12-22","purchased_purges":1,"victory":false,"max_hp_per_floor":[75,75,75,75,75,75,75,75,75,75,75,75,75,75,75,75,75],"card_choices":[{"not_picked":["Pommel Strike","Dark Embrace"],"picked":"Shrug It Off","floor":1},{"not_picked":["Headbutt","Pommel Strike"],"picked":"True Grit","floor":2},{"not_picked":["Wild Strike","Warcry"],"picked":"Disarm","floor":3},{"not_picked":["Headbutt","Clash"],"picked":"Whirlwind","floor":5},{"not_picked":["Armaments","Body Slam","Thunderclap"],"picked":"SKIP","floor":7},{"not_picked":["Flex","True Grit"],"picked":"Anger","floor":11},{"not_picked":["Bludgeon","Evolve"],"picked":"Twin Strike","floor":12},{"not_picked":["Pummel","Iron Wave"],"picked":"Clothesline","floor":14}],"player_experience":5393306,"relics_obtained":[{"floor":7,"key":"Mummified Hand"},{"floor":9,"key":"Self Forming Clay"},{"floor":12,"key":"Bag of Marbles"}],"event_choices":[{"cards_removed":["Strike_R"],"damage_healed":0,"gold_gain":0,"player_choice":"Card Removal","damage_taken":7,"max_hp_gain":0,"max_hp_loss":0,"event_name":"Golden Wing","floor":8,"gold_loss":0}],"is_beta":false,"boss_relics":[],"items_purged_floors":[4],"is_endless":false,"potions_floor_spawned":[2,3,5,11],"killed_by":"Hexaghost","ascension_level":20}}