{"host":"z42sc0n2dozsmk72","time":1614424642,"event":{"mods":["AchievementEnabler","BaseMod","Colored Map","Curses Come First","Highlight Path","Minty Spire (QoL Compilation)","Permanent Neow","Quick Restart","Relic Stats","Shop Mod","StSLib","egg","slay the spire mod where everything is the same but ironclad has a cowboy hat"],"gold_per_floor":[116,116,128,143,158,158,191,191,245,304,304,333,333,363,363,458,458,452,452,464,389,389,389,407,423,477,477,477],"floor_reached":27,"language":"ENG","playtime":1265,"items_purged":[],"score":323,"play_id":"99f87d1c-cc2f-4b9a-b14c-14daabb2dccf","local_time":"20210228001722","is_ascension_mode":true,"campfire_choices":[{"data":"Uppercut","floor":6.0,"key":"SMITH"},{"data":"True Grit","floor":8.0,"key":"SMITH"},{"floor":11.0,"key":"REST"},{"data":"Flame Barrier","floor":15.0,"key":"SMITH"},{"data":"Reaper","floor":23.0,"key":"SMITH"}],"circlet_count":0,"master_deck":["Strike_R","Strike_R","Strike_R","Defend_R","Defend_R","Defend_R","Defend_R","Bash","Reaper+1","Shrug It Off","Dark Embrace","Uppercut+1","True Grit+1","Flame Barrier+1","Shrug It Off","Barricade","Inflame","Corruption"],"relics":["Burning Blood","StrikeDummy","Ancient Tea Set","Dream Catcher","Vajra","Tiny Chest","SlaversCollar","Kunai","Juzu Bracelet"],"acts_visited":["Exordium","TheCity"],"potions_floor_usage":[],"damage_taken":[{"damage":10.0,"enemies":"2 Louse","floor":1.0,"turns":4.0},{"damage":11.0,"enemies":"Small Slimes","floor":3.0,"turns":5.0},{"damage":2.0,"enemies":"Cultist","floor":4.0,"turns":4.0},{"damage":13.0,"enemies":"Red Slaver","floor":5.0,"turns":7.0},{"damage":50.0,"enemies":"Lagavulin","floor":7.0,"turns":9.0},{"damage":16.0,"enemies":"Gremlin Nob","floor":10.0,"turns":4.0},{"damage":21.0,"enemies":"3 Sentries","floor":12.0,"turns":11.0},{"damage":14.0,"enemies":"Lagavulin","floor":14.0,"turns":7.0},{"damage":36.0,"enemies":"Hexaghost","floor":16.0,"turns":14.0},{"damage":13.0,"enemies":"2 Thieves","floor":18.0,"turns":5.0},{"damage":28.0,"enemies":"Spheric Guardian","floor":20.0,"turns":7.0},{"damage":13.0,"enemies":"Snake Plant","floor":24.0,"turns":5.0},{"damage":34.0,"enemies":"Cultist and Chosen","floor":25.0,"turns":12.0},{"damage":9,"enemies":"Colosseum Slavers","floor":27,"turns":1}],"seed_played":"-3627662330545204120","potions_obtained":[{"floor":3.0,"key":"Energy Potion"},{"floor":7.0,"key":"ColorlessPotion"},{"floor":14.0,"key":"Swift Potion"},{"floor":18.0,"key":"Explosive Potion"},{"floor":25.0,"key":"Fire Potion"}],"is_trial":false,"path_per_floor":["M","?","M","M","M","R","E","R","T","?","R","E","?","E","R","B",null,"M","?","M","?","T","R","M","M","T","?"],"character_chosen":"IRONCLAD","items_purchased":[],"campfire_rested":1,"item_purchase_floors":[],"current_hp_per_floor":[76,76,75,80,73,73,33,33,33,23,47,40,40,32,32,9,62,55,49,27,27,27,27,20,8,8,0,0],"gold":477,"neow_bonus":"THREE_RARE_CARDS","is_daily":false,"chose_seed":false,"campfire_upgraded":4,"win_rate":0.0,"timestamp":1614424642,"path_taken":["M","?","M","M","M","R","E","R","T","?","R","E","?","E","R","BOSS","M","?","?","?","?","R","M","M","T","?"],"items_purchased_type":[],"build_version":"2020-12-22","purchased_purges":0,"victory":false,"max_hp_per_floor":[80,80,80,80,80,80,80,80,80,80,80,80,80,80,80,80,80,80,80,80,80,80,80,80,80,80,80,80],"relic_stats":{"Dream Catcher":1,"counters":[14,95],"Tiny Chest":1,"Juzu Bracelet":0,"Kunai":[0],"obtain_stats":[{"SlaversCollar":17,"Dream Catcher":10,"Vajra":12,"Tiny Chest":14,"Juzu Bracelet":26,"Kunai":22,"StrikeDummy":7,"Ancient Tea Set":9,"Burning Blood":0},{"SlaversCollar":9,"Dream Catcher":6,"Vajra":7,"Tiny Chest":8,"Juzu Bracelet":13,"Kunai":11,"StrikeDummy":5,"Ancient Tea Set":5,"Burning Blood":0},{"SlaversCollar":65,"Dream Catcher":33,"Vajra":44,"Tiny Chest":51,"Juzu Bracelet":94,"Kunai":77,"StrikeDummy":29,"Ancient Tea Set":29,"Burning Blood":0}],"Burning Blood":75},"card_choices":[{"not_picked":["Brutality","Juggernaut"],"picked":"Reaper","floor":0.0},{"not_picked":["Havoc","Sword Boomerang"],"picked":"Shrug It Off","floor":1.0},{"not_picked":["Twin Strike","Pommel Strike"],"picked":"Dark Embrace","floor":3.0},{"not_picked":["Dual Wield","Thunderclap","Bloodletting"],"picked":"SKIP","floor":4.0},{"not_picked":["Clash","Sever Soul"],"picked":"Uppercut","floor":5.0},{"not_picked":["Clothesline","Hemokinesis"],"picked":"True Grit","floor":7.0},{"not_picked":["Pommel Strike","Hemokinesis"],"picked":"Flame Barrier","floor":10.0},{"not_picked":["Second Wind","Battle Trance"],"picked":"Shrug It Off","floor":11.0},{"not_picked":["Sword Boomerang","Wild Strike","Pummel"],"picked":"SKIP","floor":12.0},{"not_picked":["Sever Soul","Perfected Strike","Bloodletting"],"picked":"SKIP","floor":14.0},{"not_picked":["Bludgeon","Juggernaut"],"picked":"Barricade","floor":16.0},{"not_picked":["Armaments","Dual Wield+1"],"picked":"Inflame","floor":18.0},{"not_picked":["Thunderclap","Wild Strike","Headbutt+1"],"picked":"SKIP","floor":20.0},{"not_picked":["Anger","Pommel Strike","Flex+1"],"picked":"SKIP","floor":24.0},{"not_picked":["Flame Barrier","Twin Strike+1"],"picked":"Corruption","floor":25.0}],"player_experience":996430,"relics_obtained":[{"floor":7.0,"key":"StrikeDummy"},{"floor":9.0,"key":"Ancient Tea Set"},{"floor":10.0,"key":"Dream Catcher"},{"floor":12.0,"key":"Vajra"},{"floor":14.0,"key":"Tiny Chest"},{"floor":22.0,"key":"Kunai"},{"floor":26.0,"key":"Juzu Bracelet"}],"event_choices":[{"cards_removed":["Injury"],"damage_healed":0.0,"max_hp_gain":0.0,"max_hp_loss":0.0,"gold_gain":0.0,"event_name":"Living Wall","player_choice":"Forget","floor":2.0,"gold_loss":0.0,"damage_taken":0.0},{"damage_healed":0.0,"max_hp_gain":0.0,"max_hp_loss":0.0,"gold_gain":0.0,"event_name":"Dead Adventurer","player_choice":"Searched \u00271\u0027 times","floor":10.0,"gold_loss":0.0,"damage_taken":0.0},{"cards_removed":["Strike_R"],"damage_healed":0.0,"max_hp_gain":0.0,"max_hp_loss":0.0,"gold_gain":0.0,"event_name":"Purifier","player_choice":"Purged","floor":13.0,"gold_loss":0.0,"damage_taken":0.0},{"damage_healed":0.0,"max_hp_gain":0.0,"max_hp_loss":0.0,"gold_gain":0.0,"event_name":"Knowing Skull","player_choice":"","floor":19.0,"potions_obtained":[],"gold_loss":0.0,"damage_taken":6.0,"cards_obtained":[]},{"cards_removed":["Strike_R"],"damage_healed":0.0,"max_hp_gain":0.0,"max_hp_loss":0.0,"gold_gain":0.0,"event_name":"Beggar","player_choice":"Gave Gold","floor":21.0,"gold_loss":75.0,"damage_taken":0.0},{"damage_healed":0,"gold_gain":0,"player_choice":"Fight","damage_taken":0,"max_hp_gain":0,"max_hp_loss":0,"event_name":"Colosseum","floor":27,"gold_loss":0}],"is_beta":false,"boss_relics":[{"not_picked":["Runic Dome","Fusion Hammer"],"picked":"SlaversCollar"}],"items_purged_floors":[],"is_endless":false,"potions_floor_spawned":[3,7,14,16,18,25],"killed_by":"Colosseum Slavers","ascension_level":8}}