{"host":"29uuqgkzqd703i93","time":1614459123,"event":{"mods":["BaseMod","Colored Powertips","Minty Spire (QoL Compilation)"],"gold_per_floor":[111,111,12,12,32,32,75,88,115,138,152,172,16,37,37,166,166,191,191,116,140,155,191,106,106,132,145,145,160,185,198,198,329,329,348,372,180,1179,1200,1200,1221,1221,1245,1245,247,313,313,313,313],"floor_reached":48,"language":"ENG","playtime":1959,"items_purged":["Injury","Normality"],"score":556,"play_id":"0fd4fec5-4875-46c3-9a34-141c88c8281a","local_time":"20210227215203","is_ascension_mode":false,"campfire_choices":[{"data":"Neutralize","floor":6,"key":"SMITH"},{"floor":15,"key":"REST"},{"floor":25,"key":"REST"},{"floor":32,"key":"REST"},{"floor":40,"key":"REST"},{"floor":42,"key":"REST"}],"circlet_count":0,"master_deck":["Strike_G","Strike_G","Defend_G","Defend_G","Defend_G","Defend_G","Survivor","Neutralize+1","Glass Knife+1","Poisoned Stab+1","PiercingWail+1","Slice","Dash","Backstab","Crippling Poison","Blur","Slice","Prepared","All Out Attack","Corpse Explosion+1","Bane+1","Flying Knee","Acrobatics","Poisoned Stab","Deadly Poison","Endless Agony","Dodge and Roll","Slice","Poisoned Stab","Poisoned Stab","Backstab","Tools of the Trade","Backflip+1","Prepared","Madness","Deflect","Normality","Deadly Poison+1","Sucker Punch","Dash","Crippling Poison+1","Bouncing Flask","Well Laid Plans","All Out Attack","Dramatic Entrance","Thinking Ahead","Predator","Backflip","Caltrops+1","Madness","Madness"],"relics":["Astrolabe","Golden Idol","Regal Pillow","Potion Belt","Happy Flower","Vajra","Busted Crown","Question Card","Dream Catcher","Oddly Smooth Stone","Fusion Hammer","Lantern","ClockworkSouvenir","Shovel"],"acts_visited":["Exordium","TheCity","TheBeyond"],"potions_floor_usage":[16,29,33,33,33,35],"damage_taken":[{"damage":0,"enemies":"2 Louse","floor":1,"turns":2},{"damage":2,"enemies":"Small Slimes","floor":5,"turns":3},{"damage":16,"enemies":"3 Sentries","floor":7,"turns":8},{"damage":0,"enemies":"Cultist","floor":8,"turns":1},{"damage":2,"enemies":"Blue Slaver","floor":10,"turns":2},{"damage":0,"enemies":"Exordium Wildlife","floor":11,"turns":1},{"damage":6,"enemies":"2 Fungi Beasts","floor":12,"turns":3},{"damage":0,"enemies":"3 Louse","floor":14,"turns":2},{"damage":23,"enemies":"The Guardian","floor":16,"turns":12},{"damage":0,"enemies":"3 Byrds","floor":18,"turns":1},{"damage":1,"enemies":"Chosen","floor":21,"turns":3},{"damage":19,"enemies":"Snecko","floor":22,"turns":5},{"damage":23,"enemies":"Book of Stabbing","floor":23,"turns":6},{"damage":25,"enemies":"Snake Plant","floor":27,"turns":3},{"damage":5,"enemies":"3 Cultists","floor":29,"turns":3},{"damage":10,"enemies":"Cultist and Chosen","floor":30,"turns":4},{"damage":10,"enemies":"Snecko","floor":31,"turns":5},{"damage":46,"enemies":"Automaton","floor":33,"turns":11},{"damage":33,"enemies":"3 Darklings","floor":35,"turns":4},{"damage":10,"enemies":"Orb Walker","floor":36,"turns":3},{"damage":6,"enemies":"3 Darklings","floor":39,"turns":2},{"damage":20,"enemies":"Jaw Worm Horde","floor":41,"turns":4},{"damage":42,"enemies":"2 Orb Walkers","floor":46,"turns":5},{"damage":11,"enemies":"Transient","floor":48,"turns":4}],"seed_played":"-3340752252538041986","potions_obtained":[{"floor":5,"key":"BlessingOfTheForge"},{"floor":14,"key":"Fire Potion"},{"floor":18,"key":"Fire Potion"},{"floor":21,"key":"BlessingOfTheForge"},{"floor":30,"key":"SkillPotion"},{"floor":33,"key":"BlessingOfTheForge"},{"floor":41,"key":"Regen Potion"}],"is_trial":false,"path_per_floor":["M","?","?","$","M","R","E","M","T","M","M","M","$","M","R","B",null,"M","?","?","M","M","E","?","R","T","M","?","M","M","M","R","B",null,"M","M","$","?","M","R","M","R","T","?","$","?","?","M"],"character_chosen":"THE_SILENT","items_purchased":["Vajra","Madness","Deflect","ClockworkSouvenir","Bouncing Flask","Well Laid Plans","All Out Attack","Dramatic Entrance","Thinking Ahead","Predator","Backflip","SteroidPotion","SpeedPotion","SpeedPotion"],"campfire_rested":5,"item_purchase_floors":[13,37,37,45,45,45,45,45,45,45,45,45,45,45],"current_hp_per_floor":[70,70,70,70,68,68,52,52,52,50,50,44,44,44,70,47,70,70,70,70,69,50,27,27,63,63,38,38,33,23,13,49,3,70,37,27,27,27,21,57,37,70,70,70,70,28,19,8,8],"gold":313,"neow_bonus":"BOSS_RELIC","is_daily":false,"chose_seed":false,"campfire_upgraded":1,"win_rate":0.0,"timestamp":1614459123,"path_taken":["M","?","?","$","M","R","E","M","T","M","M","M","$","?","R","BOSS","M","?","?","M","M","E","?","R","T","M","?","M","M","?","R","BOSS","M","M","$","?","M","R","M","R","T","?","$","?","?","M"],"items_purchased_type":["Relic","Card","Card","Relic","Card","Card","Card","Card","Card","Card","Card","Potion","Potion","Potion"],"build_version":"2020-12-22","purchased_purges":2,"victory":false,"max_hp_per_floor":[70,70,70,70,70,70,70,70,70,70,70,70,70,70,70,70,70,70,70,70,70,70,70,70,70,70,70,70,70,70,70,70,70,70,70,70,70,70,70,70,70,70,70,70,70,70,70,70,70],"card_choices":[{"not_picked":["Dagger Throw","Tactician"],"picked":"Slice","floor":1},{"not_picked":["Poisoned Stab","Cloak And Dagger"],"picked":"Dash","floor":5},{"not_picked":["Sucker Punch","Deadly Poison"],"picked":"Backstab","floor":7},{"not_picked":["Acrobatics","Poisoned Stab"],"picked":"Crippling Poison","floor":8},{"not_picked":["Eviscerate","Dagger Throw"],"picked":"Blur","floor":10},{"not_picked":["Setup","Dagger Throw"],"picked":"Slice","floor":11},{"not_picked":["Predator","Cloak And Dagger"],"picked":"Prepared","floor":12},{"not_picked":["Sucker Punch","Acrobatics"],"picked":"All Out Attack","floor":14},{"not_picked":["After Image","Wraith Form v2"],"picked":"Corpse Explosion","floor":16},{"not_picked":[],"picked":"Bane+1","floor":18},{"not_picked":[],"picked":"Acrobatics","floor":21},{"not_picked":[],"picked":"Poisoned Stab","floor":22},{"not_picked":[],"picked":"Deadly Poison","floor":23},{"not_picked":["Infinite Blades"],"picked":"Endless Agony","floor":25},{"not_picked":["Calculated Gamble"],"picked":"Dodge and Roll","floor":27},{"not_picked":["Cloak And Dagger"],"picked":"Slice","floor":29},{"not_picked":["Flying Knee"],"picked":"Poisoned Stab","floor":30},{"not_picked":["Cloak And Dagger+1"],"picked":"Poisoned Stab","floor":31},{"not_picked":["Dagger Spray"],"picked":"Backstab","floor":32},{"not_picked":["Burst"],"picked":"Tools of the Trade","floor":33},{"not_picked":["Flying Knee+1"],"picked":"Backflip+1","floor":35},{"not_picked":["Outmaneuver+1"],"picked":"Prepared","floor":36},{"not_picked":["Acrobatics+1"],"picked":"Deadly Poison+1","floor":39},{"not_picked":["Flying Knee+1"],"picked":"Sucker Punch","floor":40},{"not_picked":["Backflip+1"],"picked":"Dash","floor":41},{"not_picked":["Dodge and Roll+1"],"picked":"Crippling Poison+1","floor":42},{"not_picked":["Skewer"],"picked":"Caltrops+1","floor":46}],"player_experience":144815,"relics_obtained":[{"floor":7,"key":"Potion Belt"},{"floor":9,"key":"Happy Flower"},{"floor":23,"key":"Question Card"},{"floor":26,"key":"Oddly Smooth Stone"},{"floor":43,"key":"Lantern"},{"floor":46,"key":"Shovel"}],"event_choices":[{"damage_healed":0,"gold_gain":0,"player_choice":"Take Wound","damage_taken":0,"relics_obtained":["Golden Idol"],"max_hp_gain":0,"max_hp_loss":0,"event_name":"Golden Idol","floor":2,"gold_loss":0,"cards_obtained":["Injury"]},{"damage_healed":0,"gold_gain":0,"player_choice":"Paid Gold","damage_taken":0,"relics_obtained":["Regal Pillow"],"max_hp_gain":0,"max_hp_loss":0,"event_name":"WeMeetAgain","floor":3,"gold_loss":99},{"damage_healed":0,"gold_gain":0,"player_choice":"Read","damage_taken":0,"max_hp_gain":0,"max_hp_loss":0,"event_name":"The Library","floor":19,"gold_loss":0,"cards_obtained":["Flying Knee"]},{"cards_removed":["Strike_G"],"damage_healed":0,"gold_gain":0,"player_choice":"Gave Gold","damage_taken":0,"max_hp_gain":0,"max_hp_loss":0,"event_name":"Beggar","floor":20,"gold_loss":75},{"damage_healed":0,"gold_gain":0,"player_choice":"Obtained Relic","damage_taken":0,"relics_obtained":["Dream Catcher"],"max_hp_gain":0,"max_hp_loss":0,"event_name":"Addict","floor":24,"gold_loss":85},{"damage_healed":0,"gold_gain":0,"player_choice":"Upgraded","damage_taken":0,"max_hp_gain":0,"max_hp_loss":0,"event_name":"Upgrade Shrine","floor":28,"gold_loss":0,"cards_upgraded":["Corpse Explosion"]},{"damage_healed":0,"gold_gain":999,"player_choice":"Gold","damage_taken":0,"max_hp_gain":0,"max_hp_loss":0,"event_name":"MindBloom","floor":38,"gold_loss":0,"cards_obtained":["Normality","Normality"]},{"damage_healed":0,"gold_gain":0,"player_choice":"Ignored","damage_taken":0,"max_hp_gain":0,"max_hp_loss":0,"event_name":"Tomb of Lord Red Mask","floor":44,"gold_loss":0},{"damage_healed":0,"gold_gain":0,"player_choice":"Fight","damage_taken":0,"max_hp_gain":0,"max_hp_loss":0,"event_name":"Mysterious Sphere","floor":46,"gold_loss":0},{"damage_healed":0,"gold_gain":0,"player_choice":"Embrace Madness","damage_taken":9,"max_hp_gain":0,"max_hp_loss":0,"event_name":"Winding Halls","floor":47,"gold_loss":0,"cards_obtained":["Madness","Madness"]}],"is_beta":false,"boss_relics":[{"not_picked":["Empty Cage","Runic Dome"],"picked":"Busted Crown"},{"not_picked":["Runic Pyramid","SacredBark"],"picked":"Fusion Hammer"}],"items_purged_floors":[37,45],"is_endless":false,"potions_floor_spawned":[5,11,14,18,21,30,33,41],"killed_by":"Transient","ascension_level":0}}