{"host":"3c8x8j1h2jyrixpf","time":1614447487,"event":{"mods":["BaseMod","Minty Spire (QoL Compilation)","StSLib"],"gold_per_floor":[118,137,87,87,18,51,51,80,80,80,96,96,66,82,82,82,82],"floor_reached":16,"language":"ENG","playtime":839,"items_purged":[],"score":184,"play_id":"91316768-a985-4a9c-bca7-c3723f01bb66","local_time":"20210227113807","is_ascension_mode":true,"campfire_choices":[{"floor":7,"key":"REST"},{"floor":10,"key":"REST"},{"data":"Wraith Form v2","floor":12,"key":"SMITH"},{"floor":15,"key":"REST"}],"circlet_count":0,"master_deck":["AscendersBane","Strike_G","Strike_G","Strike_G","Strike_G","Defend_G","Defend_G","Defend_G","Defend_G","Defend_G","Survivor","Neutralize","Grand Finale","Acrobatics","Underhanded Strike","Wraith Form v2+1","Well Laid Plans","Dagger Throw","Backflip","Deadly Poison","Crippling Poison","PiercingWail"],"relics":["Ring of the Snake","Sundial","Omamori","Question Card"],"acts_visited":["Exordium"],"potions_floor_usage":[],"damage_taken":[{"damage":2,"enemies":"Small Slimes","floor":1,"turns":4},{"damage":3,"enemies":"Jaw Worm","floor":2,"turns":8},{"damage":29,"enemies":"Lagavulin","floor":6,"turns":9},{"damage":42,"enemies":"3 Sentries","floor":8,"turns":8},{"damage":2,"enemies":"Cultist","floor":11,"turns":5},{"damage":1,"enemies":"Looter","floor":13,"turns":4},{"damage":17,"enemies":"Lots of Slimes","floor":14,"turns":5},{"damage":25,"enemies":"Slime Boss","floor":16,"turns":3}],"seed_played":"2808133497684381457","potions_obtained":[{"floor":6,"key":"Strength Potion"},{"floor":8,"key":"LiquidMemories"}],"is_trial":false,"path_per_floor":["M","M","?","?","$","E","R","E","T","R","M","R","M","M","R","B"],"character_chosen":"THE_SILENT","items_purchased":["Well Laid Plans"],"campfire_rested":3,"item_purchase_floors":[5],"current_hp_per_floor":[57,54,54,54,54,25,44,2,2,21,19,19,18,1,20,0,0],"gold":82,"neow_bonus":"ONE_RANDOM_RARE_CARD","is_daily":false,"chose_seed":false,"campfire_upgraded":1,"win_rate":0.0,"timestamp":1614447487,"path_taken":["M","M","?","?","$","E","R","E","T","R","M","R","?","M","R","BOSS"],"items_purchased_type":["Card"],"build_version":"2020-12-22","purchased_purges":0,"victory":false,"max_hp_per_floor":[66,66,66,66,66,66,66,66,66,66,66,66,66,66,66,66,66],"card_choices":[{"not_picked":["Slice","Cloak And Dagger"],"picked":"Acrobatics","floor":1},{"not_picked":["Dodge and Roll","Distraction"],"picked":"Underhanded Strike","floor":2},{"not_picked":["Eviscerate","Outmaneuver"],"picked":"Dagger Throw","floor":6},{"not_picked":["Reflex","Doppelganger"],"picked":"Backflip","floor":8},{"not_picked":["Bane","Skewer","Concentrate"],"picked":"Deadly Poison","floor":11},{"not_picked":["Infinite Blades","Dagger Spray","Quick Slash"],"picked":"Crippling Poison","floor":13},{"not_picked":["Dagger Spray","Sucker Punch","Flying Knee"],"picked":"PiercingWail","floor":14}],"player_experience":315654,"relics_obtained":[{"floor":6,"key":"Sundial"},{"floor":8,"key":"Omamori"},{"floor":9,"key":"Question Card"}],"event_choices":[{"cards_removed":["Strike_G"],"damage_healed":0,"gold_gain":0,"player_choice":"Card Removal","damage_taken":0,"max_hp_gain":0,"max_hp_loss":0,"event_name":"The Cleric","floor":3,"gold_loss":50},{"damage_healed":0,"gold_gain":0,"player_choice":"1 cards matched","damage_taken":0,"max_hp_gain":0,"max_hp_loss":0,"event_name":"Match and Keep!","floor":4,"gold_loss":0,"cards_obtained":["Wraith Form v2"]}],"is_beta":false,"boss_relics":[],"items_purged_floors":[],"is_endless":false,"potions_floor_spawned":[6,8,14],"killed_by":"Slime Boss","ascension_level":14}}