{"host":"g8a0qo0vjtg6u5wv","time":1614404892,"event":{"mods":["BaseMod","Colored Map","Custom Start","KOR Keyword Fix","Minty Spire (QoL Compilation)","StSLib","SuperFastMode"],"gold_per_floor":[119,194,208,223,14,347,365,365,439,171,171,181,181,199,199,302,302,318,68,79,93,93,125,139,150,150,425,129,139,149,18,18,121,121,141,156,156,68,80,80,113,113,138,151,170,195,214,214,214,214],"floor_reached":51,"language":"KOR","playtime":7907,"items_purged":["Strike_B","Strike_B","Strike_B","Defend_B","Regret"],"score":1082,"play_id":"ad7c9d43-d209-48fe-a9c9-da2c153874fc","local_time":"20210227144812","is_ascension_mode":true,"campfire_choices":[{"data":"Rainbow","floor":11.0,"key":"SMITH"},{"data":"Reboot","floor":13.0,"key":"SMITH"},{"data":"Beam Cell","floor":15.0,"key":"SMITH"},{"floor":32.0,"key":"REST"},{"data":"Apotheosis","floor":40,"key":"SMITH"},{"floor":49,"key":"REST"}],"circlet_count":0,"master_deck":["Zap","Dualcast+1","Seek","Undo+1","Beam Cell+1","Conserve Battery","Cold Snap","Reboot+1","Streamline+1","Rainbow+1","Ball Lightning","Glacier","Biased Cognition","Hologram","Apotheosis+1","Coolheaded","Compile Driver+1","Glacier","Ball Lightning","BootSequence","Blizzard","Ball Lightning+1","Turbo+1","Seek","Barrage+1","All For One","Mayhem","Chill+1","Coolheaded+1"],"relics":["Cracked Core","Membership Card","Old Coin","Symbiotic Virus","Anchor","Oddly Smooth Stone","Inserter","ClockworkSouvenir","Whetstone","Kunai","War Paint","TheAbacus","Pear","Sozu","The Courier","Nunchaku","Frozen Egg 2"],"acts_visited":["Exordium","TheCity","TheBeyond"],"potions_floor_usage":[46,50],"damage_taken":[{"damage":4.0,"enemies":"Jaw Worm","floor":1.0,"turns":4.0},{"damage":1.0,"enemies":"2 Louse","floor":3.0,"turns":4.0},{"damage":1.0,"enemies":"Cultist","floor":4.0,"turns":4.0},{"damage":17.0,"enemies":"Lagavulin","floor":6.0,"turns":10.0},{"damage":12.0,"enemies":"Exordium Thugs","floor":7.0,"turns":6.0},{"damage":4.0,"enemies":"Large Slime","floor":12.0,"turns":4.0},{"damage":0.0,"enemies":"Red Slaver","floor":14.0,"turns":3.0},{"damage":4.0,"enemies":"Hexaghost","floor":16.0,"turns":10.0},{"damage":0.0,"enemies":"Spheric Guardian","floor":18.0,"turns":4.0},{"damage":7.0,"enemies":"2 Thieves","floor":20.0,"turns":5.0},{"damage":23.0,"enemies":"Snake Plant","floor":21.0,"turns":4.0},{"damage":8.0,"enemies":"Gremlin Leader","floor":23.0,"turns":8.0},{"damage":8.0,"enemies":"Cultist and Chosen","floor":24.0,"turns":5.0},{"damage":0.0,"enemies":"Chosen and Byrds","floor":25.0,"turns":5.0},{"damage":1.0,"enemies":"Snake Plant","floor":29.0,"turns":3.0},{"damage":0.0,"enemies":"Snecko","floor":30.0,"turns":3.0},{"damage":6.0,"enemies":"Champ","floor":33.0,"turns":7.0},{"damage":5.0,"enemies":"3 Shapes","floor":35.0,"turns":4.0},{"damage":0.0,"enemies":"Orb Walker","floor":36.0,"turns":3.0},{"damage":0,"enemies":"Sphere and 2 Shapes","floor":39,"turns":5},{"damage":0,"enemies":"Giant Head","floor":41,"turns":6},{"damage":1,"enemies":"3 Darklings","floor":44,"turns":5},{"damage":1,"enemies":"Spire Growth","floor":45,"turns":3},{"damage":0,"enemies":"Reptomancer","floor":46,"turns":4},{"damage":17,"enemies":"Writhing Mass","floor":47,"turns":4},{"damage":16,"enemies":"Awakened One","floor":50,"turns":10}],"seed_played":"-2272811916630011538","potions_obtained":[{"floor":1.0,"key":"Regen Potion"},{"floor":7.0,"key":"PowerPotion"},{"floor":12.0,"key":"BlessingOfTheForge"},{"floor":20.0,"key":"PotionOfCapacity"},{"floor":29.0,"key":"LiquidMemories"}],"is_trial":false,"path_per_floor":["M","?","M","M","$","E","M","?","T","$","R","M","R","M","R","B",null,"M","$","M","M","?","E","M","M","T","?","$","M","M","$","R","B",null,"M","M","?","$","M","R","E","?","T","M","M","E","M","?","R","B",null],"character_chosen":"DEFECT","items_purchased":["Membership Card","Cold Snap","Anchor","Oddly Smooth Stone","Rainbow","ClockworkSouvenir","Apotheosis","Coolheaded","War Paint","TheAbacus","Seek","Pear"],"campfire_rested":2,"item_purchase_floors":[5,5,10,10,10,19,19,19,28,28,28,31],"current_hp_per_floor":[64,53,52,51,51,34,22,22,22,22,22,18,18,27,27,23,62,62,62,55,32,32,24,16,16,16,16,16,15,15,25,50,44,75,70,70,65,65,65,65,65,65,65,64,63,63,46,46,70,54],"gold":214,"neow_bonus":"ONE_RANDOM_RARE_CARD","is_daily":false,"chose_seed":false,"campfire_upgraded":4,"win_rate":0.0,"timestamp":1614404892,"path_taken":["M","?","M","M","$","E","M","?","T","$","R","M","R","M","R","BOSS","M","$","M","?","?","E","M","M","T","?","$","M","?","?","R","BOSS","M","M","?","$","M","R","E","?","T","M","M","E","?","?","R","BOSS"],"items_purchased_type":["Relic","Card","Relic","Relic","Card","Relic","Card","Card","Relic","Relic","Card","Relic"],"build_version":"2020-12-22","purchased_purges":5,"victory":true,"max_hp_per_floor":[75,75,75,75,75,75,75,75,75,75,75,75,75,75,75,75,75,75,75,75,75,75,75,75,75,75,75,75,75,75,85,85,85,85,85,85,85,85,85,85,85,85,85,85,85,85,85,81,81,81],"card_choices":[{"not_picked":["Streamline","Turbo"],"picked":"Undo","floor":1.0},{"not_picked":["Rebound","Barrage"],"picked":"Beam Cell","floor":3.0},{"not_picked":["Stack","Beam Cell"],"picked":"Conserve Battery","floor":4.0},{"not_picked":["Blizzard","Double Energy"],"picked":"Reboot","floor":6.0},{"not_picked":["Leap","Beam Cell"],"picked":"Streamline","floor":7.0},{"not_picked":["Barrage","Gash"],"picked":"Ball Lightning","floor":12.0},{"not_picked":["Chaos","Rebound"],"picked":"Glacier","floor":14.0},{"not_picked":["Machine Learning","Fission"],"picked":"Biased Cognition","floor":16.0},{"not_picked":["Streamline","Compile Driver"],"picked":"Hologram","floor":18.0},{"not_picked":["Consume","Heatsinks"],"picked":"Compile Driver","floor":20.0},{"not_picked":["Beam Cell","Capacitor"],"picked":"Glacier","floor":21.0},{"not_picked":["Double Energy","Machine Learning"],"picked":"Blizzard","floor":23.0},{"not_picked":["Static Discharge","Gash"],"picked":"Ball Lightning+1","floor":24.0},{"not_picked":["Redo","Beam Cell"],"picked":"Turbo+1","floor":25.0},{"not_picked":["Go for the Eyes","Steam","Rebound"],"picked":"SKIP","floor":29.0},{"not_picked":["Ball Lightning+1","Reinforced Body"],"picked":"Barrage+1","floor":30.0},{"not_picked":["Seek","Hyperbeam"],"picked":"All For One","floor":33.0},{"not_picked":["Melter+1","Hologram","Steam"],"picked":"SKIP","floor":35.0},{"not_picked":["Beam Cell","Barrage","Blizzard"],"picked":"SKIP","floor":36.0},{"not_picked":["Apotheosis","Forethought"],"picked":"Mayhem","floor":37.0},{"not_picked":["Turbo","Cold Snap+1","Sweeping Beam"],"picked":"SKIP","floor":39},{"not_picked":["Ball Lightning+1","Rebound","Stack"],"picked":"SKIP","floor":41},{"not_picked":["Steam+1","Coolheaded","Leap"],"picked":"SKIP","floor":44},{"not_picked":["Turbo+1","BootSequence+1","Melter"],"picked":"SKIP","floor":45},{"not_picked":["Hologram","Loop+1"],"picked":"Chill+1","floor":46},{"not_picked":["Gash","Undo+1"],"picked":"Coolheaded+1","floor":47}],"player_experience":590890,"relics_obtained":[{"floor":6.0,"key":"Old Coin"},{"floor":9.0,"key":"Symbiotic Virus"},{"floor":23.0,"key":"Whetstone"},{"floor":26.0,"key":"Kunai"},{"floor":41,"key":"The Courier"},{"floor":43,"key":"Nunchaku"},{"floor":46,"key":"Frozen Egg 2"}],"event_choices":[{"damage_healed":0.0,"max_hp_gain":0.0,"max_hp_loss":0.0,"gold_gain":75.0,"event_name":"World of Goop","player_choice":"Gather Gold","floor":2.0,"gold_loss":0.0,"damage_taken":11.0},{"cards_removed":["Strike_B"],"damage_healed":0.0,"max_hp_gain":0.0,"max_hp_loss":0.0,"gold_gain":0.0,"event_name":"Bonfire Elementals","player_choice":"Offered Basic","floor":8.0,"gold_loss":0.0,"damage_taken":0.0},{"damage_healed":0.0,"max_hp_gain":0.0,"max_hp_loss":0.0,"gold_gain":0.0,"cards_transformed":["Defend_B","Defend_B"],"event_name":"Drug Dealer","player_choice":"Became Test Subject","floor":22.0,"gold_loss":0.0,"damage_taken":0.0,"cards_obtained":["Ball Lightning","BootSequence"]},{"damage_healed":0.0,"max_hp_gain":0.0,"max_hp_loss":0.0,"gold_gain":275.0,"event_name":"Golden Shrine","player_choice":"Desecrate","floor":27.0,"gold_loss":0.0,"damage_taken":0.0,"cards_obtained":["Regret"]},{"damage_healed":0.0,"max_hp_gain":0.0,"max_hp_loss":0.0,"gold_gain":0.0,"event_name":"SensoryStone","player_choice":"Memory 2","floor":37.0,"gold_loss":0.0,"damage_taken":5.0},{"cards_removed":["Defend_B"],"damage_healed":0,"gold_gain":0,"player_choice":"Purged","damage_taken":0,"max_hp_gain":0,"max_hp_loss":0,"event_name":"Purifier","floor":42,"gold_loss":0},{"damage_healed":0,"gold_gain":0,"player_choice":"Max HP","damage_taken":0,"max_hp_gain":0,"max_hp_loss":4,"event_name":"Winding Halls","floor":48,"gold_loss":0}],"is_beta":false,"boss_relics":[{"not_picked":["SacredBark","Snecko Eye"],"picked":"Inserter"},{"not_picked":["Tiny House","FrozenCore"],"picked":"Sozu"}],"items_purged_floors":[5,10,19,28,38],"is_endless":false,"potions_floor_spawned":[1,7,12,20,24,29,33,39,44,45],"ascension_level":7}}