{"host":"l3xrug4zqg5ym5g5","time":1614402816,"event":{"mods":["AchievementEnabler","BaseMod","Colored Map","Highlight Path","Minty Spire (QoL Compilation)","Quick Restart","Rare Cards Sparkle","Relic Sorter","Relic Stats","StSLib","SuperFastMode"],"gold_per_floor":[114,114,134,134,309,309,324,5,59,33,33,45,45,7,7,7,7],"floor_reached":16,"language":"ENG","playtime":338,"items_purged":["Doubt"],"score":90,"play_id":"097d8b6c-ddd4-40c5-831e-74eb69b91c21","local_time":"20210227001336","is_ascension_mode":false,"campfire_choices":[{"data":"BattleHymn","floor":6,"key":"SMITH"},{"data":"EmptyFist","floor":11,"key":"SMITH"},{"data":"PanicButton","floor":15,"key":"SMITH"}],"circlet_count":0,"master_deck":["Strike_P","Strike_P","Strike_P","Strike_P","Defend_P","Defend_P","Defend_P","Defend_P","Eruption","Vigilance","EmptyFist","BattleHymn+1","BowlingBash","EmptyFist+1","FlurryOfBlows","PanicButton+1"],"relics":["PureWater","NeowsBlessing","Membership Card","CaptainsWheel","Art of War"],"acts_visited":["Exordium"],"potions_floor_usage":[10,16,16],"damage_taken":[{"damage":0,"enemies":"Small Slimes","floor":1,"turns":2},{"damage":0,"enemies":"Cultist","floor":3,"turns":1},{"damage":0,"enemies":"2 Louse","floor":7,"turns":1},{"damage":22,"enemies":"Exordium Thugs","floor":10,"turns":5},{"damage":0,"enemies":"Large Slime","floor":12,"turns":6},{"damage":51,"enemies":"The Guardian","floor":16,"turns":7}],"seed_played":"7097079393263649345","potions_obtained":[{"floor":10,"key":"Dexterity Potion"},{"floor":12,"key":"BottledMiracle"}],"is_trial":false,"path_per_floor":["M","?","M","?","?","R","M","$","T","M","R","M","?","$","R","B"],"character_chosen":"WATCHER","items_purchased":["Membership Card","CaptainsWheel","ColorlessPotion"],"campfire_rested":0,"item_purchase_floors":[8,8,8],"current_hp_per_floor":[72,72,72,72,72,72,72,72,72,50,50,50,50,50,50,0,0],"gold":7,"neow_bonus":"THREE_ENEMY_KILL","is_daily":false,"chose_seed":false,"campfire_upgraded":3,"win_rate":0.0,"timestamp":1614402816,"path_taken":["M","?","M","?","?","R","M","$","T","M","R","M","?","$","R","BOSS"],"items_purchased_type":["Relic","Relic","Potion"],"build_version":"2020-12-22","purchased_purges":1,"victory":false,"max_hp_per_floor":[72,72,72,72,72,72,72,72,72,72,72,72,72,72,72,72,72],"relic_stats":{"counters":[6,22],"Art of War":[1],"obtain_stats":[{"CaptainsWheel":8,"NeowsBlessing":0,"Art of War":9,"Membership Card":8,"PureWater":0},{"CaptainsWheel":3,"NeowsBlessing":0,"Art of War":3,"Membership Card":3,"PureWater":0},{"CaptainsWheel":4,"NeowsBlessing":0,"Art of War":4,"Membership Card":4,"PureWater":0}]},"card_choices":[{"not_picked":["CrushJoints","ReachHeaven"],"picked":"EmptyFist","floor":1},{"not_picked":["FollowUp","Halt"],"picked":"BattleHymn","floor":3},{"not_picked":["Study","FlurryOfBlows"],"picked":"BowlingBash","floor":7},{"not_picked":["DeceiveReality","Study"],"picked":"EmptyFist","floor":10},{"not_picked":["SashWhip","ClearTheMind"],"picked":"FlurryOfBlows","floor":12}],"player_experience":112174,"relics_obtained":[{"floor":9,"key":"Art of War"}],"event_choices":[{"damage_healed":0,"gold_gain":0,"player_choice":"Ignored","damage_taken":0,"max_hp_gain":0,"max_hp_loss":0,"event_name":"Golden Wing","floor":2,"gold_loss":0},{"damage_healed":0,"gold_gain":0,"player_choice":"Ignored","damage_taken":0,"max_hp_gain":0,"max_hp_loss":0,"event_name":"Golden Idol","floor":4,"gold_loss":0},{"damage_healed":0,"gold_gain":175,"player_choice":"AGREE","damage_taken":0,"max_hp_gain":0,"max_hp_loss":0,"event_name":"Liars Game","floor":5,"gold_loss":0,"cards_obtained":["Doubt"]},{"damage_healed":0,"gold_gain":0,"player_choice":"1 cards matched","damage_taken":0,"max_hp_gain":0,"max_hp_loss":0,"event_name":"Match and Keep!","floor":13,"gold_loss":0,"cards_obtained":["PanicButton"]}],"is_beta":false,"boss_relics":[],"items_purged_floors":[14],"is_endless":false,"potions_floor_spawned":[10,12],"killed_by":"The Guardian","ascension_level":0}}