{"host":"seyebgsfkenzddlz","time":1614405496,"event":{"mods":["AchievementEnabler","BaseMod","Bestiary","Block Reminder","Colored Powertips","Minty Spire (QoL Compilation)","Practice Mode","Relic Stats"],"gold_per_floor":[12,23,42,42,42,72,72,82,107,40,57,67,67,83,83,180,180,197,197,296,296,310,339,339,339,339,359,377,78,78,78,78],"floor_reached":31,"language":"RUS","playtime":1391,"items_purged":["Strike_B"],"score":283,"play_id":"c9e4fd56-12c0-4e56-a9c7-a3d52ede4ef8","local_time":"20210227155816","is_ascension_mode":true,"campfire_choices":[{"floor":7.0,"key":"REST"},{"floor":15.0,"key":"REST"},{"data":"Defragment","floor":24,"key":"SMITH"}],"circlet_count":0,"master_deck":["Defend_B","Defend_B","Defend_B","Defend_B","Zap","Dualcast","Barrage","Genetic Algorithm+1","Gash","Darkness","Capacitor","Defragment+1","Gash","FTL","Madness+1","Hologram","Reinforced Body","Fission","All For One+1","Rebound+1","Glacier+1","BootSequence","Go for the Eyes+1","BootSequence","Beam Cell","Gash","Apotheosis","Conserve Battery","Decay"],"relics":["Cracked Core","Emotion Chip","Nunchaku","DataDisk","Astrolabe","War Paint","White Beast Statue"],"acts_visited":["Exordium","TheCity"],"potions_floor_usage":[23,28],"damage_taken":[{"damage":1.0,"enemies":"Cultist","floor":1.0,"turns":3.0},{"damage":2.0,"enemies":"Jaw Worm","floor":2.0,"turns":3.0},{"damage":3.0,"enemies":"2 Louse","floor":3.0,"turns":2.0},{"damage":53.0,"enemies":"Gremlin Nob","floor":6.0,"turns":6.0},{"damage":12.0,"enemies":"Large Slime","floor":8.0,"turns":5.0},{"damage":3.0,"enemies":"Looter","floor":11.0,"turns":3.0},{"damage":5.0,"enemies":"3 Louse","floor":12.0,"turns":3.0},{"damage":9.0,"enemies":"Large Slime","floor":14.0,"turns":3.0},{"damage":29.0,"enemies":"The Guardian","floor":16.0,"turns":12.0},{"damage":3.0,"enemies":"Shell Parasite","floor":18.0,"turns":6.0},{"damage":5,"enemies":"3 Byrds","floor":22,"turns":6},{"damage":15,"enemies":"Slavers","floor":23,"turns":6},{"damage":24,"enemies":"3 Cultists","floor":27,"turns":6},{"damage":18,"enemies":"Centurion and Healer","floor":28,"turns":6},{"damage":18,"enemies":"Shelled Parasite and Fungi","floor":31,"turns":2}],"seed_played":"7737533238925855383","potions_obtained":[{"floor":2.0,"key":"Energy Potion"},{"floor":12.0,"key":"Fire Potion"},{"floor":14.0,"key":"Fire Potion"},{"floor":16.0,"key":"EssenceOfDarkness"},{"floor":22,"key":"Strength Potion"},{"floor":23,"key":"SpeedPotion"},{"floor":27,"key":"FocusPotion"},{"floor":28,"key":"Strength Potion"}],"is_trial":false,"path_per_floor":["M","M","M","$","?","E","R","M","T","$","M","M","?","M","R","B",null,"M","?","?","?","M","E","R","?","T","M","M","$","?","M"],"character_chosen":"DEFECT","items_purchased":["Defragment","Apotheosis","Conserve Battery"],"campfire_rested":2,"item_purchase_floors":[10,29,29],"current_hp_per_floor":[74,72,69,69,69,16,38,26,26,26,23,18,18,9,31,2,75,72,72,72,72,67,52,52,52,52,28,10,10,10,0,0],"gold":78,"neow_bonus":"ONE_RARE_RELIC","is_daily":false,"chose_seed":false,"campfire_upgraded":1,"win_rate":0.0,"timestamp":1614405496,"path_taken":["M","M","M","?","?","E","R","M","T","$","M","?","?","?","R","BOSS","M","?","?","?","M","E","R","?","T","M","M","$","?","M"],"items_purchased_type":["Card","Card","Card"],"build_version":"2020-12-22","purchased_purges":1,"victory":false,"max_hp_per_floor":[75,75,75,75,75,75,75,75,75,75,75,75,75,75,75,75,75,75,75,75,75,75,75,75,75,75,75,75,75,75,75,75],"relic_stats":{"Emotion Chip":[42,27,3,12,0],"Nunchaku":[9],"counters":[15,72],"Astrolabe":["All For One","Rebound","Glacier"],"War Paint":["Madness","Genetic Algorithm"],"obtain_stats":[{"Emotion Chip":0,"Nunchaku":6,"DataDisk":9,"Astrolabe":17,"War Paint":23,"Cracked Core":0,"White Beast Statue":26},{"Emotion Chip":0,"Nunchaku":4,"DataDisk":5,"Astrolabe":9,"War Paint":12,"Cracked Core":0,"White Beast Statue":12},{"Emotion Chip":0,"Nunchaku":14,"DataDisk":19,"Astrolabe":40,"War Paint":58,"Cracked Core":0,"White Beast Statue":58}]},"card_choices":[{"not_picked":["Cold Snap","Gash"],"picked":"Barrage","floor":1.0},{"not_picked":["Go for the Eyes","Streamline"],"picked":"Genetic Algorithm","floor":2.0},{"not_picked":["Scrape","Barrage"],"picked":"Gash","floor":3.0},{"not_picked":["Streamline","Fission"],"picked":"Darkness","floor":6.0},{"not_picked":["Ball Lightning","Scrape"],"picked":"Capacitor","floor":8.0},{"not_picked":["Cold Snap","Sunder"],"picked":"Gash","floor":11.0},{"not_picked":["Barrage","Streamline"],"picked":"FTL","floor":12.0},{"not_picked":["Seek","Redo"],"picked":"Reinforced Body","floor":14.0},{"not_picked":["All For One","Rainbow"],"picked":"Fission","floor":16.0},{"not_picked":["Stack","Coolheaded"],"picked":"BootSequence","floor":18.0},{"not_picked":["Steam","Lockon+1"],"picked":"Go for the Eyes+1","floor":22},{"not_picked":["Streamline","Sweeping Beam"],"picked":"BootSequence","floor":23},{"not_picked":["Barrage","Steam+1"],"picked":"Beam Cell","floor":27},{"not_picked":["Steam+1","Thunder Strike"],"picked":"Gash","floor":28}],"player_experience":140172,"relics_obtained":[{"floor":6.0,"key":"Nunchaku"},{"floor":9.0,"key":"DataDisk"},{"floor":23,"key":"War Paint"},{"floor":26,"key":"White Beast Statue"}],"event_choices":[{"damage_healed":0.0,"max_hp_gain":0.0,"max_hp_loss":0.0,"gold_gain":0.0,"event_name":"Wheel of Change","player_choice":"Cursed","floor":5.0,"gold_loss":0.0,"damage_taken":0.0,"cards_obtained":["Decay"]},{"damage_healed":0.0,"max_hp_gain":0.0,"max_hp_loss":0.0,"gold_gain":0.0,"event_name":"Match and Keep!","player_choice":"2 cards matched","floor":13.0,"gold_loss":0.0,"damage_taken":0.0,"cards_obtained":["Madness","Hologram"]},{"damage_healed":0.0,"max_hp_gain":0.0,"max_hp_loss":0.0,"gold_gain":0.0,"event_name":"Cursed Tome","player_choice":"Ignored","floor":19.0,"gold_loss":0.0,"damage_taken":0.0},{"damage_healed":0.0,"max_hp_gain":0.0,"max_hp_loss":0.0,"gold_gain":99.0,"event_name":"Nest","player_choice":"Stole From Cult","floor":20.0,"gold_loss":0.0,"damage_taken":0.0},{"cards_removed":["Decay"],"damage_healed":0.0,"max_hp_gain":0.0,"max_hp_loss":0.0,"gold_gain":0.0,"event_name":"Back to Basics","player_choice":"Elegance","floor":21.0,"gold_loss":0.0,"damage_taken":0.0},{"damage_healed":0,"gold_gain":0,"player_choice":"Ignored","damage_taken":0,"max_hp_gain":0,"max_hp_loss":0,"event_name":"Beggar","floor":25,"gold_loss":0},{"damage_healed":0,"gold_gain":0,"player_choice":"Smashed Altar","damage_taken":0,"max_hp_gain":0,"max_hp_loss":0,"event_name":"Forgotten Altar","floor":30,"gold_loss":0,"cards_obtained":["Decay"]}],"is_beta":false,"boss_relics":[{"not_picked":["Busted Crown","Empty Cage"],"picked":"Astrolabe"}],"items_purged_floors":[29],"is_endless":false,"potions_floor_spawned":[2,12,14,16,22,23,27,28],"killed_by":"Shelled Parasite and Fungi","ascension_level":2}}