{"host":"egwexuw5uvnxf11j","time":1614399861,"event":{"mods":["2.2 Compatiblity","Aspiration","BaseMod","Better Note","Better Sensory Stone","Better Third Choice","Displayed Cursed Tome","Downfall","Hermit","Key Reminder","Koishi","Marisa????????","Minty Spire (QoL Compilation)","Quick Restart","Shade Mod","Spicy Shops","StSLib","The Construct","The Cursed","The Runesmith","The Senshi","The Servant 0.9.4","Transform Curses"],"gold_per_floor":[117,117,117,130,41,41,106,130,130,151,151,174,208,227,227,356,356,377,398,422,124,149,192,192,192,192],"floor_reached":25,"language":"ENG","playtime":1160,"items_purged":["Injury"],"score":382,"play_id":"4c5fc913-a6de-4d8e-9fd0-8c4ed7cf8acf","local_time":"20210226232421","is_ascension_mode":true,"campfire_choices":[{"floor":6,"key":"REST"},{"floor":11,"key":"REST"},{"floor":15,"key":"REST"},{"floor":24,"key":"REST"}],"circlet_count":0,"master_deck":["Strike_P","Strike_P","Strike_P","Strike_P","Defend_P","Defend_P","Defend_P","Defend_P","Eruption","Vigilance","BattleHymn","Swivel","EmptyFist","FollowUp","FlurryOfBlows","Indignation","Adaptation","InnerPeace","FlurryOfBlows","Judgement","Consecrate","Protect","EmptyBody","FlurryOfBlows","Prostrate","MasterReality","Consecrate","Brilliance","Worship","Vengeance","CrushJoints+1","ConjureBlade","FlurryOfBlows","LikeWater","Consecrate","Halt+1"],"relics":["PureWater","Prayer Wheel","Golden Idol","SsserpentHead","Girya","Ornamental Fan","aspiration:SecretTechniqueScroll","aspiration:ChemicalBlood","Orichalcum"],"acts_visited":["Exordium","TheCity"],"potions_floor_usage":[12,13,20,22,23,23,23],"damage_taken":[{"damage":0,"enemies":"2 Louse","floor":1,"turns":2},{"damage":1,"enemies":"Small Slimes","floor":4,"turns":5},{"damage":0,"enemies":"Cultist","floor":7,"turns":3},{"damage":23,"enemies":"Exordium Wildlife","floor":8,"turns":4},{"damage":19,"enemies":"Lots of Slimes","floor":10,"turns":4},{"damage":0,"enemies":"Looter","floor":12,"turns":1},{"damage":26,"enemies":"Gremlin Nob","floor":13,"turns":5},{"damage":4,"enemies":"Blue Slaver","floor":14,"turns":3},{"damage":0,"enemies":"Slime Boss","floor":16,"turns":3},{"damage":3,"enemies":"Chosen","floor":18,"turns":4},{"damage":13,"enemies":"3 Byrds","floor":19,"turns":4},{"damage":2,"enemies":"3 Cultists","floor":20,"turns":4},{"damage":19,"enemies":"Centurion and Healer","floor":22,"turns":5},{"damage":56,"enemies":"Book of Stabbing","floor":23,"turns":7},{"damage":23,"enemies":"Snecko","floor":25,"turns":4}],"seed_played":"-6669367795577527697","potions_obtained":[{"floor":1,"key":"EssenceOfSteel"},{"floor":7,"key":"Swift Potion"},{"floor":12,"key":"FairyPotion"},{"floor":18,"key":"EssenceOfSteel"},{"floor":19,"key":"DistilledChaos"},{"floor":20,"key":"SkillPotion"}],"is_trial":false,"path_per_floor":["M","?","?","M","$","R","M","M","T","M","R","M","E","M","R","B",null,"M","M","M","$","M","E","R","M"],"character_chosen":"WATCHER","items_purchased":["FlurryOfBlows","Indignation","LikeWater","aspiration:ChemicalBlood"],"campfire_rested":4,"item_purchase_floors":[5,5,21,21],"current_hp_per_floor":[51,51,51,50,50,71,71,48,48,29,50,50,24,20,41,41,72,69,56,54,54,35,1,22,0,0],"gold":192,"neow_bonus":"ONE_RARE_RELIC","is_daily":false,"chose_seed":false,"campfire_upgraded":0,"win_rate":0.0,"timestamp":1614399861,"path_taken":["M","?","?","M","$","R","?","M","T","M","R","M","E","M","R","BOSS","M","M","M","$","M","E","R","M"],"items_purchased_type":["Card","Card","Card","Relic"],"build_version":"2020-12-22","purchased_purges":1,"victory":false,"max_hp_per_floor":[72,72,72,72,72,72,72,72,72,72,72,72,72,72,72,72,72,72,72,72,72,72,72,72,72,72],"card_choices":[{"not_picked":["Collect","FollowUp"],"picked":"BattleHymn","floor":1},{"not_picked":["SignatureMove","CutThroughFate"],"picked":"Swivel","floor":1},{"not_picked":["CrushJoints","ThirdEye"],"picked":"EmptyFist","floor":4},{"not_picked":["Crescendo","JustLucky"],"picked":"FollowUp","floor":4},{"not_picked":["LikeWater","EmptyBody"],"picked":"Adaptation","floor":7},{"not_picked":["ForeignInfluence","ReachHeaven"],"picked":"InnerPeace","floor":7},{"not_picked":["SignatureMove","Evaluate"],"picked":"FlurryOfBlows","floor":8},{"not_picked":["EmptyFist","ForeignInfluence"],"picked":"Judgement","floor":8},{"not_picked":["SashWhip","Protect"],"picked":"Consecrate","floor":10},{"not_picked":["PathToVictory","CarveReality"],"picked":"Protect","floor":10},{"not_picked":["Protect","PathToVictory"],"picked":"EmptyBody","floor":12},{"not_picked":["Omniscience","ForeignInfluence"],"picked":"FlurryOfBlows","floor":12},{"not_picked":["ClearTheMind","Crescendo"],"picked":"Prostrate","floor":13},{"not_picked":["FlyingSleeves","Evaluate"],"picked":"MasterReality","floor":14},{"not_picked":["BowlingBash","Fasting2"],"picked":"Consecrate","floor":14},{"not_picked":["DevaForm","Blasphemy"],"picked":"Brilliance","floor":16},{"not_picked":["CarveReality","FlurryOfBlows"],"picked":"Worship","floor":18},{"not_picked":["JustLucky","CutThroughFate"],"picked":"Vengeance","floor":18},{"not_picked":["PathToVictory","EmptyBody"],"picked":"CrushJoints+1","floor":19},{"not_picked":["EmptyBody","BowlingBash"],"picked":"ConjureBlade","floor":19},{"not_picked":["Nirvana+1","Halt"],"picked":"FlurryOfBlows","floor":20},{"not_picked":["SashWhip","PathToVictory","JustLucky"],"picked":"SKIP","floor":20},{"not_picked":["JustLucky","ThirdEye"],"picked":"Consecrate","floor":22},{"not_picked":["ForeignInfluence+1","Evaluate+1"],"picked":"Halt+1","floor":22},{"not_picked":["CutThroughFate+1","Vengeance","Meditate"],"picked":"SKIP","floor":23}],"player_experience":2162646,"relics_obtained":[{"floor":9,"key":"Girya"},{"floor":13,"key":"Ornamental Fan"},{"floor":23,"key":"Orichalcum"}],"event_choices":[{"damage_healed":0,"gold_gain":0,"player_choice":"Take Wound","damage_taken":0,"relics_obtained":["Golden Idol"],"max_hp_gain":0,"max_hp_loss":0,"event_name":"Golden Idol","floor":2,"gold_loss":0,"cards_obtained":["Injury"]},{"damage_healed":0,"gold_gain":0,"player_choice":"Trade","damage_taken":0,"relics_obtained":["SsserpentHead"],"max_hp_gain":0,"max_hp_loss":0,"event_name":"FaceTrader","floor":3,"gold_loss":0}],"is_beta":false,"boss_relics":[{"not_picked":["theSenshi:MoonKaleidoScopeRelic","Cursed Key"],"picked":"aspiration:SecretTechniqueScroll"}],"items_purged_floors":[21],"is_endless":false,"potions_floor_spawned":[1,7,12,18,19,20],"killed_by":"Snecko","ascension_level":4}}