{"host":"dkr0dog13pegamnp","time":1614408585,"event":{"mods":["AchievementEnabler","BaseMod","Minty Spire (QoL Compilation)","Rare Cards Sparkle","StSLib","SuperFastMode","everything is the same but u backflip on backflip"],"gold_per_floor":[118,43,60,73,73,73,105,105,105,123,140,157,173,248,248,323,323,323,273,54,73,37,37,67,84,109,109,128,162,212,245,245,324,324,340,340,356,381,396,427,427,453,453,478,478,553,564,597,597,597,597,597,191,216,216],"floor_reached":56,"language":"KOR","playtime":2939,"items_purged":[],"score":2463,"play_id":"241583e1-6531-47c1-b4e2-a69618491bd9","local_time":"20210227154945","is_ascension_mode":true,"campfire_choices":[{"data":"Dagger Spray","floor":6.0,"key":"SMITH"},{"data":"Footwork","floor":8.0,"key":"SMITH"},{"floor":15.0,"key":"RECALL"},{"data":"Tools of the Trade","floor":23.0,"key":"SMITH"},{"floor":27.0,"key":"REST"},{"data":"Underhanded Strike","floor":32.0,"key":"SMITH"},{"floor":45,"key":"REST"},{"floor":49,"key":"REST"},{"floor":52,"key":"REST"}],"circlet_count":0,"master_deck":["AscendersBane","Survivor+1","Neutralize+1","Footwork+1","Dagger Spray+1","Prepared+1","Backflip+1","PiercingWail+1","Deadly Poison+1","Escape Plan+1","Phantasmal Killer+1","Concentrate+1","Phantasmal Killer+1","Underhanded Strike+1","Bullet Time+1","Corpse Explosion+1","Caltrops+1","Expertise+1","Cloak And Dagger+1","Tools of the Trade+1","Master of Strategy+1","Backflip+1","Outmaneuver+1","Calculated Gamble+1","Bouncing Flask+1","Blur+1","Reflex+1","Tactician+1","Adrenaline+1","Reflex+1","Purity+1","Prepared+1"],"relics":["Ring of the Snake","Toxic Egg 2","Bottled Flame","Pandora\u0027s Box","Nunchaku","Anchor","Tough Bandages","Sozu","Lizard Tail","Prayer Wheel","Akabeko","Ancient Tea Set","CeramicFish","Mercury Hourglass","Centennial Puzzle","Sundial","Medical Kit","Blood Vial"],"acts_visited":["Exordium","TheCity","TheBeyond","TheEnding"],"potions_floor_usage":[55,55],"damage_taken":[{"damage":0.0,"enemies":"Small Slimes","floor":1.0,"turns":3.0},{"damage":2.0,"enemies":"Cultist","floor":3.0,"turns":7.0},{"damage":0.0,"enemies":"Jaw Worm","floor":4.0,"turns":8.0},{"damage":24.0,"enemies":"Lagavulin","floor":7.0,"turns":11.0},{"damage":0.0,"enemies":"2 Fungi Beasts","floor":10.0,"turns":4.0},{"damage":8.0,"enemies":"Exordium Thugs","floor":11.0,"turns":7.0},{"damage":4.0,"enemies":"Exordium Wildlife","floor":12.0,"turns":8.0},{"damage":0.0,"enemies":"Large Slime","floor":13.0,"turns":5.0},{"damage":16.0,"enemies":"Hexaghost","floor":16.0,"turns":13.0},{"damage":0.0,"enemies":"Chosen","floor":18.0,"turns":4.0},{"damage":11.0,"enemies":"2 Thieves","floor":21.0,"turns":3.0},{"damage":0.0,"enemies":"Gremlin Leader","floor":24.0,"turns":3.0},{"damage":19.0,"enemies":"Shelled Parasite and Fungi","floor":25.0,"turns":7.0},{"damage":4.0,"enemies":"Centurion and Healer","floor":28.0,"turns":3.0},{"damage":1.0,"enemies":"Slavers","floor":29.0,"turns":4.0},{"damage":0.0,"enemies":"Book of Stabbing","floor":31.0,"turns":4.0},{"damage":0,"enemies":"Automaton","floor":33,"turns":6},{"damage":0,"enemies":"3 Shapes","floor":35,"turns":2},{"damage":0,"enemies":"Orb Walker","floor":37,"turns":3},{"damage":0,"enemies":"Mind Bloom Boss Battle","floor":38,"turns":5},{"damage":0,"enemies":"4 Shapes","floor":39,"turns":2},{"damage":0,"enemies":"Reptomancer","floor":40,"turns":3},{"damage":0,"enemies":"Nemesis","floor":42,"turns":5},{"damage":0,"enemies":"Reptomancer","floor":44,"turns":4},{"damage":0,"enemies":"3 Darklings","floor":47,"turns":2},{"damage":7,"enemies":"Giant Head","floor":48,"turns":7},{"damage":12,"enemies":"Awakened One","floor":50,"turns":9},{"damage":0,"enemies":"Shield and Spear","floor":54,"turns":3},{"damage":23,"enemies":"The Heart","floor":55,"turns":7}],"seed_played":"244524820982209976","potions_obtained":[{"floor":1.0,"key":"SpeedPotion"},{"floor":4.0,"key":"SmokeBomb"},{"floor":16.0,"key":"SteroidPotion"},{"floor":28.0,"key":"SteroidPotion"},{"floor":29.0,"key":"Energy Potion"},{"floor":33,"key":"SkillPotion"}],"is_trial":false,"path_per_floor":["M","?","M","M","?","R","E","R","T","M","M","M","M","?","R","B",null,"M","?","$","M","$","R","E","M","T","R","M","E","?","E","R","B",null,"M","?","M","?","M","E","?","E","T","E","R","T","M","E","R","B",null,"R","$","E","B",null],"character_chosen":"THE_SILENT","items_purchased":["Master of Strategy+1","Backflip+1","Calculated Gamble+1","Sundial","Medical Kit"],"campfire_rested":4,"item_purchase_floors":[20,20,22,53,53],"current_hp_per_floor":[59,59,57,57,66,66,42,42,42,42,34,30,30,19,19,3,50,50,50,50,39,39,39,39,20,20,39,35,34,34,34,34,34,58,58,58,58,58,58,58,58,58,58,58,66,66,66,59,66,54,63,66,66,66,43],"gold":216,"neow_bonus":"UPGRADE_CARD","is_daily":false,"chose_seed":false,"campfire_upgraded":4,"win_rate":0.0,"timestamp":1614408585,"path_taken":["M","?","M","M","?","R","E","R","T","M","?","M","M","?","R","BOSS","M","?","$","M","?","R","E","M","T","R","?","E","?","E","R","BOSS","M","?","M","?","M","E","?","E","T","E","R","?","M","E","R","BOSS","R","$","E","BOSS"],"items_purchased_type":["Card","Card","Card","Relic","Relic"],"build_version":"2020-12-22","purchased_purges":0,"victory":true,"max_hp_per_floor":[66,66,66,66,66,66,66,66,66,66,66,66,66,66,66,66,66,66,66,66,66,66,66,66,66,66,66,66,66,66,66,66,66,66,66,66,66,66,66,66,66,66,66,66,66,66,66,66,66,66,66,66,66,66,66],"card_choices":[{"not_picked":["Dagger Spray","Deadly Poison"],"picked":"Footwork","floor":1.0},{"not_picked":["Terror","Dodge and Roll"],"picked":"Dagger Spray","floor":3.0},{"not_picked":["Underhanded Strike","Deflect","Flying Knee"],"picked":"SKIP","floor":4.0},{"not_picked":["PiercingWail+1","Sucker Punch"],"picked":"Prepared+1","floor":7.0},{"not_picked":["Slice","Concentrate+1"],"picked":"Backflip+1","floor":10.0},{"not_picked":["Infinite Blades","PiercingWail+1","Dagger Spray"],"picked":"SKIP","floor":11.0},{"not_picked":["Infinite Blades","Dagger Spray"],"picked":"PiercingWail+1","floor":11.0},{"not_picked":["Dodge and Roll+1","Choke"],"picked":"Deadly Poison+1","floor":12.0},{"not_picked":["Sucker Punch","Dagger Spray"],"picked":"Escape Plan+1","floor":13.0},{"not_picked":["Doppelganger+1","Wraith Form v2"],"picked":"Phantasmal Killer+1","floor":16.0},{"not_picked":["Bane","PiercingWail+1"],"picked":"Outmaneuver+1","floor":21.0},{"not_picked":["Flying Knee","Sucker Punch+1"],"picked":"Bouncing Flask+1","floor":24.0},{"not_picked":["PiercingWail+1","Backflip+1"],"picked":"Blur+1","floor":25.0},{"not_picked":["Skewer+1","Leg Sweep+1"],"picked":"Reflex+1","floor":28.0},{"not_picked":["Accuracy+1","Corpse Explosion+1","Blade Dance+1"],"picked":"SKIP","floor":29.0},{"not_picked":["Night Terror+1","Predator"],"picked":"Tactician+1","floor":31.0},{"not_picked":["Unload","After Image"],"picked":"Adrenaline+1","floor":33},{"not_picked":["Quick Slash","Slice+1","Infinite Blades"],"picked":"SKIP","floor":35},{"not_picked":["Flying Knee","Terror+1","Bane"],"picked":"SKIP","floor":37},{"not_picked":["PiercingWail+1","Outmaneuver+1"],"picked":"Reflex+1","floor":38},{"not_picked":["Bullet Time+1","Backstab","Blade Dance+1"],"picked":"SKIP","floor":39},{"not_picked":["Dodge and Roll+1","Deadly Poison+1","Outmaneuver+1"],"picked":"SKIP","floor":40},{"not_picked":["Enlightenment+1","Deep Breath+1"],"picked":"Purity+1","floor":41},{"not_picked":["Deadly Poison+1","Prepared+1","Envenom"],"picked":"SKIP","floor":42},{"not_picked":["Deadly Poison+1","Envenom"],"picked":"Prepared+1","floor":42},{"not_picked":["Backflip+1","Outmaneuver+1","Quick Slash"],"picked":"SKIP","floor":44},{"not_picked":["Poisoned Stab+1","PiercingWail+1","Quick Slash"],"picked":"SKIP","floor":47},{"not_picked":["Concentrate+1","Slice","Dodge and Roll+1"],"picked":"SKIP","floor":47},{"not_picked":["Quick Slash","Calculated Gamble+1","Outmaneuver+1"],"picked":"SKIP","floor":48},{"not_picked":["Doppelganger+1","Prepared+1","Finisher"],"picked":"SKIP","floor":54}],"player_experience":124480,"relics_obtained":[{"floor":7.0,"key":"Toxic Egg 2"},{"floor":9.0,"key":"Bottled Flame"},{"floor":24.0,"key":"Nunchaku"},{"floor":29.0,"key":"Anchor"},{"floor":31.0,"key":"Tough Bandages"},{"floor":38,"key":"Lizard Tail"},{"floor":40,"key":"Prayer Wheel"},{"floor":42,"key":"Akabeko"},{"floor":43,"key":"Ancient Tea Set"},{"floor":44,"key":"CeramicFish"},{"floor":46,"key":"Mercury Hourglass"},{"floor":48,"key":"Centennial Puzzle"},{"floor":54,"key":"Blood Vial"}],"event_choices":[{"cards_removed":["Strike_G"],"damage_healed":0.0,"max_hp_gain":0.0,"max_hp_loss":0.0,"gold_gain":0.0,"event_name":"The Cleric","player_choice":"Card Removal","floor":2.0,"gold_loss":75.0,"damage_taken":0.0},{"damage_healed":9.0,"max_hp_gain":0.0,"max_hp_loss":0.0,"gold_gain":0.0,"event_name":"Wheel of Change","player_choice":"Full Heal","floor":5.0,"gold_loss":0.0,"damage_taken":0.0},{"damage_healed":0.0,"max_hp_gain":0.0,"max_hp_loss":0.0,"gold_gain":75.0,"event_name":"World of Goop","player_choice":"Gather Gold","floor":14.0,"gold_loss":0.0,"damage_taken":11.0},{"damage_healed":0.0,"max_hp_gain":0.0,"max_hp_loss":0.0,"gold_gain":0.0,"event_name":"Designer","player_choice":"Upgraded Two","floor":19.0,"gold_loss":50.0,"damage_taken":0.0,"cards_upgraded":["Caltrops","Survivor"]},{"damage_healed":0.0,"max_hp_gain":0.0,"max_hp_loss":0.0,"gold_gain":50.0,"event_name":"Nest","player_choice":"Stole From Cult","floor":30.0,"gold_loss":0.0,"damage_taken":0.0},{"damage_healed":0,"gold_gain":0,"player_choice":"Ignored","damage_taken":0,"max_hp_gain":0,"max_hp_loss":0,"event_name":"Tomb of Lord Red Mask","floor":36,"gold_loss":0},{"damage_healed":0,"gold_gain":0,"player_choice":"Fight","damage_taken":0,"max_hp_gain":0,"max_hp_loss":0,"event_name":"MindBloom","floor":38,"gold_loss":0},{"damage_healed":0,"gold_gain":0,"player_choice":"Memory 1","damage_taken":0,"max_hp_gain":0,"max_hp_loss":0,"event_name":"SensoryStone","floor":41,"gold_loss":0}],"is_beta":false,"boss_relics":[{"not_picked":["Cursed Key","Runic Pyramid"],"picked":"Pandora\u0027s Box"},{"not_picked":["Velvet Choker","Runic Dome"],"picked":"Sozu"}],"items_purged_floors":[],"is_endless":false,"potions_floor_spawned":[1,4,10,16,18,28,29,33,37,40,44,48],"ascension_level":15}}