{"host":"ydg0vn0pu4pubmdt","time":1614408509,"event":{"mods":["AchievementEnabler","BaseMod","Colored Map","Minty Spire (QoL Compilation)","Quick Restart","SuperFastMode"],"gold_per_floor":[119,44,57,132,57,57,85,85,85,102,102,130,130,164,164,241,241,252,272,290,303,203,203,203],"floor_reached":23,"language":"KOR","playtime":417,"items_purged":["Strike_B","Strike_B"],"score":568,"play_id":"2d05509b-807a-40de-ab85-760e607e87b7","local_time":"20210227154829","is_ascension_mode":true,"campfire_choices":[{"data":"Dualcast","floor":6,"key":"SMITH"},{"data":"Zap","floor":11,"key":"SMITH"},{"floor":13,"key":"REST"},{"floor":15,"key":"REST"}],"circlet_count":0,"master_deck":["AscendersBane","Strike_B","Defend_B","Defend_B","Defend_B","Defend_B+1","Zap+1","Dualcast+1","Ball Lightning","White Noise+1","Sweeping Beam","FTL","All For One","Consume","Conserve Battery+1"],"relics":["Cracked Core","NeowsBlessing","Lantern","Symbiotic Virus","White Beast Statue","Cables","SlaversCollar"],"acts_visited":["Exordium","TheCity"],"potions_floor_usage":[12,16,19,20,21],"damage_taken":[{"damage":0,"enemies":"Small Slimes","floor":1,"turns":1},{"damage":0,"enemies":"Jaw Worm","floor":3,"turns":1},{"damage":0,"enemies":"3 Sentries","floor":7,"turns":1},{"damage":0,"enemies":"2 Louse","floor":10,"turns":2},{"damage":17,"enemies":"Gremlin Nob","floor":12,"turns":3},{"damage":22,"enemies":"Lagavulin","floor":14,"turns":6},{"damage":0,"enemies":"Slime Boss","floor":16,"turns":3},{"damage":0,"enemies":"Chosen","floor":18,"turns":3},{"damage":16,"enemies":"Shell Parasite","floor":19,"turns":3},{"damage":0,"enemies":"Cultist and Chosen","floor":20,"turns":3},{"damage":30,"enemies":"Shelled Parasite and Fungi","floor":21,"turns":4},{"damage":0,"enemies":"Gremlin Leader","floor":23,"turns":1}],"seed_played":"2421126569141726103","potions_obtained":[{"floor":3,"key":"FocusPotion"},{"floor":12,"key":"Ancient Potion"},{"floor":14,"key":"ColorlessPotion"},{"floor":16,"key":"DistilledChaos"},{"floor":19,"key":"DistilledChaos"},{"floor":20,"key":"LiquidBronze"},{"floor":21,"key":"LiquidBronze"}],"is_trial":false,"path_per_floor":["M","$","M","?","?","R","E","?","T","M","R","E","R","E","R","B",null,"M","M","M","M","$","E"],"character_chosen":"DEFECT","items_purchased":[],"campfire_rested":2,"item_purchase_floors":[],"current_hp_per_floor":[64,64,64,53,53,53,53,32,32,32,32,15,36,14,35,35,62,62,46,46,16,16,16,16],"gold":203,"neow_bonus":"THREE_ENEMY_KILL","is_daily":false,"chose_seed":false,"campfire_upgraded":2,"win_rate":0.0,"timestamp":1614408509,"path_taken":["M","$","M","?","?","R","E","?","T","M","R","E","R","E","R","BOSS","M","M","M","M","$","E"],"items_purchased_type":[],"build_version":"2020-12-22","purchased_purges":2,"victory":false,"max_hp_per_floor":[71,71,71,71,71,71,71,71,71,71,71,71,71,71,71,71,71,71,71,71,71,71,71,71],"card_choices":[{"not_picked":["Leap","Hologram"],"picked":"Ball Lightning","floor":1},{"not_picked":["Reprogram","Redo","Rebound"],"picked":"SKIP","floor":3},{"not_picked":["Leap","Steam"],"picked":"White Noise","floor":7},{"not_picked":["Leap","Beam Cell"],"picked":"Sweeping Beam","floor":10},{"not_picked":["Beam Cell","Redo","White Noise"],"picked":"SKIP","floor":12},{"not_picked":["Force Field","Turbo"],"picked":"FTL","floor":14},{"not_picked":["Buffer","Creative AI"],"picked":"All For One","floor":16},{"not_picked":["Barrage","Redo"],"picked":"Consume","floor":18},{"not_picked":["Chaos","Stack","Force Field"],"picked":"SKIP","floor":19},{"not_picked":["Steam Power","Blizzard","Tempest"],"picked":"SKIP","floor":20},{"not_picked":["Steam Power","Blizzard","Tempest"],"picked":"SKIP","floor":20},{"not_picked":["Compile Driver","Sweeping Beam"],"picked":"Conserve Battery+1","floor":21}],"player_experience":634576,"relics_obtained":[{"floor":7,"key":"Lantern"},{"floor":9,"key":"Symbiotic Virus"},{"floor":12,"key":"White Beast Statue"},{"floor":14,"key":"Cables"}],"event_choices":[{"damage_healed":0,"gold_gain":75,"player_choice":"Gather Gold","damage_taken":11,"max_hp_gain":0,"max_hp_loss":0,"event_name":"World of Goop","floor":4,"gold_loss":0},{"cards_removed":["Strike_B"],"damage_healed":0,"gold_gain":0,"player_choice":"Card Removal","damage_taken":0,"max_hp_gain":0,"max_hp_loss":0,"event_name":"The Cleric","floor":5,"gold_loss":75},{"damage_healed":0,"gold_gain":0,"player_choice":"Entered Light","damage_taken":21,"max_hp_gain":0,"max_hp_loss":0,"event_name":"Shining Light","floor":8,"gold_loss":0,"cards_upgraded":["White Noise","Defend_B"]}],"is_beta":false,"boss_relics":[{"not_picked":["Cursed Key","Snecko Eye"],"picked":"SlaversCollar"}],"items_purged_floors":[2,22],"is_endless":false,"potions_floor_spawned":[3,12,14,16,18,19,20,21],"killed_by":"Gremlin Leader","ascension_level":20}}