{"host":"ix2a18c4ohfsrslv","time":1614398215,"event":{"mods":["Act Like it!","BaseMod","Downfall","Hubris","Minty Spire (QoL Compilation)","Relic Stats","Reliquary","Robot Space Explorer","Ruina","StSLib"],"gold_per_floor":[114,289,289,300,20,47,47,63,137,157,232,232,74,89,89,189,189,199,213,290,302,9,9,121,121,121,136,146,180,180,260,260,360,360,373,91,91,104,117,117,148,148,203,123,123,0,20,120,120,120],"floor_reached":51,"language":"ENG","playtime":2947,"items_purged":["RobotSpaceExplorer:Strike","RobotSpaceExplorer:Defend"],"score":618,"play_id":"c42396d9-2512-41e7-9199-259f4acdba05","local_time":"20210226195655","is_ascension_mode":false,"campfire_choices":[{"data":"RobotSpaceExplorer:MiniDrones","floor":7,"key":"SMITH"},{"data":"RobotSpaceExplorer:SlimeMissile","floor":15,"key":"SMITH"},{"data":"RobotSpaceExplorer:ChargingLaser","floor":23,"key":"SMITH"},{"data":"RobotSpaceExplorer:FrostMissile","floor":32,"key":"SMITH"},{"data":"RobotSpaceExplorer:Scanner","floor":40,"key":"SMITH"},{"data":"RobotSpaceExplorer:MiniLasers","floor":42,"key":"SMITH"},{"data":"RobotSpaceExplorer:PowerGlove","floor":49,"key":"SMITH"}],"circlet_count":0,"master_deck":["RobotSpaceExplorer:Defend+1","RobotSpaceExplorer:Defend+1","RobotSpaceExplorer:Defend+1","RobotSpaceExplorer:Scan+1","RobotSpaceExplorer:MiniLasers+1","RobotSpaceExplorer:Probe+1","RobotSpaceExplorer:FrostMissile+1","RobotSpaceExplorer:MiniDrones+1","RobotSpaceExplorer:ScrapToss+1","RobotSpaceExplorer:SlimeMissile+1","RobotSpaceExplorer:MiniDrones+1","RobotSpaceExplorer:ChargingLaser+1","RobotSpaceExplorer:ScrapToss+1","RobotSpaceExplorer:Jetpack+1","RobotSpaceExplorer:Ammunition+1","RobotSpaceExplorer:ScrapToss+1","RobotSpaceExplorer:Probe+1","RobotSpaceExplorer:Scanner+1","RobotSpaceExplorer:GlueShot+1","RobotSpaceExplorer:ScrapMissile+1","RobotSpaceExplorer:PowerGlove+1"],"relics":["RobotSpaceExplorer:TurboCore","NeowsBlessing","hubris:SphereOfDissonance","Question Card","reliquary:Sod","reliquary:JackalopeAntler","Gremlin Horn","Kunai","hubris:Icosahedron","reliquary:QuartzCube","Potion Belt","hubris:Towel","The Courier","Philosopher\u0027s Stone","Centennial Puzzle","Toxic Egg 2","Juzu Bracelet","Mark of the Bloom","Red Mask","hubris:CrystalStatue"],"acts_visited":["Exordium","Exordium","TheBeyond"],"potions_floor_usage":[16,29,33,41,41,41,50,50,50,50,50],"damage_taken":[{"damage":0,"enemies":"Jaw Worm","floor":1,"turns":1},{"damage":0,"enemies":"Small Slimes","floor":4,"turns":1},{"damage":0,"enemies":"Lagavulin","floor":6,"turns":1},{"damage":0,"enemies":"Cultist","floor":8,"turns":3},{"damage":0,"enemies":"Looter","floor":10,"turns":2},{"damage":0,"enemies":"Blue Slaver","floor":14,"turns":3},{"damage":40,"enemies":"The Guardian","floor":16,"turns":12},{"damage":0,"enemies":"ruina:2_Scarecrows","floor":18,"turns":2},{"damage":16,"enemies":"ruina:BadWolf","floor":19,"turns":4},{"damage":0,"enemies":"ruina:KnightOfDespair","floor":21,"turns":2},{"damage":0,"enemies":"ruina:3_Scarecrows","floor":27,"turns":6},{"damage":4,"enemies":"ruina:Nos_and_Bat","floor":28,"turns":3},{"damage":2,"enemies":"ruina:Mountain","floor":29,"turns":7},{"damage":7,"enemies":"ruina:JesterOfNihil","floor":33,"turns":10},{"damage":0,"enemies":"Orb Walker","floor":35,"turns":2},{"damage":0,"enemies":"3 Shapes","floor":38,"turns":3},{"damage":0,"enemies":"Transient","floor":39,"turns":5},{"damage":0,"enemies":"Giant Head","floor":41,"turns":4},{"damage":0,"enemies":"Maw","floor":47,"turns":4},{"damage":67,"enemies":"Time Eater","floor":50,"turns":8}],"seed_played":"1486227444001531128","potions_obtained":[{"floor":6,"key":"DuplicationPotion"},{"floor":14,"key":"bronze:BurnAndBuffPotion"},{"floor":19,"key":"DistilledChaos"},{"floor":21,"key":"Ancient Potion"},{"floor":39,"key":"SteroidPotion"}],"is_trial":false,"path_per_floor":["M","?","?","M","$","E","R","M","T","M","?","T","$","M","R","B",null,"M","M","T","M","$","R","?","?","T","M","M","E","?","T","R","B",null,"M","$","?","M","M","R","E","R","T","$","?","?","M","?","R","B",null],"character_chosen":"RobotSpaceExplorer","items_purchased":["hubris:SphereOfDissonance","RobotSpaceExplorer:FrostMissile","RobotSpaceExplorer:Wormhole","Kunai","Fire Potion","RobotSpaceExplorer:Probe","EntropicBrew","Centennial Puzzle"],"campfire_rested":0,"item_purchase_floors":[5,5,13,22,22,36,36,36],"current_hp_per_floor":[75,75,75,75,75,75,75,75,75,75,64,64,64,64,64,24,75,75,59,59,59,59,59,59,59,59,59,55,53,53,53,53,46,75,75,75,75,75,75,75,75,75,75,75,75,75,75,75,75,8],"gold":120,"neow_bonus":"THREE_ENEMY_KILL","is_daily":false,"chose_seed":false,"campfire_upgraded":7,"win_rate":0.0,"timestamp":1614398215,"path_taken":["M","?","?","M","$","E","R","M","T","?","?","?","$","M","R","BOSS","M","M","?","M","$","R","?","?","T","M","M","E","?","?","R","BOSS","M","$","?","M","M","R","E","R","T","?","?","?","M","?","R","BOSS"],"items_purchased_type":["Relic","Card","Card","Relic","Potion","Card","Potion","Relic"],"build_version":"2020-12-22","purchased_purges":2,"victory":true,"max_hp_per_floor":[75,75,75,75,75,75,75,75,75,75,75,75,75,75,75,75,75,75,75,75,75,75,75,75,75,75,75,75,75,75,75,75,75,75,75,75,75,75,75,75,75,75,75,75,75,75,75,75,75,75],"relic_stats":{"Centennial Puzzle":[3],"Mark of the Bloom":46,"Gremlin Horn":[16,16],"counters":[20,83],"Juzu Bracelet":1,"Kunai":[81],"Question Card":28,"obtain_stats":[{"Potion Belt":29,"Mark of the Bloom":45,"hubris:CrystalStatue":47,"NeowsBlessing":0,"Gremlin Horn":20,"hubris:SphereOfDissonance":5,"RobotSpaceExplorer:RoboCore":0,"The Courier":31,"Juzu Bracelet":43,"hubris:Towel":30,"Question Card":6,"reliquary:QuartzCube":26,"RobotSpaceExplorer:TurboCore":17,"reliquary:Sod":9,"reliquary:JackalopeAntler":12,"Frozen Eye":18,"Centennial Puzzle":36,"hubris:Icosahedron":25,"Philosopher\u0027s Stone":34,"Red Mask":46,"Kunai":22,"Toxic Egg 2":41},{"Potion Belt":13,"Mark of the Bloom":18,"hubris:CrystalStatue":19,"NeowsBlessing":0,"Gremlin Horn":9,"hubris:SphereOfDissonance":2,"RobotSpaceExplorer:RoboCore":0,"The Courier":13,"Juzu Bracelet":18,"hubris:Towel":13,"Question Card":3,"reliquary:QuartzCube":10,"RobotSpaceExplorer:TurboCore":7,"reliquary:Sod":4,"reliquary:JackalopeAntler":5,"Frozen Eye":7,"Centennial Puzzle":15,"hubris:Icosahedron":10,"Philosopher\u0027s Stone":14,"Red Mask":18,"Kunai":10,"Toxic Egg 2":18},{"Potion Belt":47,"Mark of the Bloom":71,"hubris:CrystalStatue":75,"NeowsBlessing":0,"Gremlin Horn":29,"hubris:SphereOfDissonance":2,"RobotSpaceExplorer:RoboCore":0,"The Courier":47,"Juzu Bracelet":71,"hubris:Towel":47,"Question Card":3,"reliquary:QuartzCube":31,"RobotSpaceExplorer:TurboCore":23,"reliquary:Sod":6,"reliquary:JackalopeAntler":8,"Frozen Eye":23,"Centennial Puzzle":59,"hubris:Icosahedron":31,"Philosopher\u0027s Stone":57,"Red Mask":71,"Kunai":31,"Toxic Egg 2":71}]},"card_choices":[{"not_picked":["RobotSpaceExplorer:GlueShot","RobotSpaceExplorer:Electroshield"],"picked":"RobotSpaceExplorer:Probe","floor":1},{"not_picked":["RobotSpaceExplorer:FranticSearch","RobotSpaceExplorer:Pulsar","RobotSpaceExplorer:SurgingShield"],"picked":"SKIP","floor":4},{"not_picked":["RobotSpaceExplorer:StunGrenade","RobotSpaceExplorer:DualCore"],"picked":"RobotSpaceExplorer:MiniDrones","floor":6},{"not_picked":["RobotSpaceExplorer:JunkDive","RobotSpaceExplorer:Jetpack","RobotSpaceExplorer:ShovelStrike"],"picked":"RobotSpaceExplorer:ScrapToss","floor":8},{"not_picked":["RobotSpaceExplorer:HighVoltage","RobotSpaceExplorer:StunGrenade","RobotSpaceExplorer:ShovelStrike"],"picked":"RobotSpaceExplorer:SlimeMissile","floor":10},{"not_picked":["RobotSpaceExplorer:PowerCollector","RobotSpaceExplorer:SurgingStrike","RobotSpaceExplorer:MetalStrike"],"picked":"RobotSpaceExplorer:MiniDrones","floor":14},{"not_picked":["RobotSpaceExplorer:Wormhole","RobotSpaceExplorer:Exploration","RobotSpaceExplorer:Asteroid"],"picked":"RobotSpaceExplorer:ChargingLaser","floor":16},{"not_picked":["RobotSpaceExplorer:BigMissile","RobotSpaceExplorer:MetalStrike","RobotSpaceExplorer:Pulsar","RobotSpaceExplorer:ShovelStrike"],"picked":"SKIP","floor":18},{"not_picked":["RobotSpaceExplorer:Fix+1","RobotSpaceExplorer:Probe","RobotSpaceExplorer:MetalStrike"],"picked":"RobotSpaceExplorer:ScrapToss","floor":19},{"not_picked":["RobotSpaceExplorer:SurgingShield+1","RobotSpaceExplorer:MetalStrike","RobotSpaceExplorer:SlimeMissile"],"picked":"RobotSpaceExplorer:Jetpack","floor":21},{"not_picked":["RobotSpaceExplorer:SurgingShield","RobotSpaceExplorer:Probe","RobotSpaceExplorer:Autoloader","RobotSpaceExplorer:SurgingStrike"],"picked":"SKIP","floor":27},{"not_picked":["RobotSpaceExplorer:Pulsar","RobotSpaceExplorer:ShovelStrike","RobotSpaceExplorer:MiniDrones","RobotSpaceExplorer:ShockKick"],"picked":"SKIP","floor":28},{"not_picked":["RobotSpaceExplorer:JunkDive","RobotSpaceExplorer:MiniDrones+1","RobotSpaceExplorer:ToxicBomb"],"picked":"RobotSpaceExplorer:Ammunition+1","floor":29},{"not_picked":["RobotSpaceExplorer:GlueSpray","RobotSpaceExplorer:SurgingStrike+1","RobotSpaceExplorer:RigExplosive+1"],"picked":"RobotSpaceExplorer:ScrapToss","floor":35},{"not_picked":["RobotSpaceExplorer:Electroshield","RobotSpaceExplorer:MetalStrike","RobotSpaceExplorer:ChargingLaser"],"picked":"RobotSpaceExplorer:GlueShot","floor":38},{"not_picked":["RobotSpaceExplorer:SurgingStrike+1","RobotSpaceExplorer:IronShell+1","RobotSpaceExplorer:FrostMissile"],"picked":"RobotSpaceExplorer:ScrapMissile","floor":39},{"not_picked":["RobotSpaceExplorer:ImprovisedAttack+1","RobotSpaceExplorer:Smokescreen+1","RobotSpaceExplorer:Probe+1"],"picked":"RobotSpaceExplorer:Exploration+1","floor":41},{"not_picked":["RobotSpaceExplorer:IronShell+1","RobotSpaceExplorer:LaserBurst","RobotSpaceExplorer:SelfCleaning+1"],"picked":"RobotSpaceExplorer:PowerGlove","floor":47}],"player_experience":191815,"relics_obtained":[{"floor":6,"key":"Question Card"},{"floor":9,"key":"reliquary:Sod"},{"floor":12,"key":"reliquary:JackalopeAntler"},{"floor":20,"key":"Gremlin Horn"},{"floor":26,"key":"reliquary:QuartzCube"},{"floor":29,"key":"Potion Belt"},{"floor":31,"key":"The Courier"},{"floor":41,"key":"Toxic Egg 2"},{"floor":43,"key":"Juzu Bracelet"},{"floor":47,"key":"hubris:CrystalStatue"}],"event_choices":[{"damage_healed":0,"gold_gain":175,"player_choice":"AGREE","damage_taken":0,"max_hp_gain":0,"max_hp_loss":0,"event_name":"Liars Game","floor":2,"gold_loss":0,"cards_obtained":["Doubt"]},{"cards_removed":["Doubt"],"damage_healed":0,"gold_gain":0,"player_choice":"Removed Curses","damage_taken":0,"max_hp_gain":0,"max_hp_loss":0,"event_name":"Fountain of Cleansing","floor":3,"gold_loss":0},{"damage_healed":0,"gold_gain":75,"player_choice":"Gather Gold","damage_taken":11,"max_hp_gain":0,"max_hp_loss":0,"event_name":"World of Goop","floor":11,"gold_loss":0},{"damage_healed":0,"gold_gain":0,"cards_transformed":["RobotSpaceExplorer:Strike"],"player_choice":"Transformed","damage_taken":0,"max_hp_gain":0,"max_hp_loss":0,"event_name":"Transmorgrifier","floor":37,"gold_loss":0,"cards_obtained":["RobotSpaceExplorer:Scanner"]},{"damage_healed":0,"gold_gain":0,"player_choice":"Upgrade","damage_taken":0,"relics_obtained":["Mark of the Bloom"],"max_hp_gain":0,"max_hp_loss":0,"event_name":"MindBloom","floor":45,"gold_loss":0,"cards_upgraded":["RobotSpaceExplorer:Defend","RobotSpaceExplorer:Defend","RobotSpaceExplorer:Defend","RobotSpaceExplorer:Scan","RobotSpaceExplorer:Probe","RobotSpaceExplorer:ScrapToss","RobotSpaceExplorer:MiniDrones","RobotSpaceExplorer:ScrapToss","RobotSpaceExplorer:Jetpack","RobotSpaceExplorer:ScrapToss","RobotSpaceExplorer:Probe","RobotSpaceExplorer:GlueShot","RobotSpaceExplorer:ScrapMissile"]},{"damage_healed":0,"gold_gain":0,"player_choice":"Paid","damage_taken":0,"relics_obtained":["Red Mask"],"max_hp_gain":0,"max_hp_loss":0,"event_name":"Tomb of Lord Red Mask","floor":46,"gold_loss":123},{"damage_healed":0,"gold_gain":100,"player_choice":"Pray","damage_taken":0,"max_hp_gain":0,"max_hp_loss":0,"event_name":"Golden Shrine","floor":48,"gold_loss":0}],"is_beta":false,"boss_relics":[{"not_picked":["Velvet Choker","Snecko Eye"],"picked":"RobotSpaceExplorer:TurboCore"},{"not_picked":["reliquary:Ember","hubris:RunicObelisk"],"picked":"Philosopher\u0027s Stone"}],"items_purged_floors":[36,44],"is_endless":false,"potions_floor_spawned":[6,14,19,21,27,28,39,47],"ascension_level":0}}