{"host":"kb9l1ksyx93mguvp","time":1614443412,"event":{"mods":["BaseMod","Colored Map","Colored Powertips","KinomotoSakuraMod(ƒæ÷Æ±æ”£)","Marisa£®ÏF”Í°°ƒß¿Ì…≥£©","Minty Spire (QoL Compilation)","Quick Restart","Reimu£®≤©¿ˆ¡È√Œ£©","Remilia£®¿Ÿ√◊¿Ú—«£©","SuperFastMode","The Servant 0.9.4","Youmu£®ªÍ∆«—˝√Œ£©"],"gold_per_floor":[117,292,292,292,310,310,310,322,373,391,105,119,119,137,137,236,286,301,197,232,232,259,259,39,39,64,90,90,100,111,121,121,225,225,238,255,18,68,113,113,128,128,151,151,4,4,24,43,43,143,143,143],"floor_reached":51,"language":"ZHS","playtime":6354,"items_purged":["Pain"],"score":780,"play_id":"2dc605d2-0327-4295-b987-3d6d19092030","local_time":"20210228003012","daily_mods":["Draft","Vintage","Heirloom","Time Dilation","Flight"],"is_ascension_mode":false,"campfire_choices":[{"data":"HumanKnowledgeSword","floor":6,"key":"SMITH"},{"floor":15,"key":"REST"},{"floor":23,"key":"REST"},{"floor":28,"key":"REST"},{"floor":32,"key":"REST"},{"floor":40,"key":"REST"},{"data":"SlashOfTheEternalFuture","floor":49,"key":"SMITH"}],"circlet_count":0,"master_deck":["SanzenSekai+1","RapidSlash","HiganSword","SlashOfAscensionToBuddhahood","CrescentMoonSlash","TwoHundredYojanaInOneSlash","FlashingScatteredFlowers+1","FlashingScatteredFlowers","FlashingScatteredFlowers+1","SpiritCuttingSword","FlashingScatteredFlowers","HumanKnowledgeSword+1","PhosphoricSlash","HumanGodSword","CherryBlossomFlashing","SanzenSekai","DeadlyForm","CherryBlossomFlashing","SwordExtraction","CherryBlossomFlashing","TwoHundredYojanaInOneSlash+1","Necronomicurse","HumanGodSword","SwordOfBindingDesires","SpiritCuttingSword","RapidSlash","Regret","SuddenPhantomFormationSlashOfKarmicWind+1","SlashOfTheEternalFuture+1","SpiritMediumsBind+1","SwordExtraction+1","CherryBlossomFlashing","LightFlashOfTheNetherworld","ObsessionSword+1","GreatEnlightenmentAppearingAndDisappearing+1"],"relics":["MiniYoumu","Prayer Wheel","Juzu Bracelet","Sundial","WarpedTongs","Anchor","Tiny Chest","Meat on the Bone","Shuriken","Art of War","Akabeko","PreservedInsect","Tiny House","Gambling Chip","Red Mask","Necronomicon","ScarletDevilRocket","Potion Belt","Centennial Puzzle","Bag of Marbles","Kunai","Toxic Egg 2","FossilizedHelix","Letter Opener","Mango","Incense Burner","Singing Bowl","HornCleat","RuthlessExorcism:ReiMu","Bag of Preparation","Bottled Flame","Vajra","Philosopher\u0027s Stone"],"acts_visited":["Exordium","TheCity","TheBeyond","Exordium"],"potions_floor_usage":[33,33,33,33,38],"damage_taken":[{"damage":0,"enemies":"Cultist","floor":1,"turns":2},{"damage":0,"enemies":"2 Louse","floor":5,"turns":1},{"damage":10,"enemies":"Small Slimes","floor":8,"turns":2},{"damage":0,"enemies":"Gremlin Gang","floor":10,"turns":1},{"damage":0,"enemies":"Looter","floor":12,"turns":2},{"damage":4,"enemies":"Large Slime","floor":14,"turns":2},{"damage":57,"enemies":"The Guardian","floor":16,"turns":5},{"damage":15,"enemies":"Shell Parasite","floor":18,"turns":3},{"damage":3,"enemies":"Masked Bandits","floor":20,"turns":2},{"damage":13,"enemies":"Book of Stabbing","floor":27,"turns":3},{"damage":5,"enemies":"3 Byrds","floor":29,"turns":2},{"damage":13,"enemies":"Snecko","floor":30,"turns":3},{"damage":8,"enemies":"Chosen and Byrds","floor":31,"turns":2},{"damage":25,"enemies":"Automaton","floor":33,"turns":6},{"damage":29,"enemies":"3 Darklings","floor":35,"turns":3},{"damage":7,"enemies":"3 Shapes","floor":36,"turns":2},{"damage":0,"enemies":"Mind Bloom Boss Battle","floor":38,"turns":2},{"damage":0,"enemies":"2 Orb Walkers","floor":39,"turns":3},{"damage":2,"enemies":"Spire Growth","floor":41,"turns":4},{"damage":0,"enemies":"Sphere and 2 Shapes","floor":47,"turns":2},{"damage":0,"enemies":"4 Shapes","floor":48,"turns":2},{"damage":40,"enemies":"Time Eater","floor":50,"turns":9}],"seed_played":"-1374882992599970335","potions_obtained":[{"floor":1,"key":"SkillPotion"},{"floor":10,"key":"SteroidPotion"},{"floor":14,"key":"Swift Potion"},{"floor":16,"key":"PhantomPosion"},{"floor":17,"key":"FairyPotion"},{"floor":30,"key":"Strength Potion"},{"floor":31,"key":"Swift Potion"},{"floor":33,"key":"ZuzhouPotion:ReiMu"},{"floor":38,"key":"Energy Potion"},{"floor":39,"key":"EssenceOfSteel"},{"floor":47,"key":"Swift Potion"},{"floor":48,"key":"PhantomPosion"}],"is_trial":true,"path_per_floor":["M","?","?","?","M","R","?","M","T","M","$","M","?","M","R","B",null,"M","$","?","?","T","R","$","?","T","E","R","M","M","M","R","B",null,"M","M","$","?","?","R","M","T","T","?","$","?","M","M","R","B",null],"character_chosen":"YOUMU","items_purchased":["SanzenSekai","Shuriken","SwordExtraction","CherryBlossomFlashing","HumanGodSword","SwordOfBindingDesires","SpiritCuttingSword","RapidSlash","SpiritMediumsBind+1","SwordExtraction+1","CherryBlossomFlashing","Bag of Preparation"],"campfire_rested":5,"item_purchase_floors":[11,11,19,19,24,24,24,24,37,37,37,45],"current_hp_per_floor":[75,75,75,60,60,60,60,50,50,50,50,50,47,43,65,20,80,65,65,62,46,46,70,70,70,70,57,80,75,62,54,78,53,80,51,44,44,58,58,86,84,84,84,84,84,84,84,84,84,56,94,94],"gold":143,"neow_bonus":"","is_daily":false,"chose_seed":false,"campfire_upgraded":2,"win_rate":0.0,"timestamp":1614443412,"path_taken":["M","?","?","?","M","R","?","M","T","M","$","M","?","M","R","BOSS","M","$","?","?","?","R","$","?","T","E","R","M","M","M","R","BOSS","M","M","$","?","?","R","M","?","T","?","$","?","M","M","R","BOSS"],"items_purchased_type":["Card","Relic","Card","Card","Card","Card","Card","Card","Card","Card","Card","Relic"],"build_version":"2020-12-22","purchased_purges":1,"victory":false,"max_hp_per_floor":[75,75,75,75,75,75,75,75,75,75,75,75,75,75,75,75,80,80,80,80,80,80,80,80,80,80,80,80,80,80,80,80,80,80,80,80,80,94,94,94,94,94,94,94,94,94,94,94,94,94,94,94],"card_choices":[{"not_picked":["ObsessionWithThePresentWorld","SlashOfMeditation"],"picked":"SanzenSekai","floor":0},{"not_picked":["LowerRealmReflectionSlash","HesitationCuttingSword"],"picked":"RapidSlash","floor":0},{"not_picked":["ConstancyOfTheConventionalTruth","SpiritCuttingSword"],"picked":"HiganSword","floor":0},{"not_picked":["SpiritCuttingSword","ThreeKonsSevenHakus"],"picked":"SlashOfAscensionToBuddhahood","floor":0},{"not_picked":["SwordOfBindingDesires","ThreeKonsSevenHakus"],"picked":"CrescentMoonSlash","floor":0},{"not_picked":["SwordExtraction","DispleasureOfTheSevenHakus"],"picked":"TwoHundredYojanaInOneSlash","floor":0},{"not_picked":["TwoHundredYojanaInOneSlash","ConstancyOfTheConventionalTruth"],"picked":"FlashingScatteredFlowers","floor":0},{"not_picked":["HumanGodSword","ObsessionSword"],"picked":"FlashingScatteredFlowers","floor":0},{"not_picked":["RapidSlash","CrescentMoonSlash"],"picked":"FlashingScatteredFlowers","floor":0},{"not_picked":["LotusPostureSlash","BloodOfAsura"],"picked":"SpiritCuttingSword","floor":0},{"not_picked":["EchoesOfTheInclemencyOfAllBeings","SlashOfMeditation"],"picked":"FlashingScatteredFlowers","floor":0},{"not_picked":["PreachingAvici","DispleasureOfTheSevenHakus"],"picked":"HumanKnowledgeSword","floor":0},{"not_picked":["AsTheSilentNirvana","LowerRealmReflectionSlash"],"picked":"PhosphoricSlash","floor":0},{"not_picked":["SanzenSekai","ConstancyOfTheConventionalTruth"],"picked":"HumanGodSword","floor":0},{"not_picked":["SpiritCuttingSword","SlashOfMeditation"],"picked":"CherryBlossomFlashing","floor":0},{"not_picked":["FastingOfTheYoungPreta","WickedSoul"],"picked":"DeadlyForm","floor":16},{"not_picked":["HumanKnowledgeSword","LifeCuttingSword"],"picked":"CherryBlossomFlashing","floor":17},{"not_picked":["SpiderLilyBurial","AsTheSilentNirvana"],"picked":"TwoHundredYojanaInOneSlash+1","floor":20},{"not_picked":["FourBirthsSword","SwordOfBindingDesires+1"],"picked":"SuddenPhantomFormationSlashOfKarmicWind+1","floor":27},{"not_picked":["ReincarnationSword+1","SuddenDivineSeveringOfKarmicWind"],"picked":"SlashOfTheEternalFuture","floor":33},{"not_picked":["PhosphoricSlash+1","ObsessionSword+1"],"picked":"LightFlashOfTheNetherworld","floor":38},{"not_picked":["EchoesOfTheInclemencyOfAllBeings+1","HiganSword"],"picked":"ObsessionSword+1","floor":39},{"not_picked":["AsuraSword","HellRealmSword"],"picked":"GreatEnlightenmentAppearingAndDisappearing+1","floor":50}],"player_experience":38560,"relics_obtained":[{"floor":1,"key":"Juzu Bracelet"},{"floor":5,"key":"Sundial"},{"floor":8,"key":"Anchor"},{"floor":9,"key":"Tiny Chest"},{"floor":10,"key":"Meat on the Bone"},{"floor":12,"key":"Art of War"},{"floor":14,"key":"PreservedInsect"},{"floor":18,"key":"Gambling Chip"},{"floor":20,"key":"Red Mask"},{"floor":21,"key":"Necronomicon"},{"floor":22,"key":"ScarletDevilRocket"},{"floor":26,"key":"Potion Belt"},{"floor":27,"key":"Centennial Puzzle"},{"floor":29,"key":"Bag of Marbles"},{"floor":30,"key":"Kunai"},{"floor":31,"key":"Toxic Egg 2"},{"floor":35,"key":"FossilizedHelix"},{"floor":36,"key":"Letter Opener"},{"floor":38,"key":"Mango"},{"floor":39,"key":"Incense Burner"},{"floor":41,"key":"Singing Bowl"},{"floor":42,"key":"HornCleat"},{"floor":43,"key":"RuthlessExorcism:ReiMu"},{"floor":47,"key":"Bottled Flame"},{"floor":48,"key":"Vajra"}],"event_choices":[{"damage_healed":0,"gold_gain":175,"player_choice":"AGREE","damage_taken":0,"max_hp_gain":0,"max_hp_loss":0,"event_name":"Liars Game","floor":2,"gold_loss":0,"cards_obtained":["Doubt"]},{"cards_removed":["Doubt"],"damage_healed":0,"gold_gain":0,"player_choice":"Removed Curses","damage_taken":0,"max_hp_gain":0,"max_hp_loss":0,"event_name":"Fountain of Cleansing","floor":3,"gold_loss":0},{"damage_healed":0,"gold_gain":0,"player_choice":"Entered Light","damage_taken":15,"max_hp_gain":0,"max_hp_loss":0,"event_name":"Shining Light","floor":4,"gold_loss":0,"cards_upgraded":["FlashingScatteredFlowers","FlashingScatteredFlowers"]},{"damage_healed":0,"gold_gain":0,"player_choice":"Rummage","damage_taken":0,"relics_obtained":["WarpedTongs"],"max_hp_gain":0,"max_hp_loss":0,"event_name":"Accursed Blacksmith","floor":7,"gold_loss":0,"cards_obtained":["Pain"]},{"damage_healed":0,"gold_gain":0,"player_choice":"Success","damage_taken":3,"relics_obtained":["Akabeko"],"max_hp_gain":0,"max_hp_loss":0,"event_name":"Scrap Ooze","floor":13,"gold_loss":0},{"damage_healed":0,"gold_gain":0,"player_choice":"Fought Bandits","damage_taken":0,"max_hp_gain":0,"max_hp_loss":0,"event_name":"Masked Bandits","floor":20,"gold_loss":0},{"damage_healed":0,"gold_gain":0,"player_choice":"Obtained Book","damage_taken":16,"max_hp_gain":0,"max_hp_loss":0,"event_name":"Cursed Tome","floor":21,"gold_loss":0},{"damage_healed":0,"gold_gain":0,"player_choice":"1 cards matched","damage_taken":0,"max_hp_gain":0,"max_hp_loss":0,"event_name":"Match and Keep!","floor":25,"gold_loss":0,"cards_obtained":["Regret"]},{"damage_healed":0,"gold_gain":0,"player_choice":"Fight","damage_taken":0,"max_hp_gain":0,"max_hp_loss":0,"event_name":"MindBloom","floor":38,"gold_loss":0},{"damage_healed":0,"gold_gain":0,"player_choice":"Fight","damage_taken":0,"max_hp_gain":0,"max_hp_loss":0,"event_name":"Mysterious Sphere","floor":39,"gold_loss":0},{"damage_healed":0,"gold_gain":0,"player_choice":"Ignored","damage_taken":0,"max_hp_gain":0,"max_hp_loss":0,"event_name":"OrinTheCat","floor":44,"gold_loss":0},{"cards_removed":["Wraith"],"damage_healed":0,"gold_gain":0,"player_choice":"Purged","damage_taken":0,"max_hp_gain":0,"max_hp_loss":0,"event_name":"Purifier","floor":46,"gold_loss":0}],"is_beta":false,"boss_relics":[{"not_picked":["Busted Crown","Sozu"],"picked":"Tiny House"},{"not_picked":["Calling Bell","SlaversCollar"],"picked":"MiniYoumu"},{"not_picked":["Snecko Eye","Fusion Hammer"],"picked":"Philosopher\u0027s Stone"}],"items_purged_floors":[37],"is_endless":true,"potions_floor_spawned":[1,10,14,16,30,31,33,38,39,47,48],"ascension_level":0}}