{"host":"ywif2ugnepgiw45s","time":1614443590,"event":{"mods":["Act Like it!","BaseMod","Better Skull","Bossed Relics","Downfall","GifTheSpireLib","Gremlin Mod","Hermit","Lobotomy","Mimic Mod","Minty Spire (QoL Compilation)","Quick Restart","READ ME - Guardian Mod","Replay The Spire","Shade Mod","Shapeshifter Mod","Shop Mod","StSLib","The Cursed","The Exalted","The Hierophant","The Jungle","The Necromancer","The Servant 0.9.4"],"gold_per_floor":[99,99,99,99,99,199,199,225,240,93,193,219,19,38,57,159,159,159,176,176,187,4,15,54,54,74,24,9,38,38,52,69,170,170,170,187,207,307,527,540,540,440,467,480,493,528,548,548,564,564,564,564,564],"floor_reached":52,"language":"ENG","playtime":2662,"items_purged":["Strike_W","Pride","Defend_W"],"score":925,"play_id":"708ea1cd-c615-419c-b766-0b3ebb35ce84","local_time":"20210227113310","is_ascension_mode":true,"campfire_choices":[{"floor":1,"key":"RECALL"},{"data":"Toxic_Smoke_Screen","floor":13,"key":"SMITH"},{"floor":18,"key":"DIG"},{"data":"Summon_Death_Knight","floor":25,"key":"SMITH"},{"data":"Bone_Armory","floor":30,"key":"SMITH"},{"data":"Plague_Bolt","floor":35,"key":"SMITH"},{"data":"Strike_from_Beyond","floor":42,"key":"SMITH"}],"circlet_count":0,"master_deck":["Defend_W","Defend_W","Defend_W","Negative_Energy_Arrows+1","Bone_Wall","Negative_Energy_Sphere+1","Spectral_Armor+1","Summon_Lich","Plague_Bolt+1","Whirlwind_of_Bones","Bone_Bullets","Stop_Heart+1","Negative_Energy_Javelin","Blood_Is_Power","Toxic_Smoke_Screen+1","Summon_Death_Knight+1","Negative_Energy_Shield+1","Bone_Prison","Bone_Armory+1","Bone_Prison+1","Skeleton_Dragon+1","Strike_from_Beyond+1","Summon_Lich+1","Bone_Prison+1","Grasp_Heart+1","Doubt"],"relics":["Vampire_Amulet","downfall:HeartsMalice","Letter Opener","White Beast Statue","Oddly Smooth Stone","downfall:HeartBlessingRed","downfall:HeartBlessingGreen","Coffee Dripper","Pen Nib","Replay:Accelerometer","Golden Egg","Replay:Wax Seal","Pandora\u0027s Box","Toy Ornithopter","downfall:HeartBlessingBlue","Whetstone","Replay:Ringing Soul","Ring of Peace","Ring of Fangs"],"acts_visited":["Exordium","TheCity","TheBeyond","TheEnding"],"potions_floor_usage":[11,16,22,26,28,39,44],"damage_taken":[{"damage":0,"enemies":"Jaw Worm","floor":2,"turns":1},{"damage":0,"enemies":"downfall:FleeingMerchant","floor":4,"turns":1},{"damage":0,"enemies":"2 Louse","floor":5,"turns":1},{"damage":16,"enemies":"Lagavulin","floor":8,"turns":10},{"damage":0,"enemies":"Cultist","floor":9,"turns":3},{"damage":0,"enemies":"downfall:FleeingMerchant","floor":10,"turns":4},{"damage":19,"enemies":"downfall:Heads","floor":11,"turns":5},{"damage":13,"enemies":"Gremlin Nob","floor":12,"turns":4},{"damage":1,"enemies":"downfall:LooterAlt","floor":14,"turns":4},{"damage":8,"enemies":"Exordium Thugs","floor":15,"turns":3},{"damage":4,"enemies":"SI_SHIV_ARCHETYPE","floor":16,"turns":5},{"damage":0,"enemies":"Chosen","floor":19,"turns":4},{"damage":2,"enemies":"Spheric Guardian","floor":21,"turns":4},{"damage":2,"enemies":"downfall:FleeingMerchant","floor":22,"turns":4},{"damage":3,"enemies":"Snecko","floor":23,"turns":5},{"damage":2,"enemies":"3 Cultists","floor":24,"turns":9},{"damage":16,"enemies":"3 Cultists","floor":26,"turns":5},{"damage":2,"enemies":"downfall:FleeingMerchant","floor":28,"turns":4},{"damage":4,"enemies":"Book of Stabbing","floor":29,"turns":5},{"damage":2,"enemies":"Centurion and Healer","floor":31,"turns":6},{"damage":2,"enemies":"Shelled Parasite and Fungi","floor":32,"turns":5},{"damage":24,"enemies":"IC_MUSHROOM_ARCHETYPE","floor":33,"turns":8},{"damage":0,"enemies":"Orb Walker","floor":36,"turns":3},{"damage":6,"enemies":"3 Shapes","floor":37,"turns":3},{"damage":2,"enemies":"downfall:LadyInBlue","floor":38,"turns":6},{"damage":2,"enemies":"downfall:FleeingMerchant","floor":39,"turns":5},{"damage":7,"enemies":"Spire Growth","floor":40,"turns":5},{"damage":4,"enemies":"Nemesis","floor":43,"turns":7},{"damage":15,"enemies":"3 Darklings","floor":44,"turns":3},{"damage":16,"enemies":"Jaw Worm Horde","floor":45,"turns":4},{"damage":16,"enemies":"Giant Head","floor":46,"turns":8},{"damage":2,"enemies":"Spire Growth","floor":47,"turns":4},{"damage":0,"enemies":"3 Darklings","floor":49,"turns":5},{"damage":26,"enemies":"WA_ARCHETYPE_DIVINITY","floor":50,"turns":11},{"damage":77,"enemies":"downfall:CharBossMerchant","floor":52,"turns":8}],"seed_played":"-9006366725032462088","potions_obtained":[{"floor":8,"key":"GamblersBrew"},{"floor":9,"key":"SkillPotion"},{"floor":10,"key":"PowerPotion"},{"floor":11,"key":"SmokeBomb"},{"floor":14,"key":"Energy Potion"},{"floor":16,"key":"hexamod:SoulburnPotion"},{"floor":22,"key":"Explosive Potion"},{"floor":26,"key":"Cursed Concoction"},{"floor":28,"key":"Dexterity Potion"},{"floor":31,"key":"bronze:BurnAndBuffPotion"},{"floor":36,"key":"LiquidMemories"},{"floor":38,"key":"Adrenaline Potion"},{"floor":39,"key":"Languid Potion"},{"floor":43,"key":"Venom Potion"},{"floor":44,"key":"GamblersBrew"}],"is_trial":false,"path_per_floor":["R","M","?","$","M","?","T","E","M","$","?","E","R","M","M","B",null,"R","M","?","M","$","M","MIM","R","M","?","$","E","R","M","M","B",null,"R","M","M","?","$","M","T","R","E","M","M","E","M","?","M","B",null,"E"],"character_chosen":"NECROMANCER","items_purchased":["Stop_Heart+1","Bone_Prison"],"campfire_rested":0,"item_purchase_floors":[10,22],"current_hp_per_floor":[68,68,68,68,68,68,68,54,56,56,43,32,32,33,29,42,67,67,69,69,69,67,66,66,66,56,75,73,71,71,73,75,61,72,72,74,74,74,75,70,70,80,78,70,60,46,46,49,51,27,73,0,0],"gold":564,"neow_bonus":"THREE_ENEMY_KILL","is_daily":false,"chose_seed":false,"campfire_upgraded":5,"win_rate":0.0,"timestamp":1614443590,"path_taken":["R","M","?","?","?","?","T","E","M","$","?","E","R","M","M","BOSS","R","M","?","M","$","M","MIM","R","?","?","$","E","R","M","M","BOSS","R","M","M","?","$","M","T","R","E","M","?","E","?","?","M","BOSS","E"],"items_purchased_type":["Card","Card"],"build_version":"2020-12-22","purchased_purges":3,"victory":false,"max_hp_per_floor":[75,75,75,75,75,75,75,75,75,75,75,75,75,75,75,75,75,75,75,75,75,75,75,75,75,75,75,75,75,75,75,75,75,75,75,75,75,75,75,75,75,85,85,85,85,85,85,88,88,88,88,88,88],"card_choices":[{"not_picked":["Bone_Bullets","Vampiric_Strike"],"picked":"Negative_Energy_Sphere","floor":2},{"not_picked":["Scare","Toxic_Smoke_Screen"],"picked":"Spectral_Armor","floor":4},{"not_picked":["Shade_Step","Death_Coil"],"picked":"Summon_Lich","floor":5},{"not_picked":["Bone_Armor","Blood_Curse"],"picked":"Plague_Bolt","floor":8},{"not_picked":["Negative_Energy_Shield","Negative_Energy_Sphere"],"picked":"Whirlwind_of_Bones","floor":9},{"not_picked":["Violent_Necrosis","Strike_from_Beyond"],"picked":"Bone_Bullets","floor":10},{"not_picked":["Vampiric_Strike","Bone_Armor"],"picked":"Negative_Energy_Javelin","floor":11},{"not_picked":["Whirlwind_of_Bones","Thousand_Bone_Knives"],"picked":"Toxic_Smoke_Screen","floor":12},{"not_picked":["Epidemic","Negative_Energy_Mist","Bone_Spikes"],"picked":"SKIP","floor":14},{"not_picked":["Toxic_Smoke_Screen","Stop_Heart","Flesh_Made_Foul"],"picked":"SKIP","floor":15},{"not_picked":["Blood_Wake","Requiem"],"picked":"Summon_Death_Knight","floor":16},{"not_picked":["Shackles_Of_Pain","Chill_Blood+1","Vampiric_Strike"],"picked":"SKIP","floor":19},{"not_picked":["Chill_Blood+1","Blood_Whip"],"picked":"Negative_Energy_Shield+1","floor":21},{"not_picked":["Scare","Vampiric_Strike","Summon_Undead_Army"],"picked":"SKIP","floor":22},{"not_picked":["Blood_Shield+1","Negative_Energy_Sphere"],"picked":"Bone_Armory","floor":23},{"not_picked":["Necromantic_Selection","Negative_Energy_Mist+1","Toxic_Smoke_Screen"],"picked":"SKIP","floor":26},{"not_picked":["Chill_Blood","Blood_Is_Power+1"],"picked":"Bone_Prison+1","floor":28},{"not_picked":["Finger_Of_Death+1","Bone_Spikes"],"picked":"Skeleton_Dragon","floor":29},{"not_picked":["Exploit","Consume_Illness","Negative_Energy_Sphere"],"picked":"SKIP","floor":31},{"not_picked":["Bone_Spikes","Bones_to_Steel"],"picked":"Strike_from_Beyond","floor":32},{"not_picked":["Negative_Energy_Sphere+1","Necrotic_Claws"],"picked":"Summon_Lich+1","floor":36},{"not_picked":["Summon_Lich","Strike_from_Beyond+1","Blood_Is_Power"],"picked":"SKIP","floor":37},{"not_picked":["Acid_Javelin","Negative_Energy_Sphere"],"picked":"Bone_Prison+1","floor":38},{"not_picked":["Death_Knell+1","Blood_Is_Power+1","Negative_Energy_Mist"],"picked":"SKIP","floor":39},{"not_picked":["Thousand_Bone_Knives","Negative_Energy_Sphere","Negative_Energy_Mist+1"],"picked":"SKIP","floor":40},{"not_picked":["Shackles_Of_Pain","Acid_Javelin","Bones_to_Steel"],"picked":"SKIP","floor":43},{"not_picked":["Scare","Shackles_Of_Pain"],"picked":"Grasp_Heart","floor":44},{"not_picked":["Blood_Shield+1","Bone_Bullets","Blood_Is_Power+1"],"picked":"SKIP","floor":45},{"not_picked":["Thousand_Bone_Knives+1","Scare","Blood_Shield+1"],"picked":"SKIP","floor":46},{"not_picked":["Shackles_Of_Pain+1","Bone_Shift","Death_March_Dance"],"picked":"SKIP","floor":47},{"not_picked":["Detonate_Bones","Toxic_Smoke_Screen+1","Blood_Curse+1"],"picked":"SKIP","floor":49}],"player_experience":1851714,"relics_obtained":[{"floor":7,"key":"Letter Opener"},{"floor":8,"key":"White Beast Statue"},{"floor":12,"key":"Oddly Smooth Stone"},{"floor":18,"key":"Pen Nib"},{"floor":24,"key":"Golden Egg"},{"floor":29,"key":"Replay:Wax Seal"},{"floor":38,"key":"Toy Ornithopter"},{"floor":43,"key":"Whetstone"},{"floor":46,"key":"Replay:Ringing Soul"},{"floor":48,"key":"Ring of Peace"},{"floor":48,"key":"Ring of Fangs"}],"event_choices":[{"damage_healed":0,"gold_gain":0,"player_choice":"Stole Relic","damage_taken":0,"relics_obtained":["Replay:Accelerometer"],"max_hp_gain":0,"max_hp_loss":0,"event_name":"Addict","floor":20,"gold_loss":0,"cards_obtained":["Pride"]}],"is_beta":false,"boss_relics":[{"not_picked":["Sozu","Painkiller Herb"],"picked":"Coffee Dripper"},{"not_picked":["Velvet Choker","Replay:Wanted Poster"],"picked":"Pandora\u0027s Box"}],"items_purged_floors":[10,22,39],"is_endless":false,"potions_floor_spawned":[8,9,10,11,12,14,15,16,19,21,22,23,24,26,28,29,31,32,33,36,37,38,39,40,43,44,45,46,47,49],"killed_by":"downfall:CharBossMerchant","ascension_level":6}}