{"host":"lktusdb9orijgc6z","time":1614418423,"event":{"mods":["BaseMod","Bestiary","Colored Map","Colored Powertips","Minty Spire (QoL Compilation)","Permanent Neow","Quick Restart","Relic Stats","StSLib","everything is the same but u backflip on backflip","slay the spire mod where everything is the same but ironclad has a cowboy hat"],"gold_per_floor":[210,42,42,52,69,99,120,120,167,5,5,35,52,70,70,70,70],"floor_reached":16,"language":"ENG","playtime":434,"items_purged":[],"score":220,"play_id":"5d493899-29d0-4061-ad1a-c3856d93ad76","local_time":"20210227103343","is_ascension_mode":true,"campfire_choices":[{"data":"Glass Knife","floor":11,"key":"SMITH"},{"data":"Glass Knife","floor":15,"key":"SMITH"}],"circlet_count":0,"master_deck":["AscendersBane","Strike_G","Strike_G","Strike_G","Strike_G","Strike_G","Defend_G","Defend_G","Defend_G","Defend_G","Defend_G","Survivor","Neutralize","Terror","Poisoned Stab","Glass Knife+1","Caltrops","Cloak And Dagger","Glass Knife+1","Dagger Spray","Cloak And Dagger","Predator"],"relics":["Ring of the Snake","Oddly Smooth Stone","Vajra","Odd Mushroom","DollysMirror","MealTicket"],"acts_visited":["Exordium"],"potions_floor_usage":[6,7,13],"damage_taken":[{"damage":0,"enemies":"2 Louse","floor":1,"turns":2},{"damage":2,"enemies":"Small Slimes","floor":4,"turns":6},{"damage":0,"enemies":"Jaw Worm","floor":5,"turns":4},{"damage":27,"enemies":"Lagavulin","floor":6,"turns":6},{"damage":9,"enemies":"The Mushroom Lair","floor":7,"turns":4},{"damage":8,"enemies":"Gremlin Nob","floor":12,"turns":2},{"damage":2,"enemies":"Red Slaver","floor":13,"turns":4},{"damage":0,"enemies":"2 Fungi Beasts","floor":14,"turns":2},{"damage":16,"enemies":"Slime Boss","floor":16,"turns":5}],"seed_played":"-6123494292349813627","potions_obtained":[{"floor":4,"key":"LiquidMemories"},{"floor":6,"key":"LiquidBronze"},{"floor":12,"key":"Ancient Potion"}],"is_trial":false,"path_per_floor":["M","$","?","M","M","E","?","$","T","$","R","E","M","M","R","B"],"character_chosen":"THE_SILENT","items_purchased":["Oddly Smooth Stone","DollysMirror"],"campfire_rested":0,"item_purchase_floors":[2,10],"current_hp_per_floor":[59,59,64,62,62,35,26,26,26,26,26,18,16,16,16,0,0],"gold":70,"neow_bonus":"HUNDRED_GOLD","is_daily":false,"chose_seed":false,"campfire_upgraded":2,"win_rate":0.0,"timestamp":1614418423,"path_taken":["M","$","?","M","M","E","?","?","T","$","R","E","M","M","R","BOSS"],"items_purchased_type":["Relic","Relic"],"build_version":"2020-12-22","purchased_purges":0,"victory":false,"max_hp_per_floor":[66,66,71,71,71,71,71,71,71,71,71,71,71,71,71,71,71],"relic_stats":{"counters":[9,35],"MealTicket":0,"obtain_stats":[{"DollysMirror":10,"Oddly Smooth Stone":2,"Vajra":6,"MealTicket":12,"Odd Mushroom":7,"Ring of the Snake":0},{"DollysMirror":5,"Oddly Smooth Stone":1,"Vajra":4,"MealTicket":6,"Odd Mushroom":5,"Ring of the Snake":0},{"DollysMirror":22,"Oddly Smooth Stone":2,"Vajra":18,"MealTicket":24,"Odd Mushroom":22,"Ring of the Snake":0}],"Ring of the Snake":[18]},"card_choices":[{"not_picked":["Dodge and Roll","Sucker Punch"],"picked":"Terror","floor":1},{"not_picked":["Bane","Dagger Spray"],"picked":"Poisoned Stab","floor":4},{"not_picked":["Flying Knee","Blur"],"picked":"Glass Knife","floor":5},{"not_picked":["Deflect","Backflip"],"picked":"Caltrops","floor":6},{"not_picked":["Flying Knee","Terror"],"picked":"Cloak And Dagger","floor":7},{"not_picked":["Bane","Deadly Poison"],"picked":"Dagger Spray","floor":12},{"not_picked":["Dagger Spray","Tactician"],"picked":"Cloak And Dagger","floor":13},{"not_picked":["Underhanded Strike","Bullet Time"],"picked":"Predator","floor":14}],"player_experience":841125,"relics_obtained":[{"floor":6,"key":"Vajra"},{"floor":7,"key":"Odd Mushroom"},{"floor":12,"key":"MealTicket"}],"event_choices":[{"damage_healed":0,"gold_gain":0,"player_choice":"Donut","damage_taken":0,"max_hp_gain":5,"max_hp_loss":0,"event_name":"Big Fish","floor":3,"gold_loss":0},{"damage_healed":0,"gold_gain":0,"player_choice":"Fought Mushrooms","damage_taken":0,"max_hp_gain":0,"max_hp_loss":0,"event_name":"Mushrooms","floor":7,"gold_loss":0}],"is_beta":false,"boss_relics":[],"items_purged_floors":[],"is_endless":false,"potions_floor_spawned":[4,6,12],"killed_by":"Slime Boss","ascension_level":20}}