{"host":"9gxprskaw0c5jpbt","time":1614387509,"event":{"mods":["AchievementEnabler","BaseMod","Colored Map","Highlight Path","KOR Keyword Fix","Minty Spire (QoL Compilation)","Rare Cards Sparkle","StSLib","SuperFastMode","everything is the same but u backflip on backflip"],"gold_per_floor":[111,9,29,45,62,62,113,113,113,188,202,202,202,222,222,222,222],"floor_reached":16,"language":"KOR","playtime":349,"items_purged":[],"score":184,"play_id":"4a2d09e2-9626-4499-8e49-f3931c109539","local_time":"20210227095829","is_ascension_mode":true,"campfire_choices":[{"data":"Madness","floor":6,"key":"SMITH"},{"data":"Flex","floor":8,"key":"SMITH"},{"floor":13,"key":"REST"},{"floor":15,"key":"REST"}],"circlet_count":0,"master_deck":["AscendersBane","Strike_R","Strike_R","Strike_R","Strike_R","Defend_R","Defend_R","Defend_R","Defend_R","Bash","Power Through","Madness+1","Sword Boomerang","Flex+1","Ghostly Armor","Reckless Charge","Juggernaut"],"relics":["Burning Blood","Du-Vu Doll","Boot","Nunchaku"],"acts_visited":["Exordium"],"potions_floor_usage":[11,16,16],"damage_taken":[{"damage":1,"enemies":"Cultist","floor":1,"turns":3},{"damage":1,"enemies":"2 Louse","floor":3,"turns":2},{"damage":7,"enemies":"Small Slimes","floor":4,"turns":3},{"damage":15,"enemies":"Looter","floor":5,"turns":4},{"damage":12,"enemies":"2 Fungi Beasts","floor":11,"turns":3},{"damage":20,"enemies":"Red Slaver","floor":14,"turns":4},{"damage":61,"enemies":"Hexaghost","floor":16,"turns":12}],"seed_played":"3417308984547205665","potions_obtained":[{"floor":1,"key":"ElixirPotion"},{"floor":5,"key":"FearPotion"},{"floor":11,"key":"Weak Potion"}],"is_trial":false,"path_per_floor":["M","$","M","M","M","R","T","R","T","?","M","?","R","M","R","B"],"character_chosen":"IRONCLAD","items_purchased":["Madness"],"campfire_rested":2,"item_purchase_floors":[2],"current_hp_per_floor":[68,68,68,67,58,58,58,58,58,47,41,34,54,40,60,0,0],"gold":222,"neow_bonus":"ONE_RARE_RELIC","is_daily":false,"chose_seed":false,"campfire_upgraded":2,"win_rate":0.0,"timestamp":1614387509,"path_taken":["M","?","M","?","M","R","?","R","T","?","M","?","R","M","R","BOSS"],"items_purchased_type":["Card"],"build_version":"2020-12-22","purchased_purges":0,"victory":false,"max_hp_per_floor":[68,68,68,68,68,68,68,68,68,68,68,68,68,68,68,68,68],"card_choices":[{"not_picked":["Uppercut","Flex"],"picked":"Power Through","floor":1},{"not_picked":["Shrug It Off","Iron Wave"],"picked":"Sword Boomerang","floor":3},{"not_picked":["Clash","Body Slam"],"picked":"Flex","floor":4},{"not_picked":["Armaments","Body Slam"],"picked":"Ghostly Armor","floor":5},{"not_picked":["Battle Trance","Cleave"],"picked":"Reckless Charge","floor":11},{"not_picked":["Infernal Blade","Sword Boomerang"],"picked":"Juggernaut","floor":14}],"player_experience":1002227,"relics_obtained":[{"floor":7,"key":"Boot"},{"floor":9,"key":"Nunchaku"}],"event_choices":[{"damage_healed":0,"gold_gain":75,"player_choice":"Gather Gold","damage_taken":11,"max_hp_gain":0,"max_hp_loss":0,"event_name":"World of Goop","floor":10,"gold_loss":0},{"cards_removed":["Strike_R"],"damage_healed":0,"gold_gain":0,"player_choice":"Card Removal","damage_taken":7,"max_hp_gain":0,"max_hp_loss":0,"event_name":"Golden Wing","floor":12,"gold_loss":0}],"is_beta":false,"boss_relics":[],"items_purged_floors":[],"is_endless":false,"potions_floor_spawned":[1,5,11,14],"killed_by":"Hexaghost","ascension_level":20}}