{"host":"zefmhu9ryehjj4p1","time":1614426586,"event":{"mods":["100% Spire Juice","2.2 Compatiblity","Act Like it!","Aspiration","Aya Shameimaru","BaseMod","Beaked The Cultist","Better Note","CapriCore","ChefMod","Colored Powertips","Dark Map","DeckTracker","Downfall","Ekko","Elementarium","Friendly Minions","Gensokyo","Hallownest","Hermit","Highlight Path","Hubris","Infinite Spire","Koishi","LagranYue(???·?)","Library of Ruina","Library of Ruina Extra","Luminous","Marisa????????","Minty Spire (QoL Compilation)","Random Character Button","Reimu??????","Reliquary","Remilia??????","Replay The Spire","Ruina","Shade Mod","Shapeshifter Mod","StSLib","The Administrix","The Blue Laboratory","The Bug Knight","The Construct","The Cursed","The Gatherer","The Hierophant","The Immortal","The Judge","The Marked","The Mystic","The Runesmith","The Senshi","The Servant 0.9.4","The Vixen","The Wild Card","TheVacant","Wandering Minibosses"],"gold_per_floor":[117,117,117,117,117,117,117],"floor_reached":6,"language":"ENG","playtime":404,"items_purged":[],"score":32,"play_id":"7c95833e-0a38-44e4-bb36-20e39a08ec71","local_time":"20210227124946","is_ascension_mode":false,"campfire_choices":[],"circlet_count":0,"master_deck":["LagranYue:BaseAttackCard","LagranYue:BaseAttackCard","LagranYue:BaseAttackCard","LagranYue:BaseDefendCard","LagranYue:BaseDefendCard","LagranYue:BaseDefendCard","LagranYue:AttackTopazCard+1","LagranYue:SkillBrokenSwordCard","LagranYue:BaseAttackCard+1","LagranYue:BaseDefendCard","LagranYue:SkillWoodSpearCard"],"relics":["LagranYue:ArmsProficiencyRelics"],"acts_visited":["Exordium"],"potions_floor_usage":[],"damage_taken":[{"damage":2,"enemies":"2 Louse","floor":1,"turns":3},{"damage":49,"enemies":"3 Sentries","floor":6,"turns":7}],"seed_played":"-5897923723815956043","potions_obtained":[{"floor":0,"key":"SmokeBomb"},{"floor":0,"key":"ZuzhouPotion:ReiMu"},{"floor":0,"key":"Flashbang"}],"is_trial":false,"path_per_floor":["M","?","?","?","?","E"],"character_chosen":"LagranYueCharacter","items_purchased":[],"campfire_rested":0,"item_purchase_floors":[],"current_hp_per_floor":[73,73,73,73,73,24,24],"gold":117,"neow_bonus":"THREE_SMALL_POTIONS","is_daily":false,"chose_seed":false,"campfire_upgraded":0,"win_rate":0.0,"timestamp":1614426586,"path_taken":["M","?","?","?","?","E"],"items_purchased_type":[],"build_version":"2020-12-22","purchased_purges":0,"victory":false,"max_hp_per_floor":[75,75,75,75,75,75,75],"card_choices":[{"not_picked":["LagranYue:SkillTestamentCard","LagranYue:AttackFireCard"],"picked":"LagranYue:SkillWoodSpearCard","floor":1}],"player_experience":222283,"relics_obtained":[],"event_choices":[{"damage_healed":0,"gold_gain":0,"player_choice":"Upgraded","damage_taken":0,"max_hp_gain":0,"max_hp_loss":0,"event_name":"Upgrade Shrine","floor":5,"gold_loss":0,"cards_upgraded":["LagranYue:BaseAttackCard"]}],"is_beta":false,"boss_relics":[],"items_purged_floors":[],"is_endless":false,"potions_floor_spawned":[],"killed_by":"3 Sentries","ascension_level":0}}