{"host":"h4qgcirtxz6qax9j","time":1614444484,"event":{"mods":["2.2 Compatiblity","AchievementEnabler","BaseMod","Colored Powertips","Custom Start","Minty Spire (QoL Compilation)","Replay The Spire","StSLib","SuperFastMode","The Servant 0.9.4"],"gold_per_floor":[109,28,28,43,55,55,80,80,80,115,115,115,131,131,131,208,208,224,224,54,54,54,54,67,96,96,131,149,62,62,91,91,163,163,176,90,104,104,29,48,81,81,106,106,135,135,162,180,180,180,180],"floor_reached":52,"language":"KOR","playtime":1355,"items_purged":[],"score":2129,"play_id":"814ccd93-d15d-4f85-a3ca-a8e4c8eae73d","local_time":"20210228014804","is_ascension_mode":true,"campfire_choices":[{"data":"KillingDoll","floor":6,"key":"SMITH"},{"data":"GearUp","floor":8,"key":"SMITH"},{"data":"InstantArmor","floor":11,"key":"SMITH"},{"data":"MurderousAura","floor":15,"key":"SMITH"},{"floor":23,"key":"REST"},{"floor":30,"key":"REST"},{"floor":32,"key":"REST"},{"floor":42,"key":"REST"},{"data":"KillingDoll","floor":46,"key":"SMITH"},{"data":"KillingDoll","floor":49,"key":"SMITH"}],"circlet_count":0,"master_deck":["GearUp","GearUp","Rearm","Rearm","SilverBlades","SilverBlades","TheWorld","GearUp","GearUp+1","DualDimension","DualDimension","Starlight","Starlight","Ricochet","Ricochet","ShatteredReality","KidneyShot","KidneyShot","KillingDoll+1","KillingDoll+1","InstantArmor+1","DancingSilver","InstantArmor+1","MurderousAura+1","MurderousAura","KidneyShot","KillingDoll+1"],"relics":["SplendidAttire","SplendidAttire","StoneMask","Membership Card","Anchor","Replay:WaspNest","Centennial Puzzle","Counterbalance","Runic Pyramid","Enchiridion","RomanBracelet","Omamori","Bottled Lightning","Akabeko","Tiny Chest","PocketWatch","Pan","Bottled Tornado","Replay:Rubber Ducky","Replay:Wax Seal","White Beast Statue"],"acts_visited":["Exordium","TheCity","TheBeyond"],"potions_floor_usage":[47],"damage_taken":[{"damage":0,"enemies":"2 Louse","floor":1,"turns":1},{"damage":0,"enemies":"Cultist","floor":4,"turns":2},{"damage":0,"enemies":"Jaw Worm","floor":5,"turns":2},{"damage":0,"enemies":"Lagavulin","floor":7,"turns":4},{"damage":0,"enemies":"Gremlin Nob","floor":10,"turns":3},{"damage":0,"enemies":"Red Slaver","floor":13,"turns":4},{"damage":0,"enemies":"The Guardian","floor":16,"turns":6},{"damage":0,"enemies":"2 Thieves","floor":18,"turns":3},{"damage":0,"enemies":"Spheric Guardian","floor":24,"turns":2},{"damage":7,"enemies":"Gremlin Leader","floor":25,"turns":3},{"damage":26,"enemies":"Slavers","floor":27,"turns":4},{"damage":0,"enemies":"Centurion and Healer","floor":28,"turns":1},{"damage":0,"enemies":"Replay:Snechameleon","floor":31,"turns":1},{"damage":0,"enemies":"Collector","floor":33,"turns":5},{"damage":0,"enemies":"Orb Walker","floor":35,"turns":1},{"damage":0,"enemies":"3 Darklings","floor":37,"turns":1},{"damage":0,"enemies":"Jaw Worm Horde","floor":40,"turns":1},{"damage":0,"enemies":"Giant Head","floor":41,"turns":4},{"damage":0,"enemies":"Nemesis","floor":45,"turns":1},{"damage":0,"enemies":"Reptomancer","floor":47,"turns":2},{"damage":0,"enemies":"Maw","floor":48,"turns":3},{"damage":32,"enemies":"Replay:Hell Engine","floor":50,"turns":5},{"damage":25,"enemies":"Time Eater","floor":51,"turns":7}],"seed_played":"-3607995539838042480","potions_obtained":[{"floor":5,"key":"BlessingOfTheForge"},{"floor":7,"key":"Swift Potion"},{"floor":47,"key":"Fruit Juice"},{"floor":48,"key":"Energy Potion"}],"is_trial":true,"path_per_floor":["M","$","?","M","M","R","E","R","T","E","R","?","M","?","R","B",null,"M","?","$","$","?","R","M","E","T","E","M","$","R","E","R","B",null,"M","$","M","?","$","M","E","R","T","$","E","R","E","M","R","B","B",null],"character_chosen":"THE_SERVANT","items_purchased":["Anchor","RomanBracelet","Tiny Chest","Pan","KillingDoll"],"campfire_rested":4,"item_purchase_floors":[2,20,29,36,39],"current_hp_per_floor":[60,60,60,63,64,64,65,65,65,66,66,66,67,67,67,68,68,70,49,49,49,29,51,54,50,50,33,39,39,63,66,83,84,84,85,85,86,86,86,89,90,90,90,90,91,91,97,98,98,72,50],"gold":180,"neow_bonus":"","is_daily":false,"chose_seed":false,"campfire_upgraded":6,"win_rate":0.0,"timestamp":1614444484,"path_taken":["M","$","?","M","?","R","E","R","T","E","R","?","?","?","R","BOSS","M","?","?","$","?","R","M","E","T","E","M","$","R","E","R","BOSS","M","$","M","?","?","M","E","R","T","$","E","R","E","M","R","BOSS","BOSS"],"items_purchased_type":["Relic","Relic","Relic","Relic","Card"],"build_version":"2020-12-22","purchased_purges":0,"victory":true,"max_hp_per_floor":[62,62,62,63,64,64,65,65,65,66,66,66,67,67,67,68,68,70,70,70,70,75,75,76,77,77,80,82,82,82,83,83,84,84,85,85,86,86,86,89,90,90,90,90,91,91,97,98,98,100,101],"card_choices":[{"not_picked":["Ricochet","Potential","Revamp"],"picked":"SKIP","floor":1},{"not_picked":["Potential","TimeWarp"],"picked":"InstantArmor","floor":4},{"not_picked":["Contraction","Potential"],"picked":"GearUp","floor":5},{"not_picked":["Ricochet","FastForward","MoonPhase"],"picked":"SKIP","floor":7},{"not_picked":["Read","Reset","SurpressingFire"],"picked":"SKIP","floor":10},{"not_picked":["Potential","BottledTime"],"picked":"MurderousAura","floor":13},{"not_picked":["Comet","TimeWarp","Rewind"],"picked":"SKIP","floor":18},{"not_picked":["Replace+1","Rearm","BottledTime"],"picked":"SKIP","floor":24},{"not_picked":["Rewind","DoubleEdge","Replace+1"],"picked":"SKIP","floor":25},{"not_picked":["Contraction+1","Unruled","Reset+1"],"picked":"SKIP","floor":27},{"not_picked":["Replace","WasteNot","Defy"],"picked":"SKIP","floor":28},{"not_picked":["Rearm","BottledTime","SurpressingFire"],"picked":"SKIP","floor":31},{"not_picked":["Potential","FastForward","Comet"],"picked":"SKIP","floor":35},{"not_picked":["TimeWarp","Foresight","Sabotage"],"picked":"SKIP","floor":37},{"not_picked":["Moonlight","Moondial","Rewind"],"picked":"SKIP","floor":40},{"not_picked":["DoubleEdge","Unruled","Desolation"],"picked":"SKIP","floor":41},{"not_picked":["Solidify","Rearm+1","WasteNot"],"picked":"SKIP","floor":45},{"not_picked":["Potential","DualDimension","FastForward"],"picked":"SKIP","floor":47},{"not_picked":["TimeTheft","Replace","Rewind+1"],"picked":"SKIP","floor":48}],"player_experience":101734,"relics_obtained":[{"floor":7,"key":"Replay:WaspNest"},{"floor":9,"key":"Centennial Puzzle"},{"floor":10,"key":"Counterbalance"},{"floor":19,"key":"Enchiridion"},{"floor":25,"key":"Omamori"},{"floor":26,"key":"Bottled Lightning"},{"floor":27,"key":"Akabeko"},{"floor":31,"key":"PocketWatch"},{"floor":41,"key":"Bottled Tornado"},{"floor":43,"key":"Replay:Rubber Ducky"},{"floor":45,"key":"Replay:Wax Seal"},{"floor":47,"key":"White Beast Statue"}],"event_choices":[{"damage_healed":0,"gold_gain":0,"cards_transformed":["ShatteredReality"],"player_choice":"Transformed","damage_taken":0,"max_hp_gain":0,"max_hp_loss":0,"event_name":"Transmorgrifier","floor":3,"gold_loss":0,"cards_obtained":["DancingSilver"]},{"damage_healed":0,"gold_gain":0,"player_choice":"Upgraded","damage_taken":0,"max_hp_gain":0,"max_hp_loss":0,"event_name":"Upgrade Shrine","floor":12,"gold_loss":0,"cards_upgraded":["InstantArmor"]},{"cards_removed":["GearUp"],"damage_healed":0,"gold_gain":0,"player_choice":"Offered Uncommon","damage_taken":0,"max_hp_gain":0,"max_hp_loss":0,"event_name":"Bonfire Elementals","floor":14,"gold_loss":0},{"damage_healed":0,"gold_gain":0,"player_choice":"Obtained Book","damage_taken":21,"max_hp_gain":0,"max_hp_loss":0,"event_name":"Cursed Tome","floor":19,"gold_loss":0},{"damage_healed":0,"gold_gain":0,"player_choice":"Shed Blood","damage_taken":25,"max_hp_gain":5,"max_hp_loss":0,"event_name":"Forgotten Altar","floor":22,"gold_loss":0},{"damage_healed":0,"gold_gain":0,"player_choice":"2 cards matched","damage_taken":0,"max_hp_gain":0,"max_hp_loss":0,"event_name":"Match and Keep!","floor":38,"gold_loss":0,"cards_obtained":["MurderousAura","KidneyShot"]}],"is_beta":false,"boss_relics":[{"not_picked":["Pandora\u0027s Box","MysterySword"],"picked":"Runic Pyramid"},{"not_picked":["Tiny House","SlaversCollar"],"picked":"SplendidAttire"}],"items_purged_floors":[],"is_endless":false,"potions_floor_spawned":[5,7,13,16,25,27,28,31,35,40,41,47,48],"ascension_level":20}}