{"host":"f8krwbl1oysf3v6f","time":1614422291,"event":{"mods":["AchievementEnabler","BaseMod","Colored Map","DeckTracker","Minty Spire (QoL Compilation)","Permanent Neow","READ ME - Snecko Mod","StSLib","SuperFastMode","Td1madao Mod"],"gold_per_floor":[99,99,99,99,99,99,99,99,99,99,99,99,99,99,99,99,99,99,99,99,99,99,99,99,99,99,99,99,99,99,99,99,99,99,99,99,99,99,99,99,99,99,99,99,99,99,99,99,99,99,99,99,99,99,99],"floor_reached":56,"language":"KOR","playtime":215,"items_purged":[],"score":1769,"play_id":"43f5668b-b421-4f8e-86ea-2b4591462f28","local_time":"20210227193811","is_ascension_mode":false,"campfire_choices":[{"floor":15,"key":"REST"},{"floor":32,"key":"REST"},{"floor":41,"key":"REST"},{"floor":49,"key":"RECALL"},{"floor":52,"key":"REST"}],"circlet_count":0,"master_deck":["Strike_G","Strike_G","Strike_G","Strike_G","Strike_G","Defend_G","Defend_G","Defend_G","Defend_G","Defend_G","Survivor","Neutralize","Infinite Blades"],"relics":["Ring of the Snake"],"acts_visited":["Exordium","TheCity","TheBeyond","TheEnding"],"potions_floor_usage":[],"damage_taken":[{"damage":0,"enemies":"Jaw Worm","floor":1,"turns":1},{"damage":0,"enemies":"2 Louse","floor":2,"turns":1},{"damage":0,"enemies":"Cultist","floor":3,"turns":1},{"damage":0,"enemies":"2 Fungi Beasts","floor":4,"turns":1},{"damage":0,"enemies":"Red Slaver","floor":5,"turns":1},{"damage":0,"enemies":"Gremlin Nob","floor":6,"turns":1},{"damage":0,"enemies":"Looter","floor":7,"turns":1},{"damage":0,"enemies":"Blue Slaver","floor":8,"turns":1},{"damage":0,"enemies":"The Mushroom Lair","floor":10,"turns":1},{"damage":0,"enemies":"Gremlin Gang","floor":11,"turns":1},{"damage":0,"enemies":"Exordium Wildlife","floor":12,"turns":1},{"damage":0,"enemies":"Lots of Slimes","floor":14,"turns":1},{"damage":0,"enemies":"Slime Boss","floor":16,"turns":1},{"damage":0,"enemies":"Spheric Guardian","floor":18,"turns":1},{"damage":0,"enemies":"3 Byrds","floor":19,"turns":1},{"damage":0,"enemies":"3 Cultists","floor":20,"turns":1},{"damage":0,"enemies":"Snake Plant","floor":22,"turns":1},{"damage":0,"enemies":"Slavers","floor":23,"turns":1},{"damage":0,"enemies":"Shelled Parasite and Fungi","floor":24,"turns":1},{"damage":0,"enemies":"Centurion and Healer","floor":25,"turns":1},{"damage":0,"enemies":"Snake Plant","floor":27,"turns":1},{"damage":0,"enemies":"Book of Stabbing","floor":28,"turns":1},{"damage":0,"enemies":"Snecko","floor":30,"turns":1},{"damage":0,"enemies":"Centurion and Healer","floor":31,"turns":1},{"damage":0,"enemies":"Automaton","floor":33,"turns":1},{"damage":0,"enemies":"Orb Walker","floor":35,"turns":1},{"damage":0,"enemies":"3 Darklings","floor":36,"turns":1},{"damage":0,"enemies":"Jaw Worm Horde","floor":37,"turns":1},{"damage":0,"enemies":"4 Shapes","floor":38,"turns":1},{"damage":0,"enemies":"Spire Growth","floor":39,"turns":1},{"damage":0,"enemies":"Nemesis","floor":40,"turns":1},{"damage":0,"enemies":"Maw","floor":42,"turns":1},{"damage":0,"enemies":"3 Darklings","floor":45,"turns":1},{"damage":0,"enemies":"Reptomancer","floor":47,"turns":1},{"damage":0,"enemies":"4 Shapes","floor":48,"turns":1},{"damage":0,"enemies":"Time Eater","floor":50,"turns":1},{"damage":0,"enemies":"Shield and Spear","floor":54,"turns":1},{"damage":60,"enemies":"The Heart","floor":55,"turns":3}],"seed_played":"6626630521590299031","potions_obtained":[],"is_trial":false,"path_per_floor":["M","M","M","M","M","E","M","M","T","?","M","M","$","M","R","B",null,"M","M","M","$","M","E","M","M","T","M","E","?","M","M","R","B",null,"M","M","M","M","M","E","R","M","T","$","M","?","E","M","R","B",null,"R","$","E","B",null],"character_chosen":"THE_SILENT","items_purchased":[],"campfire_rested":4,"item_purchase_floors":[],"current_hp_per_floor":[70,70,70,70,70,70,70,70,70,70,70,70,70,70,70,70,70,70,70,70,70,70,70,70,70,70,70,70,70,70,70,70,70,70,70,70,70,70,70,70,70,70,70,70,70,70,70,70,70,70,70,70,70,70,10],"gold":99,"neow_bonus":"THREE_CARDS","is_daily":false,"chose_seed":false,"campfire_upgraded":0,"win_rate":0.0,"timestamp":1614422291,"path_taken":["M","M","M","M","M","E","M","M","T","?","M","M","$","M","R","BOSS","M","M","M","$","M","E","M","M","T","M","E","?","M","M","R","BOSS","M","M","M","M","M","E","R","?","T","$","M","?","E","M","R","BOSS","R","$","E","BOSS"],"items_purchased_type":[],"build_version":"2020-12-22","purchased_purges":0,"victory":true,"max_hp_per_floor":[70,70,70,70,70,70,70,70,70,70,70,70,70,70,70,70,70,70,70,70,70,70,70,70,70,70,70,70,70,70,70,70,70,70,70,70,70,70,70,70,70,70,70,70,70,70,70,70,70,70,70,70,70,70,70],"card_choices":[{"not_picked":["Flying Knee","Choke"],"picked":"Infinite Blades","floor":0},{"not_picked":["Escape Plan","Deadly Poison","Blur"],"picked":"SKIP","floor":1},{"not_picked":["Cloak And Dagger","Choke","Blur"],"picked":"SKIP","floor":2},{"not_picked":["Expertise","Quick Slash","Endless Agony"],"picked":"SKIP","floor":3},{"not_picked":["Prepared","PiercingWail","Bane"],"picked":"SKIP","floor":4},{"not_picked":["Catalyst","Setup","Acrobatics"],"picked":"SKIP","floor":5},{"not_picked":["Slice","Dodge and Roll","Acrobatics"],"picked":"SKIP","floor":6},{"not_picked":["Poisoned Stab","Predator","Dash"],"picked":"SKIP","floor":7},{"not_picked":["Bane","Heel Hook","Deflect"],"picked":"SKIP","floor":8},{"not_picked":["Escape Plan","Bane","Riddle With Holes"],"picked":"SKIP","floor":11},{"not_picked":["Dagger Spray","Bane","Blade Dance"],"picked":"SKIP","floor":12},{"not_picked":["Outmaneuver","Endless Agony","Well Laid Plans"],"picked":"SKIP","floor":14},{"not_picked":["Backflip","Flying Knee","Concentrate"],"picked":"SKIP","floor":18},{"not_picked":["Dagger Throw","Storm of Steel","Finisher"],"picked":"SKIP","floor":19},{"not_picked":["PiercingWail","Sucker Punch","Crippling Poison"],"picked":"SKIP","floor":20},{"not_picked":["Distraction+1","Dagger Throw","Outmaneuver"],"picked":"SKIP","floor":22},{"not_picked":["Acrobatics","Cloak And Dagger","Bane+1"],"picked":"SKIP","floor":23},{"not_picked":["Outmaneuver+1","Dagger Throw","All Out Attack"],"picked":"SKIP","floor":24},{"not_picked":["Prepared","Cloak And Dagger","Blur"],"picked":"SKIP","floor":25},{"not_picked":["Eviscerate","Riddle With Holes+1","Flying Knee"],"picked":"SKIP","floor":27},{"not_picked":["Slice","Wraith Form v2","Dagger Throw"],"picked":"SKIP","floor":28},{"not_picked":["Blade Dance+1","Heel Hook","Dodge and Roll"],"picked":"SKIP","floor":30},{"not_picked":["Quick Slash","Blade Dance","Backflip+1"],"picked":"SKIP","floor":31},{"not_picked":["Accuracy","Prepared+1","Flying Knee"],"picked":"SKIP","floor":35},{"not_picked":["Dagger Spray+1","Dodge and Roll","PiercingWail"],"picked":"SKIP","floor":36},{"not_picked":["Acrobatics+1","Accuracy+1","Eviscerate+1"],"picked":"SKIP","floor":37},{"not_picked":["Outmaneuver+1","Dagger Spray","Bane+1"],"picked":"SKIP","floor":38},{"not_picked":["Dodge and Roll","Crippling Poison","Flying Knee"],"picked":"SKIP","floor":39},{"not_picked":["Infinite Blades","Skewer","Deflect+1"],"picked":"SKIP","floor":40},{"not_picked":["Blade Dance+1","Quick Slash+1","Night Terror"],"picked":"SKIP","floor":42},{"not_picked":["Outmaneuver","Escape Plan","Prepared+1"],"picked":"SKIP","floor":45},{"not_picked":["Backstab+1","Dagger Spray","Deflect"],"picked":"SKIP","floor":47},{"not_picked":["Poisoned Stab+1","Glass Knife","Tactician+1"],"picked":"SKIP","floor":48},{"not_picked":["Dagger Throw+1","Dagger Spray+1","Finisher+1"],"picked":"SKIP","floor":54}],"player_experience":258913,"relics_obtained":[],"event_choices":[{"damage_healed":0,"gold_gain":0,"player_choice":"Fought Mushrooms","damage_taken":0,"max_hp_gain":0,"max_hp_loss":0,"event_name":"Mushrooms","floor":10,"gold_loss":0},{"damage_healed":0,"gold_gain":0,"player_choice":"Ignored","damage_taken":0,"max_hp_gain":0,"max_hp_loss":0,"event_name":"Duplicator","floor":29,"gold_loss":0},{"damage_healed":0,"gold_gain":0,"player_choice":"Ignored","damage_taken":0,"max_hp_gain":0,"max_hp_loss":0,"event_name":"Accursed Blacksmith","floor":46,"gold_loss":0}],"is_beta":false,"boss_relics":[{"not_picked":["Empty Cage","Fusion Hammer","Tiny House"]},{"not_picked":["Black Star","Snecko Eye","Sozu"]}],"items_purged_floors":[],"is_endless":false,"potions_floor_spawned":[1,3,4,6,12,14,16,18,25,28,30,33,35,37,39,40,45,48,54],"ascension_level":0}}