{"host":"u1dfzl6o6mfmauc3","time":1614457338,"event":{"mods":["2.2 Compatiblity","AchievementEnabler","BaseMod","Bestiary","Block Reminder","Challenge The Spire","Colored Map","Dark Map","Hermit","Highlight Path","Minty Spire (QoL Compilation)","Random Character Button","Rare Cards Sparkle","Relic Stats","Robot Space Explorer","StSLib","The Disciple"],"gold_per_floor":[119,129,129,129,140,175,187,202,202,202,202,228,242,258,258,286,286,286,390,390,403,420,92,191,191,191,191,216,227,227,254,36,47,47,47],"floor_reached":34,"language":"ENG","playtime":1644,"items_purged":["RobotSpaceExplorer:Strike","RobotSpaceExplorer:Strike"],"score":423,"play_id":"5b503a14-30a3-49b2-b32a-3410f27468da","local_time":"20210227152218","is_ascension_mode":true,"campfire_choices":[{"data":"RobotSpaceExplorer:Calculate","floor":9,"key":"SMITH"},{"data":"RobotSpaceExplorer:StarLightning","floor":11,"key":"SMITH"},{"data":"RobotSpaceExplorer:TurboDodge","floor":15,"key":"SMITH"},{"floor":17,"key":"REST"},{"data":"RobotSpaceExplorer:SelfCleaning","floor":18,"key":"SMITH"},{"data":"RobotSpaceExplorer:FrostMissile","floor":27,"key":"SMITH"},{"floor":30,"key":"REST"}],"circlet_count":0,"master_deck":["RobotSpaceExplorer:Strike","RobotSpaceExplorer:Strike","RobotSpaceExplorer:Defend","RobotSpaceExplorer:Defend","RobotSpaceExplorer:Defend","RobotSpaceExplorer:Scan","RobotSpaceExplorer:MiniLasers","RobotSpaceExplorer:Pulsar","RobotSpaceExplorer:Calculate+1","RobotSpaceExplorer:StarLightning+1","RobotSpaceExplorer:FrostMissile+1","RobotSpaceExplorer:Pulsar","RobotSpaceExplorer:SlimeMissile+1","RobotSpaceExplorer:TurboDodge+1","RobotSpaceExplorer:Blaster+1","RobotSpaceExplorer:SelfCleaning+1","RobotSpaceExplorer:Discharger+1","RobotSpaceExplorer:Blaster+1","CurseOfTheBell","RobotSpaceExplorer:BigMissile+1","RobotSpaceExplorer:PowerCollector+1","RobotSpaceExplorer:TrailblazerForm+1"],"relics":["Sozu","Molten Egg 2","Frozen Egg 2","Bottled Lightning","White Beast Statue","Calling Bell","Oddly Smooth Stone","Singing Bowl","Turnip","RobotSpaceExplorer:BottledGravity","Enchiridion","HornCleat","Anchor"],"acts_visited":["Exordium","TheCity"],"potions_floor_usage":[],"damage_taken":[{"damage":0.0,"enemies":"Small Slimes","floor":1.0,"turns":5.0},{"damage":0,"enemies":"Jaw Worm","floor":2,"turns":3},{"damage":0,"enemies":"Cultist","floor":5,"turns":3},{"damage":26,"enemies":"3 Sentries","floor":6,"turns":9},{"damage":1,"enemies":"3 Louse","floor":7,"turns":4},{"damage":0,"enemies":"Blue Slaver","floor":8,"turns":3},{"damage":1,"enemies":"Lagavulin","floor":12,"turns":7},{"damage":4,"enemies":"Exordium Thugs","floor":13,"turns":4},{"damage":0,"enemies":"Looter","floor":14,"turns":2},{"damage":28,"enemies":"Gremlin Nob","floor":16,"turns":5},{"damage":1,"enemies":"Slime Boss","floor":19,"turns":7},{"damage":0,"enemies":"2 Thieves","floor":21,"turns":4},{"damage":4,"enemies":"3 Byrds","floor":22,"turns":6},{"damage":30,"enemies":"Book of Stabbing","floor":28,"turns":6},{"damage":0,"enemies":"3 Cultists","floor":29,"turns":5},{"damage":0,"enemies":"Snake Plant","floor":33,"turns":3},{"damage":56,"enemies":"Slavers","floor":34,"turns":4}],"seed_played":"-6604502595639870683","potions_obtained":[],"is_trial":false,"path_per_floor":["M","M","?","?","M","E","M","M","R","T","R","E","M","M","R","E","R","R","B",null,"M","M","$","?","?","T","R","E","M","R","T","$","M","E"],"character_chosen":"RobotSpaceExplorer","items_purchased":["RobotSpaceExplorer:BottledGravity","RobotSpaceExplorer:BigMissile+1","RobotSpaceExplorer:PowerCollector+1"],"campfire_rested":2,"item_purchase_floors":[23,32,32],"current_hp_per_floor":[68,68,68,68,68,42,41,41,41,41,41,40,36,36,36,8,30,30,29,64,66,64,64,64,48,48,48,20,22,46,46,46,46,0,0],"gold":47,"neow_bonus":"BOSS_RELIC","is_daily":false,"chose_seed":false,"campfire_upgraded":5,"win_rate":0.0,"timestamp":1614457338,"path_taken":["M","M","?","?","M","E","M","?","R","T","R","E","M","M","R","E","R","R","BOSS","M","M","$","?","?","?","R","E","M","R","T","$","M","E"],"items_purchased_type":["Relic","Card","Card"],"build_version":"2020-12-22","purchased_purges":2,"victory":false,"max_hp_per_floor":[75,75,75,75,75,75,75,75,75,75,75,75,75,75,75,75,75,75,75,75,77,79,79,79,79,79,79,81,83,83,83,83,83,83,83],"relic_stats":{"Sozu":10,"Singing Bowl":8,"counters":[17,80],"Turnip":[0],"obtain_stats":[{"Singing Bowl":20,"Oddly Smooth Stone":20,"Enchiridion":25,"RobotSpaceExplorer:RoboCore":0,"Frozen Egg 2":10,"White Beast Statue":16,"Sozu":0,"Calling Bell":20,"Anchor":31,"HornCleat":28,"RobotSpaceExplorer:BottledGravity":23,"Molten Egg 2":6,"Turnip":20,"Bottled Lightning":12},{"Singing Bowl":11,"Oddly Smooth Stone":11,"Enchiridion":13,"RobotSpaceExplorer:RoboCore":0,"Frozen Egg 2":6,"White Beast Statue":10,"Sozu":0,"Calling Bell":11,"Anchor":15,"HornCleat":14,"RobotSpaceExplorer:BottledGravity":13,"Molten Egg 2":4,"Turnip":11,"Bottled Lightning":7},{"Singing Bowl":52,"Oddly Smooth Stone":52,"Enchiridion":62,"RobotSpaceExplorer:RoboCore":0,"Frozen Egg 2":27,"White Beast Statue":45,"Sozu":0,"Calling Bell":52,"Anchor":73,"HornCleat":68,"RobotSpaceExplorer:BottledGravity":62,"Molten Egg 2":20,"Turnip":52,"Bottled Lightning":34}]},"card_choices":[{"not_picked":["RobotSpaceExplorer:ScrapToss","RobotSpaceExplorer:Counterblock"],"picked":"RobotSpaceExplorer:Pulsar","floor":1},{"not_picked":["RobotSpaceExplorer:FrostMissile","RobotSpaceExplorer:SurgingShield"],"picked":"RobotSpaceExplorer:Calculate","floor":2},{"not_picked":["RobotSpaceExplorer:DoubleBlock","RobotSpaceExplorer:Autoloader"],"picked":"RobotSpaceExplorer:FrostMissile","floor":5},{"not_picked":["RobotSpaceExplorer:Smokescreen","RobotSpaceExplorer:PowerCollector"],"picked":"RobotSpaceExplorer:Pulsar","floor":6},{"not_picked":["RobotSpaceExplorer:SurgingShield","RobotSpaceExplorer:FrostMissile+1"],"picked":"RobotSpaceExplorer:SlimeMissile+1","floor":7},{"not_picked":["RobotSpaceExplorer:SwiftStep","RobotSpaceExplorer:GlueShot"],"picked":"RobotSpaceExplorer:TurboDodge","floor":8},{"not_picked":["RobotSpaceExplorer:FreezingShield","RobotSpaceExplorer:StunGrenade+1"],"picked":"RobotSpaceExplorer:Blaster+1","floor":12},{"not_picked":["RobotSpaceExplorer:ScrapMissile+1","RobotSpaceExplorer:Jetpack","RobotSpaceExplorer:SlimeMissile+1"],"picked":"SKIP","floor":13},{"not_picked":["RobotSpaceExplorer:StunGrenade+1","RobotSpaceExplorer:Reload"],"picked":"RobotSpaceExplorer:SelfCleaning","floor":14},{"not_picked":["RobotSpaceExplorer:Reload","RobotSpaceExplorer:ScrapShield"],"picked":"RobotSpaceExplorer:Discharger+1","floor":16},{"not_picked":["RobotSpaceExplorer:Exploration","RobotSpaceExplorer:BlastShield"],"picked":"RobotSpaceExplorer:Blaster+1","floor":19},{"not_picked":["RobotSpaceExplorer:Pulsar","RobotSpaceExplorer:ScrapShield+1","RobotSpaceExplorer:FranticSearch+1"],"picked":"Singing Bowl","floor":21},{"not_picked":["RobotSpaceExplorer:ShockKick+1","RobotSpaceExplorer:Pulsar","RobotSpaceExplorer:Ammunition"],"picked":"Singing Bowl","floor":22},{"not_picked":["RobotSpaceExplorer:GlueShot+1","RobotSpaceExplorer:Jetpack","RobotSpaceExplorer:Reload"],"picked":"Singing Bowl","floor":28},{"not_picked":["RobotSpaceExplorer:FreezeRay+1","RobotSpaceExplorer:Ammunition+1","RobotSpaceExplorer:SurgingShield"],"picked":"Singing Bowl","floor":29},{"not_picked":["RobotSpaceExplorer:ImprovisedAttack+1","RobotSpaceExplorer:DualCore+1"],"picked":"RobotSpaceExplorer:TrailblazerForm+1","floor":33}],"player_experience":279762,"relics_obtained":[{"floor":6,"key":"Molten Egg 2"},{"floor":10,"key":"Frozen Egg 2"},{"floor":12,"key":"Bottled Lightning"},{"floor":16,"key":"White Beast Statue"},{"floor":20,"key":"Oddly Smooth Stone"},{"floor":20,"key":"Singing Bowl"},{"floor":20,"key":"Turnip"},{"floor":25,"key":"Enchiridion"},{"floor":28,"key":"HornCleat"},{"floor":31,"key":"Anchor"}],"event_choices":[{"damage_healed":0,"gold_gain":0,"player_choice":"Leave","damage_taken":0,"max_hp_gain":0,"max_hp_loss":0,"event_name":"The Cleric","floor":3,"gold_loss":0},{"damage_healed":0,"gold_gain":0,"cards_transformed":["RobotSpaceExplorer:Defend"],"player_choice":"Transformed","damage_taken":0,"max_hp_gain":0,"max_hp_loss":0,"event_name":"Transmorgrifier","floor":4,"gold_loss":0,"cards_obtained":["RobotSpaceExplorer:StarLightning"]},{"damage_healed":0,"gold_gain":99,"player_choice":"Stole From Cult","damage_taken":0,"max_hp_gain":0,"max_hp_loss":0,"event_name":"Nest","floor":24,"gold_loss":0},{"damage_healed":0,"gold_gain":0,"player_choice":"Obtained Book","damage_taken":16,"max_hp_gain":0,"max_hp_loss":0,"event_name":"Cursed Tome","floor":25,"gold_loss":0}],"is_beta":false,"boss_relics":[{"not_picked":["Pandora\u0027s Box","Busted Crown"],"picked":"Calling Bell"}],"items_purged_floors":[23,32],"is_endless":false,"potions_floor_spawned":[1,2,12,16,19,21,22,28,29,33],"killed_by":"Slavers","ascension_level":9}}