{"host":"st1kg310ms6sytc5","time":1614437010,"event":{"mods":["Act Like it!","BaseMod","CapriCore","Good Game Mod","Library of Ruina","Library of Ruina Extra","Minty Spire (QoL Compilation)","StSLib","SuperFastMode","Wide Potions"],"gold_per_floor":[118,193,210,210,210,210,250,250,250,270,313,326,365,378,378,504,504,518,142,142,155,176,219,242,242,313,348,373,373,408,608,608,731,731,751,392,725,725,739,739,768,330,330,330,330,350,360,392,392,392,392,392,392,39,66,66],"floor_reached":57,"language":"ZHS","playtime":2568,"items_purged":["Track","GroundSmash","CleanUp","MindCrush"],"score":1929,"play_id":"d838152e-44b9-417b-bd9c-414ff318d0de","local_time":"20210227224330","is_ascension_mode":true,"campfire_choices":[{"data":"DeusExMachina","floor":6.0,"key":"SMITH"},{"data":"CleanUp","floor":8.0,"key":"SMITH"},{"data":"CleanUp","floor":15.0,"key":"SMITH"},{"data":"SharpNails","floor":25.0,"key":"SMITH"},{"data":"EmotionalTurbulence","floor":29.0,"key":"SMITH"},{"data":"InkOver","floor":32.0,"key":"SMITH"},{"floor":40.0,"key":"RECALL"},{"data":"CrackOfDawn","floor":44,"key":"SMITH"},{"data":"TieShanKao","floor":49,"key":"SMITH"},{"data":"RapidGashes","floor":53,"key":"SMITH"}],"circlet_count":0,"master_deck":["Dodge","DeusExMachina+1","QuickAttack","RapidGashes+1","CleanUp+1","CleanUp+1","AlloutWar+1","InnerArdor+1","SharpenedBlade","CrackOfDawn+1","SerpentineBarrier+1","SnakeSlit","SharpNails+1","Mutilate","RushDown","Reload+1","ViolentFlame","TieShanKao+1","PinpointShot","EmotionalTurbulence+1","ConcentratedFire+1","InkOver+1","ShrineToMusic","InnerArdor+1","LeRegole+1","SerpentineBarrier+1"],"relics":["PageOfLibrarian","REME:ComplimentaryCards","PageOfSpiderBud","Toy Ornithopter","Happy Flower","Toxic Egg 2","PageOfTheQueenOfHatred","Pandora\u0027s Box","PageOfPinocchio","Mummified Hand","PageOfTheKnightOfDespair","PageOfGreed","PageOfWrath","PageOfNihil","Dream Catcher","SlaversCollar","PageOfOzma","Frozen Egg 2","CaptainsWheel","Kunai","Nunchaku","Anchor"],"acts_visited":["Exordium","TheCity","TheBeyond","TheEnding"],"potions_floor_usage":[56],"damage_taken":[{"damage":0.0,"enemies":"Small Slimes","floor":1.0,"turns":2.0},{"damage":0.0,"enemies":"2 Louse","floor":3.0,"turns":3.0},{"damage":14.0,"enemies":"3 Sentries","floor":7.0,"turns":8.0},{"damage":3.0,"enemies":"Jaw Worm","floor":10.0,"turns":2.0},{"damage":0.0,"enemies":"Gremlin Nob","floor":11.0,"turns":2.0},{"damage":3.0,"enemies":"Gremlin Gang","floor":12.0,"turns":5.0},{"damage":3.0,"enemies":"3 Sentries","floor":13.0,"turns":7.0},{"damage":0.0,"enemies":"Large Slime","floor":14.0,"turns":4.0},{"damage":0.0,"enemies":"Slime Boss","floor":16.0,"turns":6.0},{"damage":11.0,"enemies":"2 Thieves","floor":18.0,"turns":4.0},{"damage":0.0,"enemies":"Spheric Guardian","floor":21.0,"turns":2.0},{"damage":8.0,"enemies":"Centurion and Healer","floor":22.0,"turns":4.0},{"damage":0.0,"enemies":"Gremlin Leader","floor":23.0,"turns":5.0},{"damage":0.0,"enemies":"Chosen and Byrds","floor":24.0,"turns":2.0},{"damage":0.0,"enemies":"Slavers","floor":27.0,"turns":3.0},{"damage":49.0,"enemies":"Shelled Parasite and Fungi","floor":28.0,"turns":5.0},{"damage":0.0,"enemies":"Gremlin Leader","floor":30.0,"turns":2.0},{"damage":7.0,"enemies":"Champ","floor":33.0,"turns":4.0},{"damage":0.0,"enemies":"Orb Walker","floor":35.0,"turns":1.0},{"damage":0.0,"enemies":"3 Shapes","floor":39.0,"turns":2.0},{"damage":0.0,"enemies":"Nemesis","floor":41.0,"turns":3.0},{"damage":0,"enemies":"Spire Growth","floor":46,"turns":2},{"damage":0,"enemies":"Transient","floor":47,"turns":4},{"damage":0,"enemies":"Giant Head","floor":48,"turns":3},{"damage":0,"enemies":"Awakened One","floor":50,"turns":4},{"damage":0,"enemies":"Shield and Spear","floor":55,"turns":2},{"damage":28,"enemies":"The Heart","floor":56,"turns":5}],"seed_played":"-6230542052996504209","potions_obtained":[{"floor":1.0,"key":"SkillPotion"},{"floor":11.0,"key":"Energy Potion"},{"floor":21.0,"key":"Dexterity Potion"},{"floor":23.0,"key":"DuplicationPotion"}],"is_trial":false,"path_per_floor":["M","?","M","?","?","R","E","R","T","M","E","M","E","M","R","B",null,"M","$","?","M","M","E","M","R","T","E","M","R","E","?","R","B",null,"M","$","?","?","M","R","E","$","T","R","?","M","M","E","R","B",null,null,"R","$","E","B",null],"character_chosen":"Librarian","items_purchased":["Reload+1","PageOfPinocchio","PageOfOzma","CaptainsWheel","Nunchaku","Block Potion"],"campfire_rested":0,"item_purchase_floors":[19,19,36,42,54,54],"current_hp_per_floor":[60,49,49,30,35,35,21,21,21,18,18,15,12,17,17,24,71,66,66,66,70,73,87,87,87,87,87,62,62,67,67,67,73,84,82,82,82,72,81,81,82,82,82,82,82,82,82,82,82,82,82,82,82,82,82,64],"gold":66,"neow_bonus":"RANDOM_COMMON_RELIC","is_daily":false,"chose_seed":false,"campfire_upgraded":9,"win_rate":0.0,"timestamp":1614437010,"path_taken":["M","?","M","?","?","R","E","R","T","M","E","M","E","M","R","BOSS","M","$","?","M","?","E","?","R","T","E","M","R","E","?","R","BOSS","M","?","?","?","?","R","E","$","T","R","?","M","M","E","R","BOSS","R","$","E","BOSS"],"items_purchased_type":["Card","Relic","Relic","Relic","Relic","Potion"],"build_version":"2020-12-22","purchased_purges":4,"victory":true,"max_hp_per_floor":[70,70,77,77,82,82,68,68,68,73,73,73,73,73,73,87,87,87,87,87,87,87,87,87,87,87,87,87,87,87,87,87,87,87,82,82,82,82,82,82,82,82,82,82,82,82,82,82,82,82,82,82,82,82,82,82],"card_choices":[{"not_picked":["GaleKick","CumulusWall","Leap_lor"],"picked":"QuickAttack","floor":1.0},{"not_picked":["GrazeTheGrass","SunsetBlade","Mutilate"],"picked":"RapidGashes","floor":3.0},{"not_picked":["GuardingStance","MultiBlock","Parry2"],"picked":"CleanUp","floor":7.0},{"not_picked":["Duel_lor","ScatteringSlash","FlashingStrike","SuppressingShot"],"picked":"SKIP","floor":10.0},{"not_picked":["HighKick","GrazeTheGrass","SunsetBlade"],"picked":"CleanUp","floor":11.0},{"not_picked":["Parry2","HandleRequest","MirageStorm"],"picked":"AlloutWar+1","floor":12.0},{"not_picked":["HighKick","RulesOfTheBackstreets","QuickAttack"],"picked":"InnerArdor+1","floor":13.0},{"not_picked":["SerpentSwordTechnique+1","FocusFire","Leap_lor"],"picked":"SharpenedBlade","floor":14.0},{"not_picked":["CrackOfDawn","TieShanKao"],"picked":"CleanUp","floor":16.0},{"not_picked":["Laceration","Pound","Leap_lor","SuppressingShot"],"picked":"SKIP","floor":18.0},{"not_picked":["Eject+1","Track+1","EndlessBattle","SkyClearingCut"],"picked":"SKIP","floor":21.0},{"not_picked":["StrikeDown+1","Parry2","ClassAndRespect"],"picked":"ViolentFlame","floor":22.0},{"not_picked":["VioletBlade","SnakesPrey","Rewind+1"],"picked":"TieShanKao","floor":23.0},{"not_picked":["CircusKnives","Pound","SnakesPrey"],"picked":"PinpointShot","floor":24.0},{"not_picked":["DarkCloud","FierceCharge+1","HandleRequest+1"],"picked":"EmotionalTurbulence","floor":27.0},{"not_picked":["ScatteringSlash+1","Track","Overpower"],"picked":"ConcentratedFire+1","floor":28.0},{"not_picked":["RushDown+1","GuardingStance+1","AlloutWar+1"],"picked":"InkOver","floor":30.0},{"not_picked":["GoinFirst","TieShanKao"],"picked":"MindCrush","floor":33.0},{"not_picked":["VenomousFangs","Reload+1","SteelKnuckles+1"],"picked":"ShrineToMusic","floor":35.0},{"not_picked":["Rewind+1","ViolentFlame+1","SunsetBlade+1","GuardingStance+1"],"picked":"SKIP","floor":39.0},{"not_picked":["DesperateStruggle+1","Leap_lor","InnerArdor+1","StrikeDown"],"picked":"SKIP","floor":41.0},{"not_picked":["DesperateStruggle+1","Leap_lor","StrikeDown"],"picked":"InnerArdor+1","floor":41.0},{"not_picked":["Rampage_lor+1","SerpentSwordTechnique+1","SuppressingShot","GreatSerpentsImpact"],"picked":"SKIP","floor":46},{"not_picked":["StrikeDown+1","GaleKick","Rewind+1"],"picked":"LeRegole+1","floor":47},{"not_picked":["FlashOfSunup+1","SunsetBlade+1","RulesOfTheBackstreets","QuickSuppression"],"picked":"SKIP","floor":48},{"not_picked":["ViolentFlame+1","SharpNails+1","Mutilate"],"picked":"SerpentineBarrier+1","floor":55}],"player_experience":1415286,"relics_obtained":[{"floor":7.0,"key":"Toy Ornithopter"},{"floor":9.0,"key":"Happy Flower"},{"floor":11.0,"key":"Toxic Egg 2"},{"floor":13.0,"key":"PageOfTheQueenOfHatred"},{"floor":23.0,"key":"PageOfTheKnightOfDespair"},{"floor":26.0,"key":"PageOfGreed"},{"floor":27.0,"key":"PageOfWrath"},{"floor":28.0,"key":"PageOfNihil"},{"floor":30.0,"key":"Dream Catcher"},{"floor":41.0,"key":"Frozen Egg 2"},{"floor":48,"key":"Kunai"},{"floor":55,"key":"Anchor"}],"event_choices":[{"damage_healed":0.0,"max_hp_gain":0.0,"max_hp_loss":0.0,"gold_gain":75.0,"event_name":"World of Goop","player_choice":"Gather Gold","floor":2.0,"gold_loss":0.0,"damage_taken":11.0},{"damage_healed":0.0,"max_hp_gain":0.0,"max_hp_loss":0.0,"gold_gain":0.0,"event_name":"Golden Idol","player_choice":"Take Damage","floor":4.0,"gold_loss":0.0,"damage_taken":19.0,"relics_obtained":["Golden Idol"]},{"damage_healed":0.0,"max_hp_gain":5.0,"max_hp_loss":0.0,"gold_gain":0.0,"event_name":"Big Fish","player_choice":"Donut","floor":5.0,"gold_loss":0.0,"damage_taken":0.0},{"damage_healed":0.0,"max_hp_gain":0.0,"max_hp_loss":0.0,"gold_gain":0.0,"event_name":"WeMeetAgain","player_choice":"Gave Potion","floor":20.0,"gold_loss":0.0,"damage_taken":0.0,"relics_obtained":["Mummified Hand"]},{"damage_healed":0.0,"max_hp_gain":0.0,"max_hp_loss":0.0,"gold_gain":200.0,"event_name":"Wheel of Change","player_choice":"Gold","floor":31.0,"gold_loss":0.0,"damage_taken":0.0},{"damage_healed":0.0,"max_hp_gain":0.0,"max_hp_loss":0.0,"gold_gain":333.0,"event_name":"The Moai Head","player_choice":"Gave Idol","floor":37.0,"relics_lost":["Golden Idol"],"gold_loss":0.0,"damage_taken":0.0},{"damage_healed":0.0,"max_hp_gain":0.0,"max_hp_loss":0.0,"gold_gain":0.0,"event_name":"SensoryStone","player_choice":"Memory 3","floor":38.0,"gold_loss":0.0,"damage_taken":10.0},{"cards_removed":["RipSpace"],"damage_healed":0,"gold_gain":0,"player_choice":"Removed Attack","damage_taken":0,"max_hp_gain":0,"max_hp_loss":0,"event_name":"Falling","floor":45,"gold_loss":0}],"is_beta":false,"boss_relics":[{"not_picked":["Ectoplasm","Tiny House"],"picked":"Pandora\u0027s Box"},{"not_picked":["Velvet Choker","Calling Bell"],"picked":"SlaversCollar"}],"items_purged_floors":[19,36,42,54],"is_endless":false,"potions_floor_spawned":[1,3,11,21,23,27,28,33,41,48,55],"ascension_level":5}}