{"host":"8th1b252t61ilvte","time":1614403300,"event":{"mods":["BaseMod","Better Altar","Better Match","Better Note","Better Sensory Stone","Better Skull","Better Third Choice","Colored Map","Hermit","Minty Spire (QoL Compilation)","Permanent Neow","Relic Stats","StSLib","The IronCluck","The Problem Sleuth","everything is the same but u backflip on backflip"],"gold_per_floor":[368,368,170,67,79,112,183,201,201,233,268,293,293,323,323,323,323],"floor_reached":16,"language":"ENG","playtime":8264,"items_purged":["hermit:Strike_Hermit"],"score":112,"play_id":"c1d71517-6573-44f5-a782-409657b230f1","local_time":"20210227002140","is_ascension_mode":false,"campfire_choices":[{"floor":13,"key":"REST"},{"floor":15,"key":"REST"}],"circlet_count":0,"master_deck":["hermit:Strike_Hermit","hermit:Strike_Hermit","hermit:Strike_Hermit","hermit:Defend_Hermit","hermit:Defend_Hermit","hermit:Defend_Hermit","hermit:Defend_Hermit","hermit:Snapshot","hermit:Covet","hermit:CalledShot","hermit:Roulette","hermit:CalledShot","hermit:Enervate","hermit:DeadOrAlive","hermit:HeroicBravado"],"relics":["hermit:Momento","Pen Nib","Art of War","Smiling Mask","Lee\u0027s Waffle","HornCleat","Lantern","Shovel"],"acts_visited":["Exordium"],"potions_floor_usage":[6],"damage_taken":[{"damage":0,"enemies":"Small Slimes","floor":1,"turns":3},{"damage":0,"enemies":"Cultist","floor":5,"turns":2},{"damage":26,"enemies":"Lagavulin","floor":6,"turns":6},{"damage":0,"enemies":"Jaw Worm","floor":8,"turns":3},{"damage":15,"enemies":"Exordium Thugs","floor":10,"turns":3},{"damage":29,"enemies":"Gremlin Nob","floor":11,"turns":5},{"damage":7,"enemies":"Blue Slaver","floor":12,"turns":4},{"damage":0,"enemies":"Looter","floor":14,"turns":2},{"damage":1,"enemies":"The Guardian","floor":16,"turns":4}],"seed_played":"-2487076884661484465","potions_obtained":[{"floor":1,"key":"hermit:Eclipse"},{"floor":5,"key":"PowerPotion"}],"is_trial":false,"path_per_floor":["M","?","$","$","M","E","?","M","T","M","E","M","R","M","R","B"],"character_chosen":"HERMIT","items_purchased":["Lee\u0027s Waffle","hermit:Roulette","hermit:CalledShot"],"campfire_rested":2,"item_purchase_floors":[3,3,4],"current_hp_per_floor":[54,5,82,82,82,56,56,56,56,41,12,5,29,29,53,52,52],"gold":323,"neow_bonus":"TWO_FIFTY_GOLD","is_daily":false,"chose_seed":false,"campfire_upgraded":0,"win_rate":0.0,"timestamp":1614403300,"path_taken":["M","?","?","$","M","E","?","?","T","M","E","M","R","M","R","BOSS"],"items_purchased_type":["Relic","Card","Card"],"build_version":"2020-12-22","purchased_purges":1,"victory":false,"max_hp_per_floor":[75,75,82,82,82,82,82,82,82,82,82,82,82,82,82,82,82],"relic_stats":{"Lee\u0027s Waffle":77,"Shovel":0,"counters":[9,32],"Pen Nib":[5],"Art of War":[2],"Smiling Mask":25,"obtain_stats":[{"Lee\u0027s Waffle":3,"Lantern":9,"HornCleat":6,"Shovel":11,"Pen Nib":2,"Art of War":2,"Smiling Mask":2,"hermit:Momento":0},{"Lee\u0027s Waffle":1,"Lantern":4,"HornCleat":3,"Shovel":6,"Pen Nib":1,"Art of War":1,"Smiling Mask":1,"hermit:Momento":0},{"Lee\u0027s Waffle":3,"Lantern":14,"HornCleat":11,"Shovel":22,"Pen Nib":3,"Art of War":3,"Smiling Mask":3,"hermit:Momento":0}]},"card_choices":[{"not_picked":["hermit:HighCaliber","hermit:Glare"],"picked":"hermit:CalledShot","floor":1},{"not_picked":["hermit:Snipe","hermit:Vantage","hermit:ShadowCloak"],"picked":"SKIP","floor":5},{"not_picked":["hermit:TrackingShot","hermit:Desperado"],"picked":"hermit:Enervate","floor":6},{"not_picked":["hermit:Feint","hermit:WideOpen"],"picked":"hermit:DeadOrAlive","floor":8},{"not_picked":["hermit:Manifest","hermit:Maintenance","hermit:Ricochet"],"picked":"SKIP","floor":10},{"not_picked":["hermit:Brawl","hermit:LowProfile","hermit:SprayPray"],"picked":"SKIP","floor":11},{"not_picked":["hermit:Feint","hermit:Headshot","hermit:HighCaliber"],"picked":"SKIP","floor":12},{"not_picked":["hermit:Manifest","hermit:Desperado"],"picked":"hermit:HeroicBravado","floor":14}],"player_experience":1171227,"relics_obtained":[{"floor":6,"key":"HornCleat"},{"floor":9,"key":"Lantern"},{"floor":11,"key":"Shovel"}],"event_choices":[{"damage_healed":0,"gold_gain":0,"player_choice":"RE RE RE ","damage_taken":55,"relics_obtained":["Pen Nib","Art of War","Smiling Mask"],"max_hp_gain":0,"max_hp_loss":0,"event_name":"betterSkull:BetterSkull","floor":2,"gold_loss":0,"cards_upgraded":[]},{"damage_healed":0,"gold_gain":71,"player_choice":"Gained Gold","damage_taken":0,"max_hp_gain":0,"max_hp_loss":0,"event_name":"Golden Wing","floor":7,"gold_loss":0}],"is_beta":false,"boss_relics":[],"items_purged_floors":[4],"is_endless":false,"potions_floor_spawned":[1,5],"killed_by":"The Guardian","ascension_level":0}}