{"host":"pi8b3ffzwvxqztac","time":1614438371,"event":{"mods":["BaseMod","Colored Map","Custom Start","Downfall","Minty Spire (QoL Compilation)","StSLib"],"gold_per_floor":[99,113,131,199,214,14,38,63,76,87,103,13,26,54,72,72,72,72],"floor_reached":16,"language":"ENG","playtime":630,"items_purged":[],"score":212,"play_id":"448eff2d-17f2-4d0a-9325-91658092e8f5","local_time":"20210228040611","is_ascension_mode":true,"campfire_choices":[{"floor":1,"key":"RECALL"},{"data":"bronze:Philosophize","floor":6,"key":"SMITH"}],"circlet_count":0,"master_deck":["AscendersBane","bronze:Strike","bronze:Strike","bronze:Strike","bronze:Strike","bronze:Defend","bronze:Defend","bronze:Defend","bronze:Defend","bronze:Replicate","bronze:Goto+1","bronze:Iterate","bronze:Philosophize+1","bronze:ChosenStrike","bronze:InfiniteLoop+1","bronze:Constructor","bronze:Terminator","bronze:DelayedSlice+1","bronze:Optimize","bronze:Shield","bronze:RecursiveStrike+1"],"relics":["bronze:BronzeCore","downfall:HeartBlessingRed","downfall:HeartBlessingBlue","Orichalcum","Molten Egg 2","Bronze Scales"],"acts_visited":["Exordium"],"potions_floor_usage":[14,14],"damage_taken":[{"damage":1,"enemies":"Cultist","floor":2,"turns":3},{"damage":5,"enemies":"Small Slimes","floor":3,"turns":3},{"damage":2,"enemies":"Jaw Worm","floor":5,"turns":4},{"damage":21,"enemies":"Lagavulin","floor":8,"turns":5},{"damage":8,"enemies":"Blue Slaver","floor":9,"turns":3},{"damage":9,"enemies":"Exordium Thugs","floor":10,"turns":4},{"damage":13,"enemies":"downfall:LooterAlt","floor":11,"turns":3},{"damage":0,"enemies":"downfall:FleeingMerchant","floor":12,"turns":4},{"damage":8,"enemies":"Exordium Wildlife","floor":13,"turns":4},{"damage":0,"enemies":"Gremlin Nob","floor":14,"turns":2},{"damage":8,"enemies":"Blue Slaver","floor":15,"turns":2},{"damage":5,"enemies":"SI_SHIV_ARCHETYPE","floor":16,"turns":2}],"seed_played":"-3071759432709042022","potions_obtained":[{"floor":3,"key":"bronze:CleanCodePotion"},{"floor":8,"key":"CultistPotion"},{"floor":9,"key":"ColorlessPotion"},{"floor":10,"key":"Regen Potion"}],"is_trial":false,"path_per_floor":["R","M","M","T","M","R","T","E","M","M","M","$","M","E","M","B"],"character_chosen":"THE_AUTOMATON","items_purchased":["bronze:Optimize"],"campfire_rested":0,"item_purchase_floors":[12],"current_hp_per_floor":[63,62,57,57,55,65,65,44,36,27,14,14,6,11,3,0,0,0],"gold":72,"neow_bonus":"UPGRADE_CARD","is_daily":false,"chose_seed":false,"campfire_upgraded":1,"win_rate":0.0,"timestamp":1614438371,"path_taken":["R","M","M","?","M","R","T","E","M","M","M","?","M","E","M","BOSS"],"items_purchased_type":["Card"],"build_version":"2020-12-22","purchased_purges":0,"victory":false,"max_hp_per_floor":[70,70,70,70,70,80,80,80,80,80,80,80,80,80,80,80,80,80],"card_choices":[{"not_picked":["bronze:CutThrough","bronze:BitShift"],"picked":"bronze:Iterate","floor":2},{"not_picked":["bronze:Boost","bronze:Frontload"],"picked":"bronze:Philosophize","floor":3},{"not_picked":["bronze:Fortify","bronze:Shield"],"picked":"bronze:ChosenStrike","floor":5},{"not_picked":["bronze:WhirlingStrike+1","bronze:Overheat+1"],"picked":"bronze:InfiniteLoop+1","floor":8},{"not_picked":["bronze:Overheat+1","bronze:NullPointer+1"],"picked":"bronze:Constructor","floor":9},{"not_picked":["bronze:ChildClass","bronze:Overheat+1","bronze:Shield"],"picked":"SKIP","floor":10},{"not_picked":["bronze:ChosenStrike+1","bronze:ItsAFeature"],"picked":"bronze:Terminator","floor":11},{"not_picked":["bronze:ClassDefault","bronze:ForLoop"],"picked":"bronze:DelayedSlice+1","floor":12},{"not_picked":["bronze:Separator+1","bronze:Backtrace+1"],"picked":"bronze:Shield","floor":13},{"not_picked":["bronze:ClassDefault","bronze:ChosenStrike+1"],"picked":"bronze:RecursiveStrike+1","floor":14},{"not_picked":["bronze:Turbo","bronze:BitShift","bronze:ChildClass"],"picked":"SKIP","floor":15}],"player_experience":848553,"relics_obtained":[{"floor":7,"key":"Orichalcum"},{"floor":8,"key":"Molten Egg 2"},{"floor":14,"key":"Bronze Scales"}],"event_choices":[],"is_beta":false,"boss_relics":[],"items_purged_floors":[],"is_endless":false,"potions_floor_spawned":[3,8,9,10,11],"killed_by":"SI_SHIV_ARCHETYPE","ascension_level":10}}