{"host":"xf6jh9nhxbgnw2vy","time":1614415691,"event":{"mods":["BaseMod","Colored Map","Colored Powertips","DeckTracker","GungeonMod","Hermit","Highlight Path","Jorbs\u0027s Wanderer Trilogy","Minty Spire (QoL Compilation)","Potionbrewer","Quarter Circle Forward PUNCH!","Replay The Spire","StSLib","The Animator","The Blackbeard","The Forsaken","The Hayseed","The Mystic","The Poker Player","The Servant 0.9.4","TheHeartMod","Waifu the Spire","【功能Mod】混沌之环修复补丁","残留之物"],"gold_per_floor":[112,130,18,18,0,29,29,42,42,59,74,100,100,134,134,234,234,252,263,263,163,78,78,105,105,105,105,137,137,155,170,170,170,170],"floor_reached":33,"language":"ZHS","playtime":1425,"items_purged":["TheSimpletonMod:Strike_TheSimpleton","TheSimpletonMod:Strike_TheSimpleton"],"score":308,"play_id":"80f42c39-5eb9-4917-ae82-4837e16ae85c","local_time":"20210227164811","is_ascension_mode":false,"campfire_choices":[{"data":"TheSimpletonMod:HitTheSack","floor":15,"key":"SMITH"},{"floor":23,"key":"REST"},{"floor":25,"key":"REST"},{"floor":29,"key":"REST"},{"floor":32,"key":"REST"}],"circlet_count":0,"master_deck":["TheSimpletonMod:Strike_TheSimpleton","TheSimpletonMod:Strike_TheSimpleton","TheSimpletonMod:Defend_TheSimpleton+1","TheSimpletonMod:Defend_TheSimpleton","TheSimpletonMod:Defend_TheSimpleton","TheSimpletonMod:Defend_TheSimpleton","TheSimpletonMod:Haymaker","TheSimpletonMod:ReapAndSow+1","TheSimpletonMod:Swelter+1","TheSimpletonMod:Rake","TheSimpletonMod:Potatoes+1","TheSimpletonMod:RootDown","TheSimpletonMod:Aerate","TheSimpletonMod:Pruning","TheSimpletonMod:HitTheSack+1","TheSimpletonMod:Biorefinement","TheSimpletonMod:Germinate+1","TheSimpletonMod:Innovate","theForsaken:PlagueCurse","TheSimpletonMod:CloseScrape+1","TheSimpletonMod:Corn","TheSimpletonMod:Potatoes+1","TheSimpletonMod:OnionBloom+1"],"relics":["TheSimpletonMod:SpudOfTheInnocent","TheSimpletonMod:NightSoil","TheSimpletonMod:TheHarvester","NeowsBlessing","Gremlin Food","Dream Catcher","Pet Ghost","qcfpunch:Not_Strongest_Fighting_Style_Guidebook","theForsaken:PaleLantern","theForsaken:PlagueMask","Blue Doll","TungstenRod","Golden Egg","Bottled Flame"],"acts_visited":["Exordium","TheCity"],"potions_floor_usage":[7,33,33,33],"damage_taken":[{"damage":0,"enemies":"Jaw Worm","floor":1,"turns":1},{"damage":0,"enemies":"2 Louse","floor":2,"turns":1},{"damage":0,"enemies":"Lagavulin","floor":6,"turns":1},{"damage":0,"enemies":"Cultist","floor":8,"turns":4},{"damage":0,"enemies":"Looter","floor":10,"turns":3},{"damage":0,"enemies":"Lots of Slimes","floor":11,"turns":4},{"damage":16,"enemies":"3 Sentries","floor":12,"turns":6},{"damage":33,"enemies":"Lagavulin","floor":14,"turns":6},{"damage":12,"enemies":"Slime Boss","floor":16,"turns":8},{"damage":29,"enemies":"2 Thieves","floor":18,"turns":3},{"damage":10,"enemies":"Chosen","floor":19,"turns":4},{"damage":43,"enemies":"Replay:Snechameleon","floor":28,"turns":7},{"damage":14,"enemies":"Snecko","floor":30,"turns":5},{"damage":24,"enemies":"Snake Plant","floor":31,"turns":6},{"damage":60,"enemies":"Automaton","floor":33,"turns":6}],"seed_played":"2005942969850285315","potions_obtained":[{"floor":1,"key":"potionbrewer:CleansingPotion"},{"floor":7,"key":"SneckoOil"},{"floor":7,"key":"potionbrewer:FreezingPotion"},{"floor":7,"key":"Fruit Juice"},{"floor":8,"key":"ColorlessPotion"}],"is_trial":false,"path_per_floor":["M","M","$","?","?","E","?","M","T","M","M","E","?","E","R","B",null,"M","M","?","$","?","R","?","R","T","?","E","R","M","M","R","B"],"character_chosen":"THE_SIMPLETON","items_purchased":["TheSimpletonMod:Potatoes+1"],"campfire_rested":4,"item_purchase_floors":[3],"current_hp_per_floor":[75,75,75,75,75,75,80,80,80,80,80,64,80,47,47,39,80,51,41,41,41,41,65,45,69,69,69,30,54,44,24,48,0,0],"gold":170,"neow_bonus":"THREE_ENEMY_KILL","is_daily":false,"chose_seed":false,"campfire_upgraded":1,"win_rate":0.0,"timestamp":1614415691,"path_taken":["M","M","$","?","?","E","?","?","T","M","M","E","?","E","R","BOSS","M","?","?","$","?","R","?","R","T","?","E","R","M","M","R","BOSS"],"items_purchased_type":["Card"],"build_version":"2020-12-22","purchased_purges":2,"victory":false,"max_hp_per_floor":[75,75,75,75,75,75,80,80,80,80,80,80,80,80,80,80,80,80,80,80,80,80,80,80,80,80,80,80,80,80,80,80,78,78],"card_choices":[{"not_picked":["TheSimpletonMod:SaladShooter","TheSimpletonMod:DoubleBarrel"],"picked":"TheSimpletonMod:Swelter","floor":1},{"not_picked":["TheSimpletonMod:Aerate","TheSimpletonMod:Swelter"],"picked":"TheSimpletonMod:Rake","floor":2},{"not_picked":["TheSimpletonMod:Sunseed","TheSimpletonMod:StockTheCellar","TheSimpletonMod:GoToMarket"],"picked":"SKIP","floor":6},{"not_picked":["TheSimpletonMod:CullingStrike","TheSimpletonMod:Pruning"],"picked":"TheSimpletonMod:RootDown","floor":8},{"not_picked":["TheSimpletonMod:DigIn","TheSimpletonMod:BirdFeeder"],"picked":"TheSimpletonMod:Aerate","floor":10},{"not_picked":["TheSimpletonMod:Ferment","TheSimpletonMod:Fertilaser"],"picked":"TheSimpletonMod:Pruning","floor":11},{"not_picked":["TheSimpletonMod:Potatoes","TheSimpletonMod:Aerate"],"picked":"TheSimpletonMod:CropRotation","floor":12},{"not_picked":["TheSimpletonMod:StockTheCellar","TheSimpletonMod:VineRipen"],"picked":"TheSimpletonMod:HitTheSack","floor":14},{"not_picked":["TheSimpletonMod:BirdFeeder","TheSimpletonMod:TakeHeart"],"picked":"TheSimpletonMod:Biorefinement","floor":16},{"not_picked":["TheSimpletonMod:Rototilling","TheSimpletonMod:Rake"],"picked":"TheSimpletonMod:Germinate","floor":18},{"not_picked":["TheSimpletonMod:Fertilaser+1","TheSimpletonMod:SpiceUp"],"picked":"TheSimpletonMod:Innovate","floor":19},{"not_picked":["TheSimpletonMod:SeedCoat","TheSimpletonMod:Mulch"],"picked":"TheSimpletonMod:CloseScrape+1","floor":24},{"not_picked":["TheSimpletonMod:KeenEdge","TheSimpletonMod:Thresh"],"picked":"TheSimpletonMod:Corn","floor":25},{"not_picked":["TheSimpletonMod:PestManagement","TheSimpletonMod:CullingStrike","TheSimpletonMod:CropRotation"],"picked":"SKIP","floor":28},{"not_picked":["TheSimpletonMod:RootDown+1","TheSimpletonMod:CropRotation"],"picked":"TheSimpletonMod:OnionBloom+1","floor":29},{"not_picked":["TheSimpletonMod:SaladShooter","TheSimpletonMod:BumperCrop","TheSimpletonMod:Pruning"],"picked":"SKIP","floor":30},{"not_picked":["TheSimpletonMod:Sunchoke","TheSimpletonMod:Innovate","TheSimpletonMod:Potatoes"],"picked":"SKIP","floor":31}],"player_experience":144751,"relics_obtained":[{"floor":6,"key":"Gremlin Food"},{"floor":9,"key":"Dream Catcher"},{"floor":12,"key":"Pet Ghost"},{"floor":14,"key":"qcfpunch:Not_Strongest_Fighting_Style_Guidebook"},{"floor":24,"key":"TungstenRod"},{"floor":26,"key":"Golden Egg"},{"floor":28,"key":"Bottled Flame"}],"event_choices":[{"damage_healed":0,"gold_gain":0,"player_choice":"Ignored","damage_taken":0,"max_hp_gain":0,"max_hp_loss":0,"event_name":"Liars Game","floor":4,"gold_loss":0},{"damage_healed":0,"gold_gain":0,"player_choice":"Left Gold","damage_taken":0,"max_hp_gain":0,"max_hp_loss":0,"event_name":"World of Goop","floor":5,"gold_loss":18},{"damage_healed":0,"gold_gain":0,"player_choice":"Got Potions","damage_taken":0,"max_hp_gain":0,"max_hp_loss":0,"event_name":"Lab","floor":7,"gold_loss":0},{"cards_removed":["TheSimpletonMod:CropRotation"],"damage_healed":16,"gold_gain":0,"player_choice":"Offered Uncommon","damage_taken":0,"max_hp_gain":0,"max_hp_loss":0,"event_name":"Bonfire Elementals","floor":13,"gold_loss":0},{"damage_healed":0,"gold_gain":0,"player_choice":"Obtain Plague Curse","damage_taken":0,"max_hp_gain":0,"max_hp_loss":0,"event_name":"Plague Doctor","floor":20,"gold_loss":0,"cards_obtained":["theForsaken:PlagueCurse"]},{"damage_healed":0,"gold_gain":0,"player_choice":"Obtained Relic","damage_taken":0,"relics_obtained":["Blue Doll"],"max_hp_gain":0,"max_hp_loss":0,"event_name":"Addict","floor":22,"gold_loss":85},{"damage_healed":0,"gold_gain":0,"player_choice":"Copied","damage_taken":0,"max_hp_gain":0,"max_hp_loss":0,"event_name":"Duplicator","floor":27,"gold_loss":0,"cards_obtained":["TheSimpletonMod:Potatoes"]}],"is_beta":false,"boss_relics":[{"not_picked":["Kintsugi","Coffee Dripper"],"picked":"theForsaken:PaleLantern"}],"items_purged_floors":[3,21],"is_endless":false,"potions_floor_spawned":[1,8,10,11,16,18,28,30],"killed_by":"Automaton","ascension_level":0}}