{"host":"9oysz4knkucnjyyz","time":1614418643,"event":{"mods":["100% Spire Juice","2.2 Compatiblity","A Penny For Your Troubles","Act Like it!","BaseMod","Better Altar","Better Match","Better Note","Better Sensory Stone","Better Skull","Better Third Choice","BetterRewards","Displayed Cursed Tome","Downfall","Friendly Minions","Googly Eyes","GungeonMod","Hallownest","Hermit","Library of Ruina","Library of Ruina Extra","Lobotomy","LobotomyExtend","Minty Spire (QoL Compilation)","Reliquary","Spicy Shops","Spire Arcade","Spire Birthday Party","StSLib","The Bug Knight","Wide Potions","everything is the same but u backflip on backflip","slay the spire mod where everything is the same but ironclad has a cowboy hat"],"gold_per_floor":[113,127,139,139,24,24,57,57,83,83,83,100,168,182,182,284,284,302,60,72,85,85,85,116,116,116,116,134,148,212,227,240,240,240,240],"floor_reached":34,"language":"ENG","playtime":1435,"items_purged":[],"score":327,"play_id":"7164ceeb-e9c5-4ea1-a802-c5a770fce1fd","local_time":"20210227043723","is_ascension_mode":true,"campfire_choices":[{"data":"DemoMod:CombinedRifle","floor":6,"key":"SMITH"},{"data":"DemoMod:ManualReload","floor":8,"key":"SMITH"},{"data":"DemoMod:LifeOrb","floor":15,"key":"SMITH"},{"data":"DemoMod:ThirdPartyController","floor":23,"key":"SMITH"},{"data":"DemoMod:CrossBow","floor":25,"key":"SMITH"},{"data":"DemoMod:TeaPot","floor":27,"key":"SMITH"},{"floor":33,"key":"REST"}],"circlet_count":0,"master_deck":["DemoMod:Strike_Huntress","DemoMod:Strike_Huntress","DemoMod:Strike_Huntress","DemoMod:Defend_Huntress+1","DemoMod:Defend_Huntress","DemoMod:Defend_Huntress","DemoMod:Defend_Huntress+1","DemoMod:Roll+1","DemoMod:ManualReload+1","DemoMod:RustySidearm+1","DemoMod:CrossBow+1","DemoMod:CombinedRifle+1","DemoMod:TeaPot+1","DemoMod:BattleInHaste+1","DemoMod:LifeOrb+1","DemoMod:ThirdPartyController+1","DemoMod:DoubleSwitch","DemoMod:JK47","DemoMod:LifeOrb+1","DemoMod:Camera","DemoMod:Camera+1","DemoMod:AWP"],"relics":["DemoMod:Dog","Lantern","LetterFromLob","Toy Ornithopter","reliquary:WeakTea","reliquary:Buckler","Vajra","reliquary:ExpiredCoupon","SlaversCollar","PageOfPinocchio","The Courier"],"acts_visited":["Exordium","TheCity","TheCity"],"potions_floor_usage":[16,16,24,30,34,34],"damage_taken":[{"damage":5,"enemies":"Cultist","floor":1,"turns":4},{"damage":0,"enemies":"2 Louse","floor":2,"turns":2},{"damage":0,"enemies":"Jaw Worm","floor":3,"turns":3},{"damage":1,"enemies":"Gremlin Nob","floor":7,"turns":3},{"damage":0,"enemies":"Lots of Slimes","floor":12,"turns":3},{"damage":0,"enemies":"3 Sentries","floor":13,"turns":6},{"damage":0,"enemies":"Large Slime","floor":14,"turns":2},{"damage":29,"enemies":"Hexaghost","floor":16,"turns":9},{"damage":0,"enemies":"Spheric Guardian","floor":18,"turns":2},{"damage":0,"enemies":"3 Byrds","floor":20,"turns":4},{"damage":19,"enemies":"Snecko","floor":21,"turns":4},{"damage":6,"enemies":"Gremlin Leader","floor":24,"turns":3},{"damage":20,"enemies":"DemoMod:Red_and_blue_shotgun_kin","floor":28,"turns":2},{"damage":0,"enemies":"DemoMod:4_Bullet_Kins","floor":29,"turns":3},{"damage":0,"enemies":"DemoMod:Veteran_shot_gun_kin_and_blue_shotgun_kin_with_gunsinger","floor":30,"turns":1},{"damage":0,"enemies":"DemoMod:2_Mousers","floor":31,"turns":2},{"damage":7,"enemies":"DemoMod:Veteran_shot_gun_kin_and_red_shotgun_kin_with_gunsinger","floor":32,"turns":2},{"damage":93,"enemies":"DemoMod:ResourcefulRat","floor":34,"turns":7}],"seed_played":"-6228827568625030690","potions_obtained":[{"floor":3,"key":"SpeedPotion"},{"floor":7,"key":"SteroidPotion"},{"floor":12,"key":"ColorlessPotion"},{"floor":18,"key":"EssenceOfSteel"},{"floor":24,"key":"SpeedPotion"},{"floor":28,"key":"SmokeBomb"},{"floor":32,"key":"Strength Potion"}],"is_trial":false,"path_per_floor":["M","M","M","T","$","R","E","R","T","?","?","M","E","M","R","B",null,"M","$","M","M","$","R","E","R","T","R","M","M","M","M","M","R","B"],"character_chosen":"HUNTRESS","items_purchased":["DemoMod:GnawedKey","PageOfPinocchio"],"campfire_rested":1,"item_purchase_floors":[5,19],"current_hp_per_floor":[65,65,65,65,65,65,64,64,64,50,50,50,50,50,50,31,70,70,70,70,51,51,51,55,55,70,70,50,50,60,60,53,70,0,0],"gold":240,"neow_bonus":"RANDOM_COMMON_RELIC","is_daily":false,"chose_seed":false,"campfire_upgraded":6,"win_rate":0.0,"timestamp":1614418643,"path_taken":["M","M","M","?","$","R","E","R","T","?","?","M","E","?","R","BOSS","M","$","M","M","?","R","E","R","T","R","M","M","M","M","M","R","BOSS"],"items_purchased_type":["Relic","Relic"],"build_version":"2020-12-22","purchased_purges":0,"victory":false,"max_hp_per_floor":[70,70,70,70,70,70,70,70,70,70,70,70,70,70,70,70,70,70,70,70,70,70,70,70,70,70,70,70,70,70,70,70,70,70,70],"card_choices":[{"not_picked":["DemoMod:Unmoved","DemoMod:Polaris"],"picked":"DemoMod:CombinedRifle","floor":1},{"not_picked":["DemoMod:PotionOfGunFriendShip","DemoMod:Rummage"],"picked":"DemoMod:TeaPot","floor":2},{"not_picked":["DemoMod:ConditionalReflex","DemoMod:AC15","DemoMod:DirectionalPad"],"picked":"SKIP","floor":2},{"not_picked":["DemoMod:FastSwitch","DemoMod:BlackHoleGun","DemoMod:ConditionalReflex"],"picked":"SKIP","floor":3},{"not_picked":["DemoMod:Unmoved","DemoMod:FightSabre"],"picked":"DemoMod:BattleInHaste","floor":7},{"not_picked":["DemoMod:ConditionalReflex","DemoMod:TeaPot","DemoMod:GunShield"],"picked":"SKIP","floor":12},{"not_picked":["DemoMod:HuntsMan","DemoMod:BoxingGlove","DemoMod:SAA"],"picked":"SKIP","floor":13},{"not_picked":["DemoMod:AC15","DemoMod:TeaPot"],"picked":"DemoMod:LifeOrb","floor":14},{"not_picked":["DemoMod:DarkMarker","DemoMod:Desperate"],"picked":"DemoMod:ThirdPartyController","floor":16},{"not_picked":["DemoMod:StickyCrossBow","DemoMod:MegaHand"],"picked":"DemoMod:DoubleSwitch","floor":18},{"not_picked":["DemoMod:HardPowerCard","DemoMod:DirectionalPad","DemoMod:EasyReloadBullets"],"picked":"SKIP","floor":20},{"not_picked":["DemoMod:LifeOrb","DemoMod:Polaris+1"],"picked":"DemoMod:JK47","floor":21},{"not_picked":["DemoMod:Unity","DemoMod:HighKaliber"],"picked":"DemoMod:LifeOrb+1","floor":24},{"not_picked":["DemoMod:BalloonGun","DemoMod:JK47"],"picked":"DemoMod:Camera","floor":28},{"not_picked":["DemoMod:StickyCrossBow","DemoMod:HuntsMan"],"picked":"DemoMod:Camera+1","floor":29},{"not_picked":["DemoMod:TeaPot","DemoMod:FeignSurrender+1"],"picked":"DemoMod:AWP","floor":30},{"not_picked":["DemoMod:Unmoved+1","DemoMod:HardPowerCard+1","DemoMod:SkilledReload+1"],"picked":"SKIP","floor":31},{"not_picked":["DemoMod:DirectionalPad","DemoMod:JK47","DemoMod:RadGun"],"picked":"SKIP","floor":32}],"player_experience":405761,"relics_obtained":[{"floor":1,"key":"LetterFromLob"},{"floor":4,"key":"Toy Ornithopter"},{"floor":7,"key":"reliquary:WeakTea"},{"floor":7,"key":"reliquary:Buckler"},{"floor":9,"key":"Vajra"},{"floor":13,"key":"reliquary:ExpiredCoupon"},{"floor":24,"key":"The Courier"}],"event_choices":[{"damage_healed":64,"gold_gain":0,"player_choice":"Upgrade","damage_taken":14,"max_hp_gain":0,"max_hp_loss":70,"event_name":"betterThird:BetterShining","floor":10,"gold_loss":0,"cards_upgraded":["DemoMod:Defend_Huntress","DemoMod:Defend_Huntress"]},{"damage_healed":0,"gold_gain":0,"player_choice":"Upgraded","damage_taken":0,"max_hp_gain":0,"max_hp_loss":0,"event_name":"Upgrade Shrine","floor":11,"gold_loss":0,"cards_upgraded":["DemoMod:RustySidearm"]}],"is_beta":false,"boss_relics":[{"not_picked":["Runic Pyramid","Runic Dome"],"picked":"SlaversCollar"}],"items_purged_floors":[],"is_endless":false,"potions_floor_spawned":[3,7,12,14,14,18,24,28,29,32],"killed_by":"DemoMod:ResourcefulRat","ascension_level":1}}