{"host":"bf5upntvbdompq33","time":1614445107,"event":{"mods":["BaseMod","Bestiary","Colored Map","Colored Powertips","Curses Come First","Highlight Path","Minty Spire (QoL Compilation)","StSLib","ojb\u0027s Info Mod"],"gold_per_floor":[118,133,150,30,30,63,80,80,80,80,98,118,135,162,162,162,162],"floor_reached":16,"language":"ENG","playtime":1309,"items_purged":["Decay"],"score":182,"play_id":"88086fdc-58f8-4448-9739-fc3967a475a7","local_time":"20210227095827","is_ascension_mode":true,"campfire_choices":[{"floor":10,"key":"REST"},{"floor":15,"key":"REST"}],"circlet_count":0,"master_deck":["AscendersBane","Strike_G","Strike_G","Strike_G","Strike_G","Defend_G","Defend_G","Defend_G","Defend_G","Defend_G","Survivor","Neutralize","Quick Slash","Dagger Throw","Dagger Throw","Quick Slash","Poisoned Stab","Sucker Punch","Acrobatics","Calculated Gamble","Unload","Poisoned Stab"],"relics":["Ring of the Snake","WingedGreaves","Centennial Puzzle","Happy Flower","Letter Opener"],"acts_visited":["Exordium"],"potions_floor_usage":[14,14],"damage_taken":[{"damage":4,"enemies":"2 Louse","floor":1,"turns":4},{"damage":9,"enemies":"Cultist","floor":2,"turns":4},{"damage":9,"enemies":"Jaw Worm","floor":3,"turns":4},{"damage":47,"enemies":"3 Sentries","floor":6,"turns":12},{"damage":2,"enemies":"Exordium Thugs","floor":7,"turns":5},{"damage":0,"enemies":"Large Slime","floor":11,"turns":4},{"damage":2,"enemies":"Blue Slaver","floor":12,"turns":4},{"damage":6,"enemies":"3 Louse","floor":13,"turns":2},{"damage":13,"enemies":"Gremlin Nob","floor":14,"turns":3},{"damage":51,"enemies":"Hexaghost","floor":16,"turns":9}],"seed_played":"-8189032878982756270","potions_obtained":[{"floor":1,"key":"Regen Potion"},{"floor":7,"key":"DuplicationPotion"},{"floor":14,"key":"SpeedPotion"}],"is_trial":false,"path_per_floor":["M","M","M","$","?","E","M","?","T","R","M","M","M","E","R","B"],"character_chosen":"THE_SILENT","items_purchased":["Dagger Throw"],"campfire_rested":2,"item_purchase_floors":[4],"current_hp_per_floor":[59,50,41,41,70,23,21,21,21,42,42,40,34,26,47,0,0],"gold":162,"neow_bonus":"ONE_RARE_RELIC","is_daily":false,"chose_seed":false,"campfire_upgraded":0,"win_rate":0.0,"timestamp":1614445107,"path_taken":["M","M","M","$","?","E","?","?","T","R","M","M","M","E","R","BOSS"],"items_purchased_type":["Card"],"build_version":"2020-12-22","purchased_purges":1,"victory":false,"max_hp_per_floor":[70,70,70,70,70,70,70,70,70,70,70,70,70,70,70,70,70],"card_choices":[{"not_picked":["Prepared","Dagger Spray"],"picked":"Quick Slash","floor":1},{"not_picked":["Quick Slash","Underhanded Strike"],"picked":"Dagger Throw","floor":2},{"not_picked":["Cloak And Dagger","Bane"],"picked":"Backstab","floor":3},{"not_picked":["Blur","Distraction"],"picked":"Quick Slash","floor":6},{"not_picked":["PiercingWail","Blade Dance"],"picked":"Poisoned Stab","floor":7},{"not_picked":["Well Laid Plans","Flying Knee"],"picked":"Acrobatics","floor":11},{"not_picked":["Crippling Poison","Blade Dance"],"picked":"Calculated Gamble","floor":12},{"not_picked":["Outmaneuver","PiercingWail"],"picked":"Unload","floor":13},{"not_picked":["Concentrate","Acrobatics"],"picked":"Poisoned Stab","floor":14}],"player_experience":1773661,"relics_obtained":[{"floor":6,"key":"Centennial Puzzle"},{"floor":9,"key":"Happy Flower"},{"floor":14,"key":"Letter Opener"}],"event_choices":[{"cards_removed":["Backstab"],"damage_healed":29,"gold_gain":0,"player_choice":"Offered Uncommon","damage_taken":0,"max_hp_gain":0,"max_hp_loss":0,"event_name":"Bonfire Elementals","floor":5,"gold_loss":0},{"damage_healed":0,"gold_gain":0,"cards_transformed":["Strike_G"],"player_choice":"Change","damage_taken":0,"max_hp_gain":0,"max_hp_loss":0,"event_name":"Living Wall","floor":8,"gold_loss":0,"cards_obtained":["Sucker Punch"]}],"is_beta":false,"boss_relics":[],"items_purged_floors":[4],"is_endless":false,"potions_floor_spawned":[1,7,11,14],"killed_by":"Hexaghost","ascension_level":12}}