{"host":"8th1b252t61ilvte","time":1614389288,"event":{"mods":["BaseMod","Better Altar","Better Match","Better Note","Better Sensory Stone","Better Skull","Better Third Choice","Colored Map","Hermit","Minty Spire (QoL Compilation)","Permanent Neow","Relic Stats","StSLib","The IronCluck","The Problem Sleuth","everything is the same but u backflip on backflip"],"gold_per_floor":[115,125,125,137,137,137,62,79,79,79,89,89,14,26,26,127,127,142,142,142,159,159,159,169,189,240,240,254,272,272,272],"floor_reached":30,"language":"ENG","playtime":1315,"items_purged":["hermit:Strike_Hermit"],"score":224,"play_id":"c94bcf3c-9bc3-4d4a-9b33-479cfadecc02","local_time":"20210226202808","is_ascension_mode":false,"campfire_choices":[{"data":"hermit:NoHoldsBarred","floor":6,"key":"SMITH"},{"data":"hermit:Snapshot","floor":10,"key":"SMITH"},{"data":"hermit:PistolWhip","floor":12,"key":"SMITH"},{"data":"hermit:Enervate","floor":15,"key":"SMITH"},{"data":"hermit:Dive","floor":27,"key":"SMITH"}],"circlet_count":0,"master_deck":["hermit:Strike_Hermit","hermit:Strike_Hermit","hermit:Strike_Hermit","hermit:Defend_Hermit","hermit:Defend_Hermit","hermit:Defend_Hermit","hermit:Defend_Hermit","hermit:Snapshot+1","hermit:Covet","hermit:NoHoldsBarred+1","hermit:PistolWhip+1","hermit:Enervate+1","hermit:Horror+1","hermit:BlackWind","hermit:Horror","hermit:ItchyTrigger+1","J.A.X.","hermit:Dive+1","hermit:LowProfile"],"relics":["hermit:ClaspedLocket","PreservedInsect","Nloth\u0027s Gift","Mummified Hand","Smiling Mask"],"acts_visited":["Exordium","TheCity"],"potions_floor_usage":[16,18,28,30],"damage_taken":[{"damage":0,"enemies":"Cultist","floor":1,"turns":3},{"damage":6,"enemies":"Jaw Worm","floor":2,"turns":3},{"damage":0,"enemies":"2 Louse","floor":4,"turns":2},{"damage":0,"enemies":"Exordium Thugs","floor":8,"turns":2},{"damage":0,"enemies":"3 Louse","floor":11,"turns":3},{"damage":3,"enemies":"Red Slaver","floor":14,"turns":2},{"damage":33,"enemies":"The Guardian","floor":16,"turns":8},{"damage":5,"enemies":"Chosen","floor":18,"turns":4},{"damage":18,"enemies":"3 Byrds","floor":21,"turns":4},{"damage":33,"enemies":"Centurion and Healer","floor":24,"turns":4},{"damage":0,"enemies":"Snake Plant","floor":25,"turns":2},{"damage":22,"enemies":"3 Cultists","floor":28,"turns":4},{"damage":0,"enemies":"Centurion and Healer","floor":29,"turns":2},{"damage":17,"enemies":"Slavers","floor":30,"turns":1}],"seed_played":"-6381552687360885172","potions_obtained":[{"floor":2,"key":"Fire Potion"},{"floor":4,"key":"Strength Potion"},{"floor":8,"key":"GamblersBrew"},{"floor":24,"key":"hermit:Tonic"},{"floor":28,"key":"Weak Potion"}],"is_trial":false,"path_per_floor":["M","M","T","M","$","R","$","M","T","R","M","R","?","M","R","B",null,"M","?","?","M","?","T","M","M","T","R","M","M","E"],"character_chosen":"HERMIT","items_purchased":[],"campfire_rested":0,"item_purchase_floors":[],"current_hp_per_floor":[68,62,62,62,62,62,62,62,62,62,62,62,62,59,59,26,89,84,84,84,66,66,66,33,33,33,33,11,11,0,0],"gold":272,"neow_bonus":"TWENTY_PERCENT_HP_BONUS","is_daily":false,"chose_seed":false,"campfire_upgraded":5,"win_rate":0.0,"timestamp":1614389288,"path_taken":["M","M","?","M","$","R","$","M","T","R","M","R","?","M","R","BOSS","M","?","?","?","?","?","M","M","T","R","M","M","E"],"items_purchased_type":[],"build_version":"2020-12-22","purchased_purges":1,"victory":false,"max_hp_per_floor":[89,89,89,89,89,89,89,89,89,89,89,89,89,89,89,89,89,89,89,89,89,89,89,89,89,89,89,89,89,89,89],"relic_stats":{"counters":[14,44],"Mummified Hand":[0],"PreservedInsect":39,"Nloth\u0027s Gift":0,"Smiling Mask":0,"obtain_stats":[{"hermit:ClaspedLocket":17,"Ornamental Fan":3,"Mummified Hand":23,"PreservedInsect":9,"Nloth\u0027s Gift":20,"Smiling Mask":26,"hermit:Momento":0},{"hermit:ClaspedLocket":7,"Ornamental Fan":2,"Mummified Hand":9,"PreservedInsect":4,"Nloth\u0027s Gift":8,"Smiling Mask":11,"hermit:Momento":0},{"hermit:ClaspedLocket":23,"Ornamental Fan":6,"Mummified Hand":31,"PreservedInsect":10,"Nloth\u0027s Gift":27,"Smiling Mask":37,"hermit:Momento":0}]},"card_choices":[{"not_picked":["hermit:Manifest","hermit:CalledShot"],"picked":"hermit:NoHoldsBarred","floor":1},{"not_picked":["hermit:Showdown","hermit:Feint"],"picked":"hermit:PistolWhip","floor":2},{"not_picked":["hermit:Coalescence","hermit:Quickdraw"],"picked":"hermit:Enervate","floor":4},{"not_picked":["hermit:Reprieve","hermit:Shortfuse","hermit:Scavenge"],"picked":"SKIP","floor":8},{"not_picked":["hermit:HoleUp","hermit:TrackingShot","hermit:TakeAim"],"picked":"SKIP","floor":11},{"not_picked":["hermit:Determination+1","hermit:Virtue+1"],"picked":"hermit:Horror+1","floor":13},{"not_picked":["hermit:LowProfile","hermit:Feint","hermit:SprayPray"],"picked":"SKIP","floor":14},{"not_picked":["hermit:FinalCanter","hermit:Purgatory"],"picked":"hermit:BlackWind","floor":16},{"not_picked":["hermit:Dive","hermit:Misfire"],"picked":"hermit:Horror","floor":18},{"not_picked":["hermit:Feint","hermit:BodyArmor"],"picked":"hermit:ItchyTrigger+1","floor":21},{"not_picked":["hermit:Misfire","hermit:RoundhouseKick","hermit:TrackingShot"],"picked":"SKIP","floor":24},{"not_picked":["hermit:Deadeye","hermit:Malice"],"picked":"hermit:Dive","floor":25},{"not_picked":["hermit:FullyLoaded","hermit:Midnight+1","hermit:Headshot"],"picked":"SKIP","floor":28},{"not_picked":["hermit:TrackingShot","hermit:Manifest+1"],"picked":"hermit:LowProfile","floor":29}],"player_experience":1164561,"relics_obtained":[{"floor":3,"key":"Ornamental Fan"},{"floor":9,"key":"PreservedInsect"},{"floor":23,"key":"Mummified Hand"},{"floor":26,"key":"Smiling Mask"}],"event_choices":[{"damage_healed":0,"gold_gain":0,"player_choice":"2","damage_taken":0,"max_hp_gain":0,"max_hp_loss":0,"event_name":"betterMatch:BetterMatch","floor":13,"gold_loss":0,"cards_obtained":["betterMatch:UncommonCard"]},{"damage_healed":0,"gold_gain":0,"player_choice":"Ignored","damage_taken":0,"max_hp_gain":0,"max_hp_loss":0,"event_name":"betterNote:BetterNote","floor":19,"gold_loss":0,"cards_obtained":["hermit:Maintenance"]},{"damage_healed":0,"gold_gain":0,"player_choice":"Traded Relic","damage_taken":0,"relics_obtained":["Nloth\u0027s Gift"],"max_hp_gain":0,"max_hp_loss":0,"event_name":"N\u0027loth","floor":20,"relics_lost":["Ornamental Fan"],"gold_loss":0},{"damage_healed":0,"gold_gain":0,"player_choice":"Obtain J.A.X.","damage_taken":0,"max_hp_gain":0,"max_hp_loss":0,"event_name":"Drug Dealer","floor":22,"gold_loss":0,"cards_obtained":["J.A.X."]}],"is_beta":false,"boss_relics":[{"not_picked":["Runic Pyramid","SlaversCollar"],"picked":"hermit:ClaspedLocket"}],"items_purged_floors":[7],"is_endless":false,"potions_floor_spawned":[2,4,8,24,28],"killed_by":"Slavers","ascension_level":0}}