{"host":"d2gh6suihlstufn7","time":1614414428,"event":{"mods":["AchievementEnabler","BaseMod","Colored Map","Colored Powertips","Minty Spire (QoL Compilation)","Permanent Neow","Quick Restart","Shop Mod","StSLib","SuperFastMode","everything is the same but u backflip on backflip"],"gold_per_floor":[119,119,131,147,147,147,147,147,147,72,72,92,92,105,105,209,209,226,251,251,63,63,63,50,68,114,131,46,46,56,67,67,167,167,181,181,403,403,416,416,416,416,416,445,445,461,461,473,473,473],"floor_reached":51,"language":"KOR","playtime":979,"items_purged":["Searing Blow"],"score":715,"play_id":"f70442a3-c93a-4df6-b52e-31d02a3a8757","local_time":"20210227172708","is_ascension_mode":false,"campfire_choices":[{"data":"Searing Blow","floor":6,"key":"SMITH"},{"data":"Searing Blow+1","floor":7,"key":"SMITH"},{"data":"Searing Blow+2","floor":8,"key":"SMITH"},{"data":"Searing Blow+3","floor":11,"key":"SMITH"},{"data":"Searing Blow+4","floor":13,"key":"SMITH"},{"data":"Searing Blow+5","floor":15,"key":"SMITH"},{"data":"Searing Blow+6","floor":23,"key":"SMITH"},{"data":"Searing Blow+7","floor":29,"key":"SMITH"},{"data":"Searing Blow+8","floor":32,"key":"SMITH"},{"data":"Apotheosis","floor":40,"key":"SMITH"},{"data":"Searing Blow+9","floor":42,"key":"SMITH"},{"data":"Searing Blow+10","floor":45,"key":"SMITH"},{"data":"Searing Blow+11","floor":47,"key":"SMITH"},{"data":"Searing Blow+12","floor":49,"key":"SMITH"}],"circlet_count":0,"master_deck":["Strike_R","Strike_R","Strike_R","Strike_R","Defend_R","Defend_R","Defend_R","Bash","Searing Blow+13","Bloodletting","Rupture","Reaper","Armaments","Headbutt","Apotheosis+1","Ghostly","Ghostly","Ghostly","Ghostly","Ghostly","Double Tap","Dual Wield","Madness","Madness"],"relics":["Burning Blood","WingedGreaves","Incense Burner","Shuriken","Empty Cage","Red Mask","Akabeko","Darkstone Periapt","Philosopher\u0027s Stone","Calipers","Bag of Preparation"],"acts_visited":["Exordium","TheCity","TheBeyond"],"potions_floor_usage":[4,16,35,44,44,50,50,50],"damage_taken":[{"damage":8,"enemies":"Jaw Worm","floor":1,"turns":3},{"damage":15,"enemies":"Cultist","floor":3,"turns":4},{"damage":7,"enemies":"2 Louse","floor":4,"turns":2},{"damage":8,"enemies":"Looter","floor":12,"turns":2},{"damage":11,"enemies":"Large Slime","floor":14,"turns":2},{"damage":16,"enemies":"Hexaghost","floor":16,"turns":7},{"damage":2,"enemies":"Chosen","floor":18,"turns":4},{"damage":15,"enemies":"Masked Bandits","floor":19,"turns":7},{"damage":5,"enemies":"2 Thieves","floor":24,"turns":4},{"damage":13,"enemies":"Centurion and Healer","floor":25,"turns":4},{"damage":7,"enemies":"Snake Plant","floor":27,"turns":4},{"damage":5,"enemies":"Shelled Parasite and Fungi","floor":30,"turns":3},{"damage":2,"enemies":"Centurion and Healer","floor":31,"turns":5},{"damage":17,"enemies":"Collector","floor":33,"turns":4},{"damage":14,"enemies":"3 Darklings","floor":35,"turns":10},{"damage":14,"enemies":"Orb Walker","floor":39,"turns":4},{"damage":10,"enemies":"Nemesis","floor":44,"turns":3},{"damage":1,"enemies":"Sphere and 2 Shapes","floor":46,"turns":3},{"damage":22,"enemies":"3 Darklings","floor":48,"turns":8},{"damage":15,"enemies":"Awakened One","floor":50,"turns":8}],"seed_played":"7313154406610500125","potions_obtained":[{"floor":4,"key":"EntropicBrew"},{"floor":25,"key":"SkillPotion"},{"floor":35,"key":"Weak Potion"},{"floor":46,"key":"CultistPotion"},{"floor":48,"key":"BloodPotion"}],"is_trial":false,"path_per_floor":["M","?","M","M","T","R","R","R","T","$","R","M","R","M","R","B",null,"M","?","?","$","?","R","M","M","T","M","?","R","M","M","R","B",null,"M","?","?","?","M","R","?","R","T","E","R","M","R","M","R","B",null],"character_chosen":"IRONCLAD","items_purchased":["Apotheosis"],"campfire_rested":0,"item_purchase_floors":[21],"current_hp_per_floor":[54,54,45,44,44,44,44,44,44,44,44,42,42,37,37,27,80,80,77,77,77,40,40,40,37,37,36,36,36,37,40,40,29,40,33,28,28,28,20,20,35,35,35,31,31,35,35,26,26,27],"gold":473,"neow_bonus":"ONE_RARE_RELIC","is_daily":false,"chose_seed":false,"campfire_upgraded":14,"win_rate":0.0,"timestamp":1614414428,"path_taken":["M","?","?","M","?","R","R","R","T","$","R","M","R","M","R","BOSS","M","?","?","$","?","R","M","M","T","M","?","R","M","M","R","BOSS","M","?","?","?","M","R","?","R","T","E","R","?","R","M","R","BOSS"],"items_purchased_type":["Card"],"build_version":"2020-12-22","purchased_purges":1,"victory":true,"max_hp_per_floor":[80,80,80,80,80,80,80,80,80,80,80,80,80,80,80,80,80,80,80,80,80,40,40,40,40,40,40,40,40,40,40,40,40,40,40,40,40,40,40,40,35,35,35,35,35,35,35,35,35,35],"card_choices":[{"not_picked":["Warcry","Shrug It Off"],"picked":"Searing Blow","floor":1},{"not_picked":["Perfected Strike","Anger"],"picked":"Searing Blow","floor":3},{"not_picked":["Shrug It Off","Seeing Red"],"picked":"Bloodletting","floor":4},{"not_picked":["Havoc","Clash"],"picked":"Rupture","floor":12},{"not_picked":["Perfected Strike","Rage","Shrug It Off"],"picked":"SKIP","floor":14},{"not_picked":["Juggernaut","Impervious"],"picked":"Reaper","floor":16},{"not_picked":["Iron Wave","Rage+1"],"picked":"Armaments","floor":18},{"not_picked":["Twin Strike","Clash","Searing Blow"],"picked":"SKIP","floor":24},{"not_picked":["Combust","Pummel","Body Slam"],"picked":"SKIP","floor":25},{"not_picked":["Anger","Intimidate","Body Slam"],"picked":"SKIP","floor":27},{"not_picked":["Uppercut","Cleave+1"],"picked":"Double Tap","floor":30},{"not_picked":["Clothesline","Body Slam","Havoc+1"],"picked":"SKIP","floor":31},{"not_picked":["Power Through","Headbutt"],"picked":"Dual Wield","floor":35},{"not_picked":["Ghostly Armor+1","Perfected Strike+1","Pommel Strike+1"],"picked":"SKIP","floor":39},{"not_picked":["Sword Boomerang+1","Flex+1","Clash"],"picked":"SKIP","floor":44},{"not_picked":["Sever Soul+1","Flex","Rage+1"],"picked":"SKIP","floor":46},{"not_picked":["Thunderclap+1","Power Through","Pummel+1"],"picked":"SKIP","floor":48}],"player_experience":72060,"relics_obtained":[{"floor":5,"key":"Incense Burner"},{"floor":9,"key":"Shuriken"},{"floor":19,"key":"Red Mask"},{"floor":26,"key":"Akabeko"},{"floor":43,"key":"Calipers"},{"floor":44,"key":"Bag of Preparation"}],"event_choices":[{"damage_healed":0,"gold_gain":0,"player_choice":"0 cards matched","damage_taken":0,"max_hp_gain":0,"max_hp_loss":0,"event_name":"Match and Keep!","floor":2,"gold_loss":0,"cards_obtained":[]},{"damage_healed":0,"gold_gain":0,"player_choice":"Fought Bandits","damage_taken":0,"max_hp_gain":0,"max_hp_loss":0,"event_name":"Masked Bandits","floor":19,"gold_loss":0},{"damage_healed":0,"gold_gain":0,"player_choice":"Read","damage_taken":0,"max_hp_gain":0,"max_hp_loss":0,"event_name":"The Library","floor":20,"gold_loss":0,"cards_obtained":["Headbutt"]},{"damage_healed":0,"gold_gain":0,"player_choice":"Became a Ghost","damage_taken":0,"max_hp_gain":0,"max_hp_loss":40,"event_name":"Ghosts","floor":22,"gold_loss":0,"cards_obtained":["Ghostly","Ghostly","Ghostly","Ghostly","Ghostly"]},{"damage_healed":0,"gold_gain":0,"player_choice":"Obtained Relic","damage_taken":0,"relics_obtained":["Darkstone Periapt"],"max_hp_gain":0,"max_hp_loss":0,"event_name":"Addict","floor":28,"gold_loss":85},{"damage_healed":0,"gold_gain":0,"player_choice":"Embrace Madness","damage_taken":5,"max_hp_gain":0,"max_hp_loss":0,"event_name":"Winding Halls","floor":36,"gold_loss":0,"cards_obtained":["Madness","Madness"]},{"damage_healed":0,"gold_gain":222,"player_choice":"Wore Mask","damage_taken":0,"max_hp_gain":0,"max_hp_loss":0,"event_name":"Tomb of Lord Red Mask","floor":37,"gold_loss":0},{"damage_healed":0,"gold_gain":0,"player_choice":"Ignored","damage_taken":0,"max_hp_gain":0,"max_hp_loss":0,"event_name":"Mysterious Sphere","floor":38,"gold_loss":0},{"damage_healed":35,"gold_gain":0,"player_choice":"Heal","damage_taken":0,"max_hp_gain":0,"max_hp_loss":5,"event_name":"The Moai Head","floor":41,"gold_loss":0}],"is_beta":false,"boss_relics":[{"not_picked":["SlaversCollar","Ectoplasm"],"picked":"Empty Cage"},{"not_picked":["Fusion Hammer","Runic Dome"],"picked":"Philosopher\u0027s Stone"}],"items_purged_floors":[10],"is_endless":false,"potions_floor_spawned":[4,25,27,33,35,46,48],"ascension_level":0}}