{"host":"ty2cix8xj6r3ad26","time":1614455524,"event":{"mods":["AchievementEnabler","Aspiration","BaseMod","BetterRewards","Minty Spire (QoL Compilation)","Quick Restart","StSLib","SuperFastMode","The Poker Player"],"gold_per_floor":[111,128,146,162,162,191,191,202,202,202,230,7,7,18,18,113,163,175,175,175,189,89,89,103,103,103,116,126,161,161,186,186,295,295,305,366,110,121,138,138,151,151,151,179,179,179,0,9,9,9,9,9,9,41,41,41,41],"floor_reached":55,"language":"ENG","playtime":7940,"items_purged":["PokerPlayerMod:Club1","Pain"],"score":717,"play_id":"925f733b-c009-4b29-b0e8-68b2734b1421","local_time":"20210227215204","is_ascension_mode":false,"metric_token":594,"campfire_choices":[{"data":"PokerPlayerMod:ChangeRules","floor":7,"key":"SMITH"},{"data":"PokerPlayerMod:CardPrinter","floor":10,"key":"SMITH"},{"data":"PokerPlayerMod:TrumpStrike","floor":15,"key":"SMITH"},{"data":"PokerPlayerMod:CardPrinter+1","floor":23,"key":"SMITH"},{"data":"PokerPlayerMod:Manipulation","floor":25,"key":"SMITH"},{"data":"PokerPlayerMod:Sharpen","floor":32,"key":"SMITH"},{"data":"PokerPlayerMod:WildCard","floor":40,"key":"SMITH"},{"data":"PokerPlayerMod:CardPrinter+2","floor":42,"key":"SMITH"},{"data":"PokerPlayerMod:CardPrinter+3","floor":45,"key":"SMITH"},{"floor":49,"key":"RECALL"},{"data":"PokerPlayerMod:CardPrinter+4","floor":52,"key":"SMITH"}],"circlet_count":0,"master_deck":["PokerPlayerMod:Diamond1","PokerPlayerMod:Diamond2","PokerPlayerMod:Diamond3","PokerPlayerMod:Diamond4","PokerPlayerMod:Diamond5","PokerPlayerMod:Spade2","PokerPlayerMod:Spade2","PokerPlayerMod:Spade3","PokerPlayerMod:Spade4","PokerPlayerMod:Club3","PokerPlayerMod:Heart2","PokerPlayerMod:TrumpStrike+1","PokerPlayerMod:BadJoker","PokerPlayerMod:Mulligan+1","PokerPlayerMod:JackOfSpades","PokerPlayerMod:ChangeRules+1","PokerPlayerMod:Sharpen+1","PokerPlayerMod:Diamond6","PokerPlayerMod:CardPrinter+5","PokerPlayerMod:Heart5","PokerPlayerMod:Spade8","PokerPlayerMod:Diamond7","PokerPlayerMod:Manipulation+1","PokerPlayerMod:Promotion","PokerPlayerMod:Diamond8","PokerPlayerMod:Raise+1","PokerPlayerMod:StackedDeck+1","PokerPlayerMod:HeartStrike+1","PokerPlayerMod:DartThrow+1","PokerPlayerMod:WildCard+1","PokerPlayerMod:Raise+1","PokerPlayerMod:HiddenCard","PokerPlayerMod:Promotion+1"],"relics":["PokerPlayerMod:DeckCase","White Beast Statue","Orichalcum","Pen Nib","Tiny Chest","Odd Mushroom","Bronze Scales","WarpedTongs","Tiny House","Frozen Egg 2","Mercury Hourglass","CeramicFish","aspiration:RitualDagger","Ice Cream","Membership Card","Anchor","Toxic Egg 2","Mango","Red Mask","Vajra"],"acts_visited":["Exordium","TheCity","TheBeyond","TheEnding"],"potions_floor_usage":[2,6,6,6,16,16,18,21,24,27,28,29,31,31,33,35,39,44,44,50,55],"damage_taken":[{"damage":0,"enemies":"Small Slimes","floor":1,"turns":2},{"damage":0,"enemies":"Jaw Worm","floor":2,"turns":3},{"damage":0,"enemies":"2 Louse","floor":3,"turns":1},{"damage":0,"enemies":"Red Slaver","floor":4,"turns":2},{"damage":1,"enemies":"Lagavulin","floor":6,"turns":4},{"damage":0,"enemies":"Lots of Slimes","floor":8,"turns":2},{"damage":7,"enemies":"The Mushroom Lair","floor":11,"turns":5},{"damage":2,"enemies":"3 Louse","floor":14,"turns":2},{"damage":6,"enemies":"Slime Boss","floor":16,"turns":7},{"damage":0,"enemies":"Chosen","floor":18,"turns":4},{"damage":2,"enemies":"2 Thieves","floor":21,"turns":3},{"damage":0,"enemies":"Chosen and Byrds","floor":24,"turns":3},{"damage":3,"enemies":"Centurion and Healer","floor":27,"turns":3},{"damage":9,"enemies":"Snake Plant","floor":28,"turns":3},{"damage":0,"enemies":"Gremlin Leader","floor":29,"turns":5},{"damage":0,"enemies":"Sentry and Sphere","floor":31,"turns":2},{"damage":7,"enemies":"Automaton","floor":33,"turns":6},{"damage":9,"enemies":"Orb Walker","floor":35,"turns":3},{"damage":25,"enemies":"2 Orb Walkers","floor":36,"turns":4},{"damage":15,"enemies":"3 Shapes","floor":38,"turns":3},{"damage":31,"enemies":"Maw","floor":39,"turns":7},{"damage":35,"enemies":"4 Shapes","floor":41,"turns":4},{"damage":45,"enemies":"Nemesis","floor":44,"turns":3},{"damage":100,"enemies":"Awakened One","floor":50,"turns":12},{"damage":56,"enemies":"Shield and Spear","floor":54,"turns":6},{"damage":88,"enemies":"The Heart","floor":55,"turns":8}],"seed_played":"-119908954825477546","potions_obtained":[{"floor":1,"key":"EssenceOfSteel"},{"floor":2,"key":"FearPotion"},{"floor":3,"key":"Regen Potion"},{"floor":4,"key":"LiquidMemories"},{"floor":6,"key":"Strength Potion"},{"floor":8,"key":"Weak Potion"},{"floor":11,"key":"AttackPotion"},{"floor":14,"key":"DuplicationPotion"},{"floor":16,"key":"DuplicationPotion"},{"floor":17,"key":"Fire Potion"},{"floor":18,"key":"DuplicationPotion"},{"floor":21,"key":"Strength Potion"},{"floor":24,"key":"FairyPotion"},{"floor":27,"key":"SkillPotion"},{"floor":28,"key":"SteroidPotion"},{"floor":29,"key":"LiquidBronze"},{"floor":31,"key":"CultistPotion"},{"floor":33,"key":"Weak Potion"},{"floor":35,"key":"Regen Potion"},{"floor":36,"key":"SpeedPotion"},{"floor":38,"key":"Explosive Potion"},{"floor":39,"key":"Block Potion"},{"floor":41,"key":"Fruit Juice"},{"floor":44,"key":"FairyPotion"},{"floor":54,"key":"Fire Potion"}],"is_trial":false,"path_per_floor":["M","M","M","M","?","E","R","M","T","R","?","$","?","M","R","B",null,"M","?","T","M","$","R","M","R","T","M","M","E","?","M","R","B",null,"M","?","$","M","M","R","M","R","T","E","R","T","?","?","R","B",null,"R","$","E","B"],"character_chosen":"THE_POKER_PLAYER","items_purchased":["PokerPlayerMod:JackOfSpades","White Beast Statue","Orichalcum","PokerPlayerMod:ChangeRules","PokerPlayerMod:Sharpen","Bronze Scales","Membership Card","PokerPlayerMod:HiddenCard","Anchor"],"campfire_rested":0,"item_purchase_floors":[0,0,0,0,0,12,37,37,37],"current_hp_per_floor":[29,31,31,31,21,40,40,52,52,52,47,47,47,52,52,48,57,57,57,57,55,55,55,57,57,57,57,48,57,57,57,57,56,57,54,41,41,40,18,18,11,11,11,46,46,46,46,46,46,22,76,76,76,40,0,0,0],"gold":41,"neow_bonus":"","is_daily":false,"chose_seed":false,"campfire_upgraded":10,"win_rate":0.0,"timestamp":1614455524,"path_taken":["M","M","M","M","?","E","R","M","T","R","?","$","?","M","R","BOSS","M","?","?","M","$","R","M","R","T","M","M","E","?","?","R","BOSS","M","?","$","M","M","R","M","R","T","E","R","?","?","?","R","BOSS","R","$","E","BOSS"],"items_purchased_type":["Card","Relic","Relic","Card","Card","Relic","Relic","Card","Relic"],"build_version":"2020-12-22","purchased_purges":2,"victory":false,"max_hp_per_floor":[52,52,52,52,52,52,52,52,52,52,52,52,52,52,52,52,57,57,57,57,57,57,57,57,57,57,57,57,57,57,57,57,57,57,57,57,57,57,57,57,57,57,57,76,76,76,76,76,76,76,76,76,76,76,76,76,76],"card_choices":[{"not_picked":["PokerPlayerMod:Diamond1","PokerPlayerMod:Sharpen","PokerPlayerMod:Spade2"],"picked":"SKIP","floor":1},{"not_picked":["PokerPlayerMod:Club3","PokerPlayerMod:ClubDance"],"picked":"PokerPlayerMod:Diamond6","floor":2},{"not_picked":["PokerPlayerMod:DamnStraight","PokerPlayerMod:MagicTrick"],"picked":"PokerPlayerMod:CardPrinter","floor":3},{"not_picked":["PokerPlayerMod:Spade5","PokerPlayerMod:CardBurn"],"picked":"PokerPlayerMod:Heart5","floor":4},{"not_picked":["PokerPlayerMod:Spade5","PokerPlayerMod:Configure"],"picked":"PokerPlayerMod:Spade8","floor":6},{"not_picked":["PokerPlayerMod:HeartStrike","PokerPlayerMod:Overdeal"],"picked":"PokerPlayerMod:Diamond7","floor":8},{"not_picked":["PokerPlayerMod:Heart2","PokerPlayerMod:DiamondStrike"],"picked":"PokerPlayerMod:Manipulation","floor":14},{"not_picked":["PokerPlayerMod:Diamond7","PokerPlayerMod:ChangeRules"],"picked":"PokerPlayerMod:Promotion","floor":16},{"not_picked":["PokerPlayerMod:DartThrow","PokerPlayerMod:Diamond3"],"picked":"PokerPlayerMod:Diamond8","floor":17},{"not_picked":["PokerPlayerMod:Harden+1","PokerPlayerMod:CloakAndDiamond"],"picked":"PokerPlayerMod:Raise+1","floor":18},{"not_picked":["PokerPlayerMod:Harden+1","PokerPlayerMod:FlyingCard","PokerPlayerMod:Extraction"],"picked":"SKIP","floor":21},{"not_picked":["PokerPlayerMod:Spade2","PokerPlayerMod:Diamond5"],"picked":"PokerPlayerMod:StackedDeck+1","floor":24},{"not_picked":["PokerPlayerMod:Diamond3","PokerPlayerMod:Spade4"],"picked":"PokerPlayerMod:HeartStrike+1","floor":27},{"not_picked":["PokerPlayerMod:Raise","PokerPlayerMod:FlyingCard","PokerPlayerMod:CardBurn"],"picked":"SKIP","floor":28},{"not_picked":["PokerPlayerMod:Raise","PokerPlayerMod:CardBurn","PokerPlayerMod:Manipulation"],"picked":"SKIP","floor":29},{"not_picked":["PokerPlayerMod:CloakAndDiamond+1","PokerPlayerMod:Spade2"],"picked":"PokerPlayerMod:DartThrow+1","floor":31},{"not_picked":["PokerPlayerMod:Spade7","PokerPlayerMod:TheDieIsCast"],"picked":"PokerPlayerMod:WildCard","floor":33},{"not_picked":["PokerPlayerMod:Diamond2","PokerPlayerMod:HeartStrike+1","PokerPlayerMod:Club1"],"picked":"SKIP","floor":35},{"not_picked":["PokerPlayerMod:Spade1","PokerPlayerMod:Fold+1"],"picked":"PokerPlayerMod:Raise+1","floor":36},{"not_picked":["PokerPlayerMod:Spade2","PokerPlayerMod:ClubsClub+1","PokerPlayerMod:Diamond2"],"picked":"SKIP","floor":38},{"not_picked":["PokerPlayerMod:Spade2","PokerPlayerMod:Diamond1","PokerPlayerMod:Diamond3"],"picked":"SKIP","floor":39},{"not_picked":["PokerPlayerMod:Spade2","PokerPlayerMod:Diamond1","PokerPlayerMod:Diamond3"],"picked":"SKIP","floor":39},{"not_picked":["PokerPlayerMod:Spade2","PokerPlayerMod:Diamond1","PokerPlayerMod:Diamond3"],"picked":"SKIP","floor":39},{"not_picked":["PokerPlayerMod:Diamond2","PokerPlayerMod:SpadeStrike+1","PokerPlayerMod:Club1"],"picked":"SKIP","floor":41},{"not_picked":["PokerPlayerMod:Spade1","PokerPlayerMod:Club4","PokerPlayerMod:RiskyBet+1"],"picked":"SKIP","floor":44},{"not_picked":["PokerPlayerMod:Spade1","PokerPlayerMod:Trickery+1","PokerPlayerMod:Spade2"],"picked":"SKIP","floor":54}],"player_experience":633246,"relics_obtained":[{"floor":6,"key":"Pen Nib"},{"floor":9,"key":"Tiny Chest"},{"floor":11,"key":"Odd Mushroom"},{"floor":20,"key":"Frozen Egg 2"},{"floor":26,"key":"Mercury Hourglass"},{"floor":29,"key":"CeramicFish"},{"floor":36,"key":"Ice Cream"},{"floor":43,"key":"Toxic Egg 2"},{"floor":44,"key":"Mango"},{"floor":54,"key":"Vajra"}],"event_choices":[{"damage_healed":0,"gold_gain":0,"player_choice":"Entered Light","damage_taken":10,"max_hp_gain":0,"max_hp_loss":0,"event_name":"Shining Light","floor":5,"gold_loss":0,"cards_upgraded":["PokerPlayerMod:Club3","PokerPlayerMod:Mulligan"]},{"damage_healed":0,"gold_gain":0,"player_choice":"Fought Mushrooms","damage_taken":0,"max_hp_gain":0,"max_hp_loss":0,"event_name":"Mushrooms","floor":11,"gold_loss":0},{"damage_healed":0,"gold_gain":0,"player_choice":"Rummage","damage_taken":0,"relics_obtained":["WarpedTongs"],"max_hp_gain":0,"max_hp_loss":0,"event_name":"Accursed Blacksmith","floor":13,"gold_loss":0,"cards_obtained":["Pain"]},{"damage_healed":0,"gold_gain":0,"player_choice":"Bought 0 Potions","damage_taken":0,"max_hp_gain":0,"max_hp_loss":0,"event_name":"The Woman in Blue","floor":19,"gold_loss":0},{"damage_healed":0,"gold_gain":0,"player_choice":"Ignored","damage_taken":0,"max_hp_gain":0,"max_hp_loss":0,"event_name":"NoteForYourself","floor":30,"gold_loss":0},{"damage_healed":0,"gold_gain":0,"player_choice":"Fight","damage_taken":0,"max_hp_gain":0,"max_hp_loss":0,"event_name":"Mysterious Sphere","floor":36,"gold_loss":0},{"damage_healed":0,"gold_gain":0,"player_choice":"Paid","damage_taken":0,"relics_obtained":["Red Mask"],"max_hp_gain":0,"max_hp_loss":0,"event_name":"Tomb of Lord Red Mask","floor":47,"gold_loss":179},{"damage_healed":0,"gold_gain":0,"player_choice":"Copied","damage_taken":0,"max_hp_gain":0,"max_hp_loss":0,"event_name":"Duplicator","floor":48,"gold_loss":0,"cards_obtained":["PokerPlayerMod:Promotion"]}],"is_beta":false,"boss_relics":[{"not_picked":["Astrolabe","Cursed Key"],"picked":"Tiny House"},{"not_picked":["PokerPlayerMod:AceCard","aspiration:IroncladSkillbook"],"picked":"aspiration:RitualDagger"}],"items_purged_floors":[12,22],"is_endless":false,"potions_floor_spawned":[1,2,3,4,6,8,11,14,16,18,21,24,27,28,29,31,33,35,36,38,39,41,44,54],"killed_by":"The Heart","ascension_level":0}}