{"host":"prxrhpgaxnj4om9r","time":1614436706,"event":{"mods":["AchievementEnabler","BaseMod","Colored Map","DeckTracker","Keyboard Shortcuts","Minty Spire (QoL Compilation)"],"gold_per_floor":[110,185,197,197,44,92,92,92,116,116,140,174,204,234,234,369,369,401,424,452,542,3,46,62,83,108,8,8,35,35,59,59,188,188,221,284,2,2,11,11,11],"floor_reached":40,"language":"KOR","playtime":1596,"items_purged":["Strike_B","Defend_B","Defend_B"],"score":483,"play_id":"23a8030a-67d8-493b-bb4e-ef5fecdd0fc1","local_time":"20210227233826","is_ascension_mode":false,"campfire_choices":[{"data":"White Noise","floor":7,"key":"SMITH"},{"data":"Gash","floor":10,"key":"SMITH"},{"data":"White Noise","floor":15,"key":"SMITH"},{"floor":28,"key":"REST"},{"data":"Defragment","floor":30,"key":"SMITH"},{"floor":32,"key":"REST"}],"circlet_count":0,"master_deck":["Strike_B","Strike_B","Defend_B","Defend_B","Zap","Dualcast","White Noise+1","Turbo","Gash+1","Coolheaded","Defragment+1","White Noise+1","All For One","Rebound+1","Stack+1","Defragment","Melter","Hello World+1","Streamline+1","Buffer","Doom and Gloom+1","Gash+1"],"relics":["Cracked Core","NeowsBlessing","Golden Idol","CeramicFish","Lizard Tail","Art of War","Philosopher\u0027s Stone","Symbiotic Virus","Sling","Vajra","Tiny Chest","Busted Crown","Turnip","Runic Capacitor"],"acts_visited":["Exordium","TheCity","TheBeyond"],"potions_floor_usage":[14,16,16,23,24,33,35,40],"damage_taken":[{"damage":0,"enemies":"Jaw Worm","floor":1,"turns":1},{"damage":0,"enemies":"Small Slimes","floor":3,"turns":1},{"damage":0,"enemies":"3 Sentries","floor":6,"turns":1},{"damage":1,"enemies":"Cultist","floor":11,"turns":3},{"damage":0,"enemies":"Large Slime","floor":12,"turns":4},{"damage":4,"enemies":"Exordium Thugs","floor":13,"turns":4},{"damage":8,"enemies":"2 Fungi Beasts","floor":14,"turns":3},{"damage":27,"enemies":"Hexaghost","floor":16,"turns":10},{"damage":7,"enemies":"Spheric Guardian","floor":18,"turns":4},{"damage":28,"enemies":"2 Thieves","floor":19,"turns":4},{"damage":27,"enemies":"Sentry and Sphere","floor":20,"turns":8},{"damage":0,"enemies":"Gremlin Leader","floor":23,"turns":4},{"damage":16,"enemies":"Centurion and Healer","floor":24,"turns":5},{"damage":29,"enemies":"Snake Plant","floor":25,"turns":4},{"damage":12,"enemies":"Cultist and Chosen","floor":29,"turns":6},{"damage":11,"enemies":"Snecko","floor":31,"turns":4},{"damage":33,"enemies":"Champ","floor":33,"turns":7},{"damage":36,"enemies":"3 Darklings","floor":35,"turns":6},{"damage":17,"enemies":"Mind Bloom Boss Battle","floor":36,"turns":6},{"damage":30,"enemies":"Giant Head","floor":40,"turns":5}],"seed_played":"1953335792103976336","potions_obtained":[{"floor":1,"key":"Explosive Potion"},{"floor":3,"key":"EssenceOfSteel"},{"floor":13,"key":"PowerPotion"},{"floor":14,"key":"FairyPotion"},{"floor":18,"key":"PotionOfCapacity"},{"floor":23,"key":"BlessingOfTheForge"},{"floor":31,"key":"BlessingOfTheForge"},{"floor":33,"key":"Explosive Potion"},{"floor":36,"key":"Fire Potion"}],"is_trial":false,"path_per_floor":["M","?","M","?","$","E","R","?","T","R","M","M","M","M","R","B",null,"M","M","M","?","$","E","M","M","T","$","R","M","R","M","R","B",null,"M","?","$","?","?","E"],"character_chosen":"DEFECT","items_purchased":["CeramicFish","Symbiotic Virus","Sling","Melter","Runic Capacitor"],"campfire_rested":2,"item_purchase_floors":[5,22,22,22,37],"current_hp_per_floor":[75,64,64,46,46,46,46,46,46,46,45,45,41,33,33,6,75,68,40,13,1,1,1,13,21,21,21,43,31,31,20,42,9,75,39,22,22,22,22,0,0],"gold":11,"neow_bonus":"THREE_ENEMY_KILL","is_daily":false,"chose_seed":false,"campfire_upgraded":4,"win_rate":0.0,"timestamp":1614436706,"path_taken":["M","?","M","?","$","E","R","?","T","R","?","M","M","M","R","BOSS","M","M","M","?","$","E","M","M","T","$","R","M","R","M","R","BOSS","M","?","$","?","?","E"],"items_purchased_type":["Relic","Relic","Relic","Card","Relic"],"build_version":"2020-12-22","purchased_purges":3,"victory":false,"max_hp_per_floor":[75,75,75,75,75,75,75,75,75,75,75,75,75,75,75,75,75,75,75,75,75,75,75,75,75,75,75,75,75,75,75,75,75,75,75,75,75,75,75,75,75],"card_choices":[{"not_picked":["BootSequence","Go for the Eyes"],"picked":"White Noise","floor":1},{"not_picked":["Consume","Leap"],"picked":"Turbo","floor":3},{"not_picked":["Core Surge","Beam Cell"],"picked":"Gash","floor":6},{"not_picked":["Hologram","Steam"],"picked":"Coolheaded","floor":11},{"not_picked":["Go for the Eyes","Beam Cell"],"picked":"Cold Snap","floor":12},{"not_picked":["Conserve Battery","Turbo"],"picked":"Defragment","floor":13},{"not_picked":["Sweeping Beam","Turbo"],"picked":"White Noise","floor":14},{"not_picked":["Thunder Strike","Rainbow"],"picked":"All For One","floor":16},{"not_picked":["Redo","Go for the Eyes"],"picked":"Rebound+1","floor":18},{"not_picked":["Blizzard","Conserve Battery"],"picked":"Stack+1","floor":19},{"not_picked":["Auto Shields","Leap"],"picked":"Defragment","floor":20},{"not_picked":["Streamline","Stack"],"picked":"Hello World+1","floor":23},{"not_picked":["Cold Snap","Storm","Turbo"],"picked":"SKIP","floor":24},{"not_picked":["Heatsinks","Steam","Consume"],"picked":"SKIP","floor":25},{"not_picked":["Go for the Eyes","Beam Cell+1"],"picked":"Streamline+1","floor":29},{"not_picked":["Beam Cell","Leap"],"picked":"Buffer","floor":31},{"not_picked":[],"picked":"Doom and Gloom+1","floor":35}],"player_experience":691406,"relics_obtained":[{"floor":6,"key":"Lizard Tail"},{"floor":9,"key":"Art of War"},{"floor":23,"key":"Vajra"},{"floor":26,"key":"Tiny Chest"},{"floor":36,"key":"Turnip"}],"event_choices":[{"damage_healed":0,"gold_gain":75,"player_choice":"Gather Gold","damage_taken":11,"max_hp_gain":0,"max_hp_loss":0,"event_name":"World of Goop","floor":2,"gold_loss":0},{"damage_healed":0,"gold_gain":0,"player_choice":"Take Damage","damage_taken":18,"relics_obtained":["Golden Idol"],"max_hp_gain":0,"max_hp_loss":0,"event_name":"Golden Idol","floor":4,"gold_loss":0},{"cards_removed":["Strike_B"],"damage_healed":0,"gold_gain":0,"player_choice":"Card Removal","damage_taken":0,"max_hp_gain":0,"max_hp_loss":0,"event_name":"Wheel of Change","floor":8,"gold_loss":0},{"damage_healed":0,"gold_gain":90,"player_choice":"GOLD ","damage_taken":12,"max_hp_gain":0,"max_hp_loss":0,"event_name":"Knowing Skull","floor":21,"potions_obtained":[],"gold_loss":0,"cards_obtained":[]},{"damage_healed":0,"gold_gain":0,"player_choice":"Fight","damage_taken":0,"max_hp_gain":0,"max_hp_loss":0,"event_name":"MindBloom","floor":36,"gold_loss":0},{"cards_removed":["Cold Snap"],"damage_healed":0,"gold_gain":0,"player_choice":"Removed Attack","damage_taken":0,"max_hp_gain":0,"max_hp_loss":0,"event_name":"Falling","floor":38,"gold_loss":0},{"damage_healed":0,"gold_gain":0,"player_choice":"Copied","damage_taken":0,"max_hp_gain":0,"max_hp_loss":0,"event_name":"Duplicator","floor":39,"gold_loss":0,"cards_obtained":["Gash"]}],"is_beta":false,"boss_relics":[{"not_picked":["Sozu","Velvet Choker"],"picked":"Philosopher\u0027s Stone"},{"not_picked":["Black Star","Fusion Hammer"],"picked":"Busted Crown"}],"items_purged_floors":[22,27,37],"is_endless":false,"potions_floor_spawned":[1,3,13,14,18,23,31,33,36],"killed_by":"Giant Head","ascension_level":0}}