{"host":"ztj95opvqys4eaue","time":1614416873,"event":{"mods":["BaseMod","Downfall","KinomotoSakuraMod(木之本樱)","Minty Spire (QoL Compilation)","Quick Restart","StSLib","The Animator","The Senshi","Waifu the Spire"],"gold_per_floor":[113,113,13,88,103,103,129,159,159,171,202,202,223,6,6,108,108,122,82,82,9,29,29,58,58,58,58,58,58,77,107,107,209,209,209,209],"floor_reached":35,"language":"ZHS","playtime":2642,"items_purged":["ClowCardTheSword"],"score":443,"play_id":"4c6c74d8-23d2-431e-9614-fbbfa9fbe15e","local_time":"20210227170753","is_ascension_mode":true,"campfire_choices":[{"data":"ClowCardTheDream","floor":6.0,"key":"SMITH"},{"data":"ClowCardTheMirror","floor":15.0,"key":"SMITH"},{"data":"ClowCardTheTwin","floor":23.0,"key":"SMITH"},{"floor":25.0,"key":"REST"},{"data":"1","floor":27.0,"key":"LIFT"},{"data":"ClowCardTheFlower","floor":32.0,"key":"SMITH"}],"circlet_count":10,"master_deck":["SakuraCardTheSand+","SakuraCardTheLock+","ClowCardTheSword","ClowCardTheSword","ClowCardTheShield","ClowCardTheShield","ClowCardTheShield","SpellCardSeal","SpellCardRelease","ClowCardTheDream+1","ClowCardTheMirror+1","ClowCardTheIllusion","ClowCardTheDash","ClowCardTheRain","ClowCardTheVoice","ClowCardTheLoop","ClowCardTheTwin+1","ClowCardTheFloat","Madness","SakuraCardTheLove+","ClowCardTheBig","ClowCardTheTwin","ClowCardTheFlower+1","ClowCardTheDark"],"relics":["KSMOD_SealedBook","KSMOD_SealedWand","NeowsBlessing","Gremlin Horn","CaptainsWheel","Circlet","Odd Mushroom","KSMOD_RollerSkates","KSMOD_DarknessWand","Ancient Tea Set","Girya","KSMOD_SwordJade","Sozu"],"acts_visited":[],"potions_floor_usage":[],"damage_taken":[{"damage":0.0,"enemies":"2 Louse","floor":1.0,"turns":1.0},{"damage":0.0,"enemies":"Small Slimes","floor":5.0,"turns":1.0},{"damage":0.0,"enemies":"Lagavulin","floor":7.0,"turns":2.0},{"damage":1.0,"enemies":"Jaw Worm","floor":10.0,"turns":2.0},{"damage":38.0,"enemies":"3 Sentries","floor":11.0,"turns":9.0},{"damage":0.0,"enemies":"The Mushroom Lair","floor":13.0,"turns":4.0},{"damage":5.0,"enemies":"Hexaghost","floor":16.0,"turns":12.0},{"damage":0.0,"enemies":"Shell Parasite","floor":18.0,"turns":5.0},{"damage":2.0,"enemies":"Spheric Guardian","floor":22.0,"turns":3.0},{"damage":30.0,"enemies":"Slavers","floor":24.0,"turns":7.0},{"damage":0.0,"enemies":"Centurion and Healer","floor":30.0,"turns":6.0},{"damage":2.0,"enemies":"Book of Stabbing","floor":31.0,"turns":5.0},{"damage":25.0,"enemies":"Champ","floor":33.0,"turns":9.0},{"damage":0,"enemies":"Orb Walker","floor":35,"turns":1}],"seed_played":"-6883484610836864477","potions_obtained":[{"floor":10.0,"key":"Weak Potion"},{"floor":11.0,"key":"Regen Potion"},{"floor":13.0,"key":"FearPotion"},{"floor":16.0,"key":"SpeedPotion"},{"floor":30.0,"key":"Energy Potion"}],"is_trial":false,"path_per_floor":["M","?","$","?","M","R","E","?","T","M","E","?","?","$","R","B",null,"M","?","?","$","M","R","E","R","T","R","?","?","M","E","R","B",null,"M"],"character_chosen":"KINOMOTOSAKURA","items_purchased":["ClowCardTheIllusion","ClowCardTheLoop","KSMOD_RollerSkates","ClowCardTheBig"],"campfire_rested":1,"item_purchase_floors":[3,14,14,21],"current_hp_per_floor":[70,70,70,59,59,59,59,59,59,58,20,13,27,27,27,22,70,70,70,70,70,68,68,38,59,59,59,46,46,46,44,44,19,75,75,75],"gold":209,"neow_bonus":"THREE_ENEMY_KILL","is_daily":false,"chose_seed":false,"campfire_upgraded":4,"win_rate":0.0,"timestamp":1614416873,"path_taken":["M","?","$","?","M","R","E","?","T","M","E","?","?","$","R","BOSS","M","?","?","$","M","R","E","R","T","R","?","?","M","E","R","BOSS","M"],"items_purchased_type":["Card","Card","Relic","Card"],"build_version":"2020-12-22","purchased_purges":1,"victory":false,"max_hp_per_floor":[70,70,70,70,70,70,70,70,70,70,70,70,70,70,70,70,70,70,70,70,70,70,70,70,70,70,70,75,75,75,75,75,75,75,75,75],"card_choices":[{"not_picked":["ClowCardTheChange","ClowCardTheSong"],"picked":"ClowCardTheDream","floor":1.0},{"not_picked":["ClowCardTheSand","ClowCardThePower"],"picked":"ClowCardTheDash","floor":5.0},{"not_picked":["ClowCardTheLittle","ClowCardTheErase"],"picked":"ClowCardTheLock","floor":7.0},{"not_picked":["ClowCardTheShadow","ClowCardTheBubbles"],"picked":"ClowCardTheRain","floor":10.0},{"not_picked":["ClowCardTheBig","ClowCardTheDream"],"picked":"ClowCardTheVoice","floor":11.0},{"not_picked":["ClowCardTheLight","ClowCardTheDash"],"picked":"ClowCardTheTwin","floor":16.0},{"not_picked":["ClowCardTheMirror","ClowCardTheLibra"],"picked":"ClowCardTheFloat","floor":18.0},{"not_picked":["ClowCardTheSilent","ClowCardTheWindy+1"],"picked":"ClowCardTheSand","floor":22.0},{"not_picked":["ClowCardTheMirror","ClowCardTheFlower"],"picked":"ClowCardTheTwin","floor":24.0},{"not_picked":["ClowCardTheWood","ClowCardTheMist"],"picked":"ClowCardTheFlower","floor":30.0},{"not_picked":["ClowCardTheErase","ClowCardTheLibra+1","ClowCardThePower+1"],"picked":"SKIP","floor":31.0},{"not_picked":["ClowCardTheTime","ClowCardTheCreate"],"picked":"ClowCardTheDark","floor":33.0}],"player_experience":89977,"relics_obtained":[{"floor":7.0,"key":"Gremlin Horn"},{"floor":11.0,"key":"RuthlessExorcism:ReiMu"},{"floor":13.0,"key":"Odd Mushroom"},{"floor":24.0,"key":"Ancient Tea Set"},{"floor":26.0,"key":"Girya"},{"floor":31.0,"key":"KSMOD_SwordJade"}],"event_choices":[{"damage_healed":0.0,"max_hp_gain":0.0,"max_hp_loss":0.0,"gold_gain":0.0,"cards_transformed":["ClowCardTheSword"],"event_name":"Living Wall","player_choice":"Change","floor":2.0,"gold_loss":0.0,"damage_taken":0.0,"cards_obtained":["ClowCardTheMirror"]},{"damage_healed":0.0,"max_hp_gain":0.0,"max_hp_loss":0.0,"gold_gain":75.0,"event_name":"World of Goop","player_choice":"Gather Gold","floor":4.0,"gold_loss":0.0,"damage_taken":11.0},{"damage_healed":0.0,"max_hp_gain":0.0,"max_hp_loss":0.0,"gold_gain":30.0,"event_name":"Dead Adventurer","player_choice":"Searched \u00273\u0027 times","floor":8.0,"gold_loss":0.0,"damage_taken":0.0,"relics_obtained":["CaptainsWheel"]},{"cards_removed":["ClowCardTheShield"],"damage_healed":0.0,"max_hp_gain":0.0,"max_hp_loss":0.0,"gold_gain":0.0,"event_name":"Golden Wing","player_choice":"Card Removal","floor":12.0,"gold_loss":0.0,"damage_taken":7.0},{"damage_healed":0.0,"max_hp_gain":0.0,"max_hp_loss":0.0,"gold_gain":0.0,"event_name":"Mushrooms","player_choice":"Fought Mushrooms","floor":13.0,"gold_loss":0.0,"damage_taken":0.0},{"damage_healed":0.0,"max_hp_gain":0.0,"max_hp_loss":0.0,"gold_gain":0.0,"event_name":"ZunEvent","player_choice":"交出神酒","floor":19.0,"relics_lost":["ZunR:ReiMu"],"gold_loss":0.0,"damage_taken":0.0,"cards_obtained":["ZunPunch:ReiMu"]},{"damage_healed":0.0,"max_hp_gain":5.0,"max_hp_loss":0.0,"gold_gain":0.0,"event_name":"Forgotten Altar","player_choice":"Shed Blood","floor":28.0,"gold_loss":0.0,"damage_taken":18.0}],"is_beta":false,"boss_relics":[{"not_picked":["Snecko Eye","Fusion Hammer"],"picked":"KSMOD_DarknessWand"},{"not_picked":["Coffee Dripper","Runic Dome"],"picked":"Sozu"}],"items_purged_floors":[3],"is_endless":false,"potions_floor_spawned":[10,11,13,16,30,31],"killed_by":"Orb Walker","ascension_level":1}}