{"host":"fbdlh90rovbiajun","time":1614447034,"event":{"mods":["AchievementEnabler","BaseMod","Colored Map","Keyboard Shortcuts","Minty Spire (QoL Compilation)","SuperFastMode"],"gold_per_floor":[119,194,210,135,147,147,179,179,179,179,79,90,90,90,90,185,185,199,199,217,217,217],"floor_reached":21,"language":"KOR","playtime":395,"items_purged":["Defend_P","Strike_P"],"score":266,"play_id":"2b1b554e-416d-4b82-93a9-ab98593ac399","local_time":"20210228023034","is_ascension_mode":true,"campfire_choices":[{"data":"Eruption","floor":6.0,"key":"SMITH"},{"data":"SandsOfTime","floor":8.0,"key":"SMITH"},{"data":"Scrawl","floor":10.0,"key":"SMITH"},{"data":"InnerPeace","floor":13.0,"key":"SMITH"},{"floor":15.0,"key":"REST"}],"circlet_count":0,"master_deck":["AscendersBane","Strike_P","Strike_P","Strike_P","Defend_P","Defend_P","Defend_P","Eruption+1","Vigilance+1","SandsOfTime+1","InnerPeace+1","Scrawl+1"],"relics":["PureWater","NeowsBlessing","Pantograph","Toy Ornithopter","Busted Crown","Enchiridion"],"acts_visited":["Exordium","TheCity"],"potions_floor_usage":[18],"damage_taken":[{"damage":0.0,"enemies":"Jaw Worm","floor":1.0,"turns":1.0},{"damage":0.0,"enemies":"Cultist","floor":3.0,"turns":1.0},{"damage":0.0,"enemies":"2 Louse","floor":5.0,"turns":1.0},{"damage":24.0,"enemies":"Gremlin Nob","floor":7.0,"turns":4.0},{"damage":0.0,"enemies":"Exordium Thugs","floor":12.0,"turns":3.0},{"damage":6.0,"enemies":"Slime Boss","floor":16.0,"turns":8.0},{"damage":0,"enemies":"3 Byrds","floor":18,"turns":3},{"damage":44,"enemies":"2 Thieves","floor":20,"turns":3},{"damage":18,"enemies":"Snake Plant","floor":21,"turns":2}],"seed_played":"-557426000692307520","potions_obtained":[{"floor":1.0,"key":"Fire Potion"},{"floor":3.0,"key":"AttackPotion"},{"floor":5.0,"key":"Ancient Potion"},{"floor":18,"key":"LiquidMemories"}],"is_trial":false,"path_per_floor":["M","?","M","$","M","R","E","R","T","R","$","M","R","?","R","B",null,"M","?","M","M"],"character_chosen":"WATCHER","items_purchased":[],"campfire_rested":1,"item_purchase_floors":[],"current_hp_per_floor":[65,58,58,58,58,58,34,34,34,34,34,34,34,34,55,66,71,72,56,12,0,0],"gold":217,"neow_bonus":"THREE_ENEMY_KILL","is_daily":false,"chose_seed":false,"campfire_upgraded":4,"win_rate":0.0,"timestamp":1614447034,"path_taken":["M","?","M","$","?","R","E","R","T","R","$","M","R","?","R","BOSS","M","?","M","M"],"items_purchased_type":[],"build_version":"2020-12-22","purchased_purges":2,"victory":false,"max_hp_per_floor":[72,72,72,72,72,72,72,72,72,72,72,72,72,72,72,72,72,72,72,72,72,72],"card_choices":[{"not_picked":["SignatureMove","FollowUp"],"picked":"SandsOfTime","floor":1.0},{"not_picked":["SashWhip","CrushJoints"],"picked":"InnerPeace","floor":3.0},{"not_picked":["Protect","Consecrate","ThirdEye"],"picked":"SKIP","floor":5.0},{"not_picked":["SandsOfTime","FearNoEvil"],"picked":"Scrawl","floor":7.0},{"not_picked":["Worship","EmptyBody","Prostrate"],"picked":"SKIP","floor":12.0},{"not_picked":["Indignation"],"picked":"SKIP","floor":18},{"not_picked":["Worship"],"picked":"SKIP","floor":20}],"player_experience":148937,"relics_obtained":[{"floor":7.0,"key":"Pantograph"},{"floor":9.0,"key":"Toy Ornithopter"},{"floor":19,"key":"Enchiridion"}],"event_choices":[{"damage_healed":0.0,"max_hp_gain":0.0,"max_hp_loss":0.0,"gold_gain":75.0,"event_name":"FaceTrader","player_choice":"Touch","floor":2.0,"gold_loss":0.0,"damage_taken":7.0},{"damage_healed":0.0,"max_hp_gain":0.0,"max_hp_loss":0.0,"gold_gain":0.0,"event_name":"Upgrade Shrine","player_choice":"Upgraded","floor":14.0,"gold_loss":0.0,"damage_taken":0.0,"cards_upgraded":["Vigilance"]},{"damage_healed":0,"gold_gain":0,"player_choice":"Obtained Book","damage_taken":16,"max_hp_gain":0,"max_hp_loss":0,"event_name":"Cursed Tome","floor":19,"gold_loss":0}],"is_beta":false,"boss_relics":[{"not_picked":["Pandora\u0027s Box","Runic Pyramid"],"picked":"Busted Crown"}],"items_purged_floors":[4,11],"is_endless":false,"potions_floor_spawned":[1,3,5,18],"killed_by":"Snake Plant","ascension_level":10}}