{"host":"vqun63pi4q2xs0ca","time":1614446062,"event":{"mods":["BaseMod","Minty Spire (QoL Compilation)","Relic Stats","StSLib"],"gold_per_floor":[110,110,185,185,25,59,59,90,171,205,205,10,42,62,62,138,138,154,154,167,5,5,5,45,61,61,61,75,75,84,84,84],"floor_reached":31,"language":"ENG","playtime":1120,"items_purged":["Strike_G"],"score":654,"play_id":"2f3aedf5-f02b-497b-abee-2cff29fe5dc7","local_time":"20210227171422","is_ascension_mode":true,"campfire_choices":[{"floor":7,"key":"REST"},{"floor":11,"key":"REST"},{"data":"Noxious Fumes","floor":15,"key":"SMITH"},{"floor":23,"key":"REST"}],"circlet_count":0,"master_deck":["AscendersBane","Strike_G","Strike_G+1","Strike_G+1","Defend_G","Defend_G","Defend_G","Defend_G","Defend_G","Survivor","Neutralize+1","Slice","Envenom","Poisoned Stab","Cloak And Dagger","Dagger Throw","Well Laid Plans","Noxious Fumes+1","After Image","Storm of Steel","Acrobatics","PiercingWail","Footwork","Blade Dance","Noxious Fumes","Caltrops"],"relics":["Ring of the Snake","NeowsBlessing","The Specimen","Toy Ornithopter","Ginger","Vajra","Whetstone","Bag of Preparation","Cursed Key","CeramicFish"],"acts_visited":["Exordium","TheCity"],"potions_floor_usage":[10,13,16,20,24,28,31],"damage_taken":[{"damage":0,"enemies":"Jaw Worm","floor":1,"turns":1},{"damage":0,"enemies":"3 Sentries","floor":6,"turns":1},{"damage":0,"enemies":"Gremlin Nob","floor":8,"turns":1},{"damage":27,"enemies":"3 Sentries","floor":10,"turns":12},{"damage":19,"enemies":"Gremlin Nob","floor":13,"turns":4},{"damage":0,"enemies":"2 Louse","floor":14,"turns":3},{"damage":11,"enemies":"Hexaghost","floor":16,"turns":8},{"damage":15,"enemies":"Chosen","floor":18,"turns":4},{"damage":11,"enemies":"2 Thieves","floor":20,"turns":4},{"damage":5,"enemies":"Gremlin Leader","floor":24,"turns":9},{"damage":7,"enemies":"Cultist and Chosen","floor":25,"turns":5},{"damage":18,"enemies":"Chosen and Byrds","floor":28,"turns":5},{"damage":10,"enemies":"Book of Stabbing","floor":31,"turns":4}],"seed_played":"-6850721712933553883","potions_obtained":[{"floor":6,"key":"DistilledChaos"},{"floor":13,"key":"GhostInAJar"},{"floor":14,"key":"Poison Potion"},{"floor":18,"key":"Strength Potion"},{"floor":20,"key":"Poison Potion"},{"floor":24,"key":"LiquidMemories"}],"is_trial":false,"path_per_floor":["M","?","?","?","$","E","R","E","T","E","R","$","E","M","R","B",null,"M","?","M","$","?","R","E","M","T","?","M","?","?","E"],"character_chosen":"THE_SILENT","items_purchased":["Toy Ornithopter","Dagger Throw","Well Laid Plans","Weak Potion","Footwork"],"campfire_rested":3,"item_purchase_floors":[5,12,12,12,21],"current_hp_per_floor":[59,33,22,22,22,22,41,41,41,19,38,38,24,24,24,18,54,39,39,33,33,33,52,52,45,45,36,23,5,5,0,0],"gold":84,"neow_bonus":"THREE_ENEMY_KILL","is_daily":false,"chose_seed":false,"campfire_upgraded":1,"win_rate":0.0,"timestamp":1614446062,"path_taken":["M","?","?","?","$","E","R","E","T","E","R","$","E","M","R","BOSS","M","?","M","$","?","R","E","M","T","?","?","?","?","E"],"items_purchased_type":["Relic","Card","Card","Potion","Card"],"build_version":"2020-12-22","purchased_purges":1,"victory":false,"max_hp_per_floor":[66,66,66,66,66,66,66,66,66,66,66,66,66,66,66,66,66,66,66,66,66,66,66,66,66,66,66,66,71,71,71,71],"relic_stats":{"counters":[13,61],"CeramicFish":18,"Bag of Preparation":[16],"Ginger":[11],"Whetstone":["Strike_G","Strike_G"],"Cursed Key":0,"obtain_stats":[{"NeowsBlessing":0,"The Specimen":2,"CeramicFish":24,"Vajra":8,"Bag of Preparation":13,"Ginger":6,"Whetstone":10,"Cursed Key":17,"Toy Ornithopter":5,"Ring of the Snake":0},{"NeowsBlessing":0,"The Specimen":1,"CeramicFish":10,"Vajra":3,"Bag of Preparation":5,"Ginger":2,"Whetstone":4,"Cursed Key":7,"Toy Ornithopter":1,"Ring of the Snake":0},{"NeowsBlessing":0,"The Specimen":1,"CeramicFish":47,"Vajra":3,"Bag of Preparation":19,"Ginger":2,"Whetstone":15,"Cursed Key":30,"Toy Ornithopter":1,"Ring of the Snake":0}],"Toy Ornithopter":35,"Ring of the Snake":[26]},"card_choices":[{"not_picked":["Acrobatics","Outmaneuver"],"picked":"Slice","floor":1},{"not_picked":["Masterful Stab","Calculated Gamble"],"picked":"Envenom","floor":6},{"not_picked":["Prepared","Cloak And Dagger"],"picked":"Poisoned Stab","floor":8},{"not_picked":["Well Laid Plans","Flying Knee"],"picked":"Cloak And Dagger","floor":10},{"not_picked":["Crippling Poison","Riddle With Holes"],"picked":"Noxious Fumes","floor":13},{"not_picked":["Backflip","Accuracy"],"picked":"After Image","floor":14},{"not_picked":["Grand Finale","Glass Knife"],"picked":"Storm of Steel","floor":16},{"not_picked":["Endless Agony","Quick Slash"],"picked":"Acrobatics","floor":18},{"not_picked":["Endless Agony+1","Expertise"],"picked":"PiercingWail","floor":20},{"not_picked":["Blade Dance","Dagger Throw+1"],"picked":"Noxious Fumes","floor":24},{"not_picked":["Acrobatics","Infinite Blades+1","Well Laid Plans"],"picked":"SKIP","floor":25},{"not_picked":["Heel Hook","Dagger Spray","Poisoned Stab"],"picked":"SKIP","floor":28}],"player_experience":1656340,"relics_obtained":[{"floor":6,"key":"Ginger"},{"floor":8,"key":"Vajra"},{"floor":10,"key":"Whetstone"},{"floor":13,"key":"Bag of Preparation"},{"floor":24,"key":"CeramicFish"}],"event_choices":[{"damage_healed":0,"gold_gain":0,"player_choice":"Success","damage_taken":26,"relics_obtained":["The Specimen"],"max_hp_gain":0,"max_hp_loss":0,"event_name":"Scrap Ooze","floor":2,"gold_loss":0},{"damage_healed":0,"gold_gain":75,"player_choice":"Gather Gold","damage_taken":11,"max_hp_gain":0,"max_hp_loss":0,"event_name":"World of Goop","floor":3,"gold_loss":0},{"damage_healed":0,"gold_gain":0,"player_choice":"Upgraded","damage_taken":0,"max_hp_gain":0,"max_hp_loss":0,"event_name":"Upgrade Shrine","floor":4,"gold_loss":0,"cards_upgraded":["Neutralize"]},{"damage_healed":0,"gold_gain":0,"player_choice":"Ignored","damage_taken":0,"max_hp_gain":0,"max_hp_loss":0,"event_name":"The Mausoleum","floor":19,"gold_loss":0},{"damage_healed":0,"gold_gain":0,"player_choice":"Read","damage_taken":0,"max_hp_gain":0,"max_hp_loss":0,"event_name":"The Library","floor":22,"gold_loss":0,"cards_obtained":["Blade Dance"]},{"damage_healed":0,"gold_gain":0,"player_choice":"Damaged","damage_taken":9,"max_hp_gain":0,"max_hp_loss":0,"event_name":"Wheel of Change","floor":27,"gold_loss":0},{"damage_healed":0,"gold_gain":0,"player_choice":"Shed Blood","damage_taken":23,"max_hp_gain":5,"max_hp_loss":0,"event_name":"Forgotten Altar","floor":29,"gold_loss":0},{"damage_healed":0,"gold_gain":0,"cards_transformed":["Strike_G"],"player_choice":"Transformed","damage_taken":0,"max_hp_gain":0,"max_hp_loss":0,"event_name":"Transmorgrifier","floor":30,"gold_loss":0,"cards_obtained":["Caltrops"]}],"is_beta":false,"boss_relics":[{"not_picked":["Busted Crown","Astrolabe"],"picked":"Cursed Key"}],"items_purged_floors":[21],"is_endless":false,"potions_floor_spawned":[6,13,14,18,20,24,25],"killed_by":"Book of Stabbing","ascension_level":20}}