{"host":"5tir6155jnoxijqh","time":1614415896,"event":{"mods":["Act Like it!","Arknights","BaseMod","Downfall","Hermit","Library of Ruina","Library of Ruina Extra","Minty Spire (QoL Compilation)","MostiFishMod","Shop Mod","Spicy Shops","StSLib","WarShipGirlsR/’ΩΩ¢…Ÿ≈ÆR mod"],"gold_per_floor":[118,128,53,63,80,111,111,129,129,129,129,88,53,53,53,152,152,173,49,69,69,69,69,100,116,116,140,40,40,81,122,122,215,215,234,234,255,313,328,368,368,368,416,452,477,477,508,529,529,529,529,529,529,2,46,46],"floor_reached":57,"language":"ZHS","playtime":2907,"items_purged":["LightAttack","LightDefense","LightDefense"],"score":2690,"play_id":"a300a9f4-b021-427e-bf64-796e47fa7501","local_time":"20210227165136","is_ascension_mode":true,"campfire_choices":[{"data":"SteelKnuckles","floor":7,"key":"SMITH"},{"data":"Overcharge","floor":15,"key":"SMITH"},{"floor":23,"key":"RECALL"},{"data":"SwordOfVolition","floor":32,"key":"SMITH"},{"data":"LeRegole","floor":41,"key":"SMITH"},{"data":"RipSpace","floor":46,"key":"SMITH"},{"data":"TheWillOfTheCity","floor":49,"key":"SMITH"},{"data":"Madness","floor":53,"key":"SMITH"}],"circlet_count":0,"master_deck":["AscendersBane","Dodge","LightDefense","ChargeAndCover","FocusedStrikes","GreatSerpentsImpact","ForcefulGesture","OpportunitySpotted","TheWillOfTheCity+1","Overcharge+1","SteelKnuckles+1","DesperateStruggle","MindWhip","LeRegole+1","ScatteringSlash","Enlightenment+1","Suppress","TendonChords+1","ReadyUp+1","SwordOfVolition+1","Leap_lor+1","Lock","RipSpace+1","TheWillOfTheCity+1","WaitUp+1","Commandeering","AlloutWar+1","RushDown","Madness","Madness+1","AbsorbImpact","Rewind","IdentifyWeakpoint+1"],"relics":["PageOfLibrarian","DaveBox","SynthV:TestCard","BirthdayGift-Tetrahedron","PageOfSpiderBud","Golden Idol","ChiXiaoBlade","Nilry\u0027s Codex","Bag of Marbles","Dream Catcher","PageOfWrath","Red Mask","GuanYuAspect","PageOfLaetitia","PageOfTheQueenOfHatred","PageOfTheKnightOfDespair","PageOfGreed","PageOfNihil","Lantern","PageOfTodaysShyLook","Ice Cream","Happy Flower"],"acts_visited":["Exordium","TheCity","TheBeyond","TheEnding"],"potions_floor_usage":[30,33,45,45,47,50],"damage_taken":[{"damage":0,"enemies":"Cultist","floor":1,"turns":3},{"damage":8,"enemies":"Jaw Worm","floor":2,"turns":3},{"damage":0,"enemies":"ats:Genji","floor":4,"turns":2},{"damage":0,"enemies":"Exordium Wildlife","floor":5,"turns":2},{"damage":13,"enemies":"Gremlin Nob","floor":6,"turns":4},{"damage":2,"enemies":"Large Slime","floor":8,"turns":2},{"damage":14,"enemies":"The Guardian","floor":16,"turns":5},{"damage":4,"enemies":"3 Byrds","floor":18,"turns":2},{"damage":9,"enemies":"Shell Parasite","floor":20,"turns":2},{"damage":6,"enemies":"Gremlin Leader","floor":24,"turns":3},{"damage":6,"enemies":"Centurion and Healer","floor":25,"turns":3},{"damage":2,"enemies":"Snecko","floor":27,"turns":2},{"damage":1,"enemies":"Slavers","floor":30,"turns":1},{"damage":4,"enemies":"Masked Bandits","floor":31,"turns":2},{"damage":4,"enemies":"Collector","floor":33,"turns":3},{"damage":2,"enemies":"Orb Walker","floor":35,"turns":1},{"damage":0,"enemies":"3 Shapes","floor":37,"turns":1},{"damage":4,"enemies":"2 Orb Walkers","floor":38,"turns":3},{"damage":2,"enemies":"Jaw Worm Horde","floor":39,"turns":1},{"damage":2,"enemies":"Reptomancer","floor":40,"turns":2},{"damage":8,"enemies":"Giant Head","floor":44,"turns":3},{"damage":33,"enemies":"Transient","floor":45,"turns":6},{"damage":4,"enemies":"Reptomancer","floor":47,"turns":2},{"damage":6,"enemies":"Spire Growth","floor":48,"turns":3},{"damage":10,"enemies":"Awakened One","floor":50,"turns":4},{"damage":8,"enemies":"Awakened One","floor":51,"turns":3},{"damage":2,"enemies":"Shield and Spear","floor":55,"turns":2},{"damage":9,"enemies":"The Heart","floor":56,"turns":3}],"seed_played":"-8550841540497615341","potions_obtained":[{"floor":4,"key":"Fire Potion"},{"floor":8,"key":"Swift Potion"},{"floor":20,"key":"Guardian:BlockOnCardUsePotion"},{"floor":31,"key":"BlessingOfTheForge"},{"floor":38,"key":"Regen Potion"},{"floor":39,"key":"PowerPotion"},{"floor":45,"key":"Swift Potion"},{"floor":48,"key":"Fruit Juice"}],"is_trial":false,"path_per_floor":["M","M","$","M","M","E","R","M","T","?","?","$","?","$","R","B",null,"M","$","M","?","?","R","E","M","T","M","$","?","E","?","R","B",null,"M","?","M","?","M","E","R","?","T","E","M","R","E","M","R","B",null,null,"R","$","E","B",null],"character_chosen":"Librarian","items_purchased":["MindWhip","Enlightenment","PageOfTodaysShyLook","Ice Cream"],"campfire_rested":0,"item_purchase_floors":[12,19,54,54],"current_hp_per_floor":[39,31,31,31,31,18,18,16,16,16,16,16,33,33,33,19,69,65,65,56,35,86,86,80,74,74,75,75,75,70,68,68,66,35,35,35,35,35,35,35,35,29,29,35,35,35,35,35,35,40,40,40,40,40,40,40],"gold":46,"neow_bonus":"TRANSFORM_TWO_CARDS","is_daily":false,"chose_seed":false,"campfire_upgraded":7,"win_rate":0.0,"timestamp":1614415896,"path_taken":["M","M","$","M","?","E","R","M","T","?","?","?","?","$","R","BOSS","M","$","M","?","?","R","E","M","T","?","?","?","E","?","R","BOSS","M","?","?","?","M","E","R","?","T","E","M","R","E","M","R","BOSS","R","$","E","BOSS"],"items_purchased_type":["Card","Card","Relic","Relic"],"build_version":"2020-12-22","purchased_purges":3,"victory":true,"max_hp_per_floor":[65,65,65,77,77,77,77,77,77,70,70,70,70,70,70,86,86,86,86,86,86,86,86,86,86,86,88,88,88,70,70,70,70,35,35,35,35,35,35,35,35,35,35,35,35,35,35,35,35,40,40,40,40,40,40,40],"card_choices":[{"not_picked":["ICanCookAnything","QuickSuppression","Thrust","FlashingStrike","NonstopAssault","Eject","SinglePointStab","DeepDrag"],"picked":"OpportunitySpotted","floor":1},{"not_picked":["BattleCommand","DefenseOrder","ForcefulGesture","FierceCharge","MultiHit","EndlessBattle","IronWall","Faith","SharpSwipe","ClassAndRespect"],"picked":"TheWillOfTheCity","floor":2},{"not_picked":["UnavoidableGaze","FrontalAssault","Leap_lor","Thrust","HiddenBlade","StrongStrike","Ripple","Unlock1","PreemptiveStrike","BattleCommand"],"picked":"Overcharge","floor":4},{"not_picked":["BackAttack","DarkCloud","ShockingBlow","DirtyBlow","EndlessBattle","FleetEdge","EnergyShield","Multislash","UpbeatPerformance","Outburst","CircusKnives"],"picked":"SKIP","floor":5},{"not_picked":["SmokingPipe","EnergyCycle","SuppressingShot","WaitUp","ChargeUp","HighSpeedStabbing","FaintMemories","StrongStrike","EnergyStrike","SturdyDefense"],"picked":"SteelKnuckles","floor":6},{"not_picked":["GuidanceOfTheGears","BizarreAttack","UndertakePrescript","Reload","Quickness","SnakeSlit","EmotionalTurbulence","DimensionalRift","ReadyUp","BiteOff"],"picked":"DesperateStruggle","floor":8},{"not_picked":["SilentNight","RagingStormLove","EmotionalTurbulence","FleshFillet"],"picked":"LeRegole","floor":16},{"not_picked":["GrazeTheGrass","FleetEdge","BackstreetsDash","ReadyUp","NightInTheBackstreets+1","Concentration","StructuralAnalysis","UnavoidableGaze","BiAn","AsThePrescriptOrders"],"picked":"ScatteringSlash","floor":18},{"not_picked":["Multislash","WillOfThePrescript","HighKick+1","EndlessBattle","SturdyDefense","Leap_lor","MultiHit","DarkCloud+1","OpportunitySpotted","Outburst"],"picked":"Suppress","floor":20},{"not_picked":["WaitUp+1","SerpentSwordTechnique","SinglePointStab","AutomatedMovement+1","DaringDecision","ToOvercomeCrisis","GuidanceOfTheGears","EnergyCycle","StrikeDown","UpbeatPerformance+1"],"picked":"TendonChords+1","floor":24},{"not_picked":["BulkyImpact","BiXi","ExtremeEdge","SearingSword","SmokingPipe","Quickness","Crush","GreatSerpentsImpact","Castigation","SharpSwipe+1"],"picked":"ReadyUp+1","floor":25},{"not_picked":["HandleRequest","Unlock1+1","Guardian_lor","Diversion","HighKick","PinpointShot","WrathOfTorment","NightInTheBackstreets","DaringDecision","MultiBlock+1"],"picked":"SwordOfVolition","floor":27},{"not_picked":["WillBeTasty","Eject","NightInTheBackstreets","TasteMyFlamingBat","SweepTheBackstreets","Rewind","Parry","SmokingPipe","FleetFootsteps","MultiBlock"],"picked":"Leap_lor+1","floor":30},{"not_picked":["Diversion","CoordinatedAssault","Unlock1","DefenseOrder","BiAn+1","ButterflySlash","DesperateStruggle","SinglePointStab","VioletBlade","CircusKnives"],"picked":"Lock","floor":31},{"not_picked":["RagingStormLove","EmotionalTurbulence","WillProduceFineSilk","BalefulBrand"],"picked":"RipSpace","floor":33},{"not_picked":["FormingStorm","SunsetBlade","QuickSuppression","StructuralAnalysis+1","SerpentSwordTechnique","ClassAndRespect","StrongStrike+1","Castigation","SilentMist+1","Parry2"],"picked":"TheWillOfTheCity+1","floor":35},{"not_picked":["SinglePointStab","SuppressingShot+1","ForcefulGesture","SnakesPrey","SmokingPipe","Decapitation","PinpointShot","Thrust+1","FierceOnslaught","WillBeTasty"],"picked":"WaitUp+1","floor":37},{"not_picked":["GuidanceOfTheGears","SerpentSwordTechnique","SinglePointStab","CircusKnives+1","RulesOfTheBackstreets","QuickAttack","Feast","SmokingPipe","HighKick+1","WaitUp"],"picked":"Commandeering","floor":38},{"not_picked":["OminousPower","RatsGuideToSurvival+1","PinpointShot+1","EnergyCycle","SharpNails","ViolentFlame","Guardian_lor","ChopItOff+1","UpbeatPerformance+1","Standoff"],"picked":"AlloutWar+1","floor":39},{"not_picked":["SomberProcuration","MindCrush","UnavoidableGaze","TendonChords","Pound","HandlingWork","Unlock1","DestructiveImpact+1","ToOvercomeCrisis+1","Faith"],"picked":"RushDown","floor":40},{"not_picked":["FervidEmotions+1","BackAttack","Diversion","HighKick","Observe","CleanUp","FleetFootsteps","GatherIntel","Thrust+1","BiAn"],"picked":"AbsorbImpact","floor":44},{"not_picked":["BackstreetsDash","StrongStrike","FleetFootsteps+1","OpportunitySpotted","Eliminate","AlloutWar","EmotionalTurbulence","ForcefulGesture","GaleKick","CumulusWall","BiAn"],"picked":"SKIP","floor":45},{"not_picked":["SilentNight","GuidanceOfTheGears","SnakesPrey","FleetFootsteps+1","Thrust+1","BlowItUp","StrongStrike","EnergyShield","EnergyConversion+1","CoordinatedAssault"],"picked":"Rewind","floor":47},{"not_picked":["Leap_lor","SteelKnuckles","IngredientHunt","Parry2+1","ToWhereThePrescriptPoints","BladeWhirl","FormingStorm","TheWillOfTheCity","EnergyCycle","BiXi"],"picked":"IdentifyWeakpoint+1","floor":48},{"not_picked":["WillProduceFineSilk","Unlock1","MultiHit","EnergyShield","Parry2","GuidanceOfTheGears","EnergyStrike+1","Eject","MultiBlock+1","HardRehearsal+1","Eliminate"],"picked":"SKIP","floor":55}],"player_experience":448396,"relics_obtained":[{"floor":1,"key":"SynthV:TestCard"},{"floor":6,"key":"PageOfSpiderBud"},{"floor":21,"key":"Nilry\u0027s Codex"},{"floor":24,"key":"Bag of Marbles"},{"floor":26,"key":"Dream Catcher"},{"floor":30,"key":"PageOfWrath"},{"floor":31,"key":"Red Mask"},{"floor":38,"key":"PageOfLaetitia"},{"floor":40,"key":"PageOfTheQueenOfHatred"},{"floor":43,"key":"PageOfTheKnightOfDespair"},{"floor":44,"key":"PageOfGreed"},{"floor":45,"key":"PageOfNihil"},{"floor":47,"key":"Lantern"},{"floor":55,"key":"Happy Flower"}],"event_choices":[{"damage_healed":0,"gold_gain":0,"player_choice":"Lose Max HP","damage_taken":0,"relics_obtained":["Golden Idol"],"max_hp_gain":0,"max_hp_loss":7,"event_name":"Golden Idol","floor":10,"gold_loss":0},{"cards_removed":["LightDefense"],"damage_healed":0,"gold_gain":0,"player_choice":"Forget","damage_taken":0,"max_hp_gain":0,"max_hp_loss":0,"event_name":"Living Wall","floor":11,"gold_loss":0},{"damage_healed":17,"gold_gain":0,"player_choice":"Healed","damage_taken":0,"max_hp_gain":0,"max_hp_loss":0,"event_name":"The Cleric","floor":13,"gold_loss":35},{"damage_healed":0,"gold_gain":0,"player_choice":"Obtained Book","damage_taken":21,"max_hp_gain":0,"max_hp_loss":0,"event_name":"Cursed Tome","floor":21,"gold_loss":0},{"damage_healed":51,"gold_gain":0,"player_choice":"Full Heal","damage_taken":0,"max_hp_gain":0,"max_hp_loss":0,"event_name":"Wheel of Change","floor":22,"gold_loss":0},{"damage_healed":0,"gold_gain":0,"player_choice":"Ignored","damage_taken":0,"max_hp_gain":0,"max_hp_loss":0,"event_name":"Ghosts","floor":29,"gold_loss":0},{"damage_healed":0,"gold_gain":0,"player_choice":"Fought Bandits","damage_taken":0,"max_hp_gain":0,"max_hp_loss":0,"event_name":"Masked Bandits","floor":31,"gold_loss":0},{"damage_healed":0,"gold_gain":0,"player_choice":"Upgraded","damage_taken":0,"max_hp_gain":0,"max_hp_loss":0,"event_name":"Upgrade Shrine","floor":36,"gold_loss":0,"cards_upgraded":["Enlightenment"]},{"damage_healed":0,"gold_gain":0,"player_choice":"Fight","damage_taken":0,"max_hp_gain":0,"max_hp_loss":0,"event_name":"Mysterious Sphere","floor":38,"gold_loss":0},{"damage_healed":0,"gold_gain":0,"player_choice":"Embrace Madness","damage_taken":6,"max_hp_gain":0,"max_hp_loss":0,"event_name":"Winding Halls","floor":42,"gold_loss":0,"cards_obtained":["Madness","Madness"]}],"is_beta":false,"boss_relics":[{"not_picked":["Runic Dome","xbg"],"picked":"ChiXiaoBlade"},{"not_picked":["Astrolabe","Snecko Eye"],"picked":"GuanYuAspect"}],"items_purged_floors":[3,28,54],"is_endless":false,"potions_floor_spawned":[4,8,18,20,25,31,38,39,44,45,48],"ascension_level":16}}