{"host":"egwexuw5uvnxf11j","time":1614406356,"event":{"mods":["2.2 Compatiblity","Aspiration","BaseMod","Better Note","Better Sensory Stone","Better Third Choice","Displayed Cursed Tome","Downfall","Hermit","Key Reminder","Koishi","Marisa????????","Minty Spire (QoL Compilation)","Quick Restart","Shade Mod","Spicy Shops","StSLib","The Construct","The Cursed","The Runesmith","The Senshi","The Servant 0.9.4","Transform Curses"],"gold_per_floor":[112,112,112,124,136,15,44,44,344,361,381,396,396,411,411,512,512,529,454,454,1,16,16,16],"floor_reached":23,"language":"ENG","playtime":1036,"items_purged":["Regret","downfall:Bewildered"],"score":232,"play_id":"610e447b-58d0-4fe0-bf7c-b50832b86862","local_time":"20210227011236","is_ascension_mode":true,"campfire_choices":[{"floor":8,"key":"REST"},{"floor":15,"key":"REST"}],"circlet_count":0,"master_deck":["Strike_P","Strike_P","Strike_P","Defend_P","Defend_P","Defend_P","Defend_P","Eruption","Vigilance","SashWhip","Swivel","Scrawl","Protect","CarveReality","FollowUp","Pray","EmptyBody","Pray","MasterReality","ReachHeaven","FlyingSleeves"],"relics":["PureWater","Tiny Chest","Happy Flower","Vajra","Old Coin","Oddly Smooth Stone","construct:WeddingRing","sneckomod:BabySnecko","HandDrill","aspiration:ChemicalBlood"],"acts_visited":["Exordium","TheCity"],"potions_floor_usage":[7,16,23,23],"damage_taken":[{"damage":0,"enemies":"Cultist","floor":1,"turns":3},{"damage":4,"enemies":"Jaw Worm","floor":4,"turns":4},{"damage":8,"enemies":"Small Slimes","floor":5,"turns":5},{"damage":43,"enemies":"3 Sentries","floor":7,"turns":10},{"damage":8,"enemies":"3 Louse","floor":10,"turns":3},{"damage":0,"enemies":"Exordium Thugs","floor":11,"turns":2},{"damage":1,"enemies":"Exordium Wildlife","floor":12,"turns":3},{"damage":0,"enemies":"Blue Slaver","floor":14,"turns":1},{"damage":19,"enemies":"Hexaghost","floor":16,"turns":10},{"damage":24,"enemies":"Spheric Guardian","floor":18,"turns":4},{"damage":12,"enemies":"Shell Parasite","floor":22,"turns":4},{"damage":70,"enemies":"Book of Stabbing","floor":23,"turns":5}],"seed_played":"-8442836316113942293","potions_obtained":[{"floor":4,"key":"Weak Potion"},{"floor":7,"key":"champ:CounterPotion"},{"floor":10,"key":"SteroidPotion"},{"floor":16,"key":"BlessingOfTheForge"},{"floor":22,"key":"StancePotion"},{"floor":23,"key":"Dexterity Potion"}],"is_trial":false,"path_per_floor":["M","?","?","M","M","$","E","R","T","M","M","M","T","M","R","B",null,"M","?","?","$","M","E"],"character_chosen":"WATCHER","items_purchased":["Protect","HandDrill","aspiration:ChemicalBlood","FlyingSleeves"],"campfire_rested":2,"item_purchase_floors":[6,21,21,21],"current_hp_per_floor":[72,72,72,68,60,60,17,38,38,30,30,29,29,29,50,31,72,48,48,48,48,36,0,0],"gold":16,"neow_bonus":"RANDOM_COMMON_RELIC","is_daily":false,"chose_seed":false,"campfire_upgraded":0,"win_rate":0.0,"timestamp":1614406356,"path_taken":["M","?","?","M","?","$","E","R","T","M","M","M","?","M","R","BOSS","M","?","?","$","M","E"],"items_purchased_type":["Card","Relic","Relic","Card"],"build_version":"2020-12-22","purchased_purges":2,"victory":false,"max_hp_per_floor":[72,72,72,72,72,72,72,72,72,72,72,72,72,72,72,72,72,72,72,72,72,72,72,72],"card_choices":[{"not_picked":["JustLucky","ThirdEye"],"picked":"SashWhip","floor":1},{"not_picked":["Crescendo","Fasting2"],"picked":"Swivel","floor":4},{"not_picked":["Sanctity","MentalFortress"],"picked":"Scrawl","floor":5},{"not_picked":["SandsOfTime","Tantrum"],"picked":"CarveReality","floor":7},{"not_picked":["EmptyBody","LikeWater"],"picked":"FollowUp","floor":10},{"not_picked":["Halt","BattleHymn"],"picked":"Pray","floor":11},{"not_picked":["JustLucky","SignatureMove"],"picked":"EmptyBody","floor":12},{"not_picked":["SandsOfTime","Crescendo"],"picked":"Pray","floor":14},{"not_picked":["ConjureBlade","Judgement"],"picked":"MasterReality","floor":16},{"not_picked":["JustLucky","Consecrate"],"picked":"ReachHeaven","floor":18},{"not_picked":["SashWhip","Crescendo","Protect"],"picked":"SKIP","floor":22}],"player_experience":2166346,"relics_obtained":[{"floor":7,"key":"Vajra"},{"floor":9,"key":"Old Coin"},{"floor":13,"key":"Oddly Smooth Stone"}],"event_choices":[{"damage_healed":0,"gold_gain":0,"player_choice":"Leave","damage_taken":0,"max_hp_gain":0,"max_hp_loss":0,"event_name":"The Cleric","floor":2,"gold_loss":0},{"damage_healed":0,"gold_gain":0,"player_choice":"Box","damage_taken":0,"relics_obtained":["Happy Flower"],"max_hp_gain":0,"max_hp_loss":0,"event_name":"Big Fish","floor":3,"gold_loss":0,"cards_obtained":["Regret"]},{"cards_removed":["Strike_P"],"damage_healed":0,"gold_gain":0,"player_choice":"Gave Gold","damage_taken":0,"max_hp_gain":0,"max_hp_loss":0,"event_name":"Beggar","floor":19,"gold_loss":75}],"is_beta":false,"boss_relics":[{"not_picked":["HolyWater","Sozu"],"picked":"construct:WeddingRing"}],"items_purged_floors":[6,21],"is_endless":false,"potions_floor_spawned":[4,7,10,16,22],"killed_by":"Book of Stabbing","ascension_level":4}}