{"host":"v54ek091sdz7ha6h","time":1614425055,"event":{"mods":["BaseMod","Colored Map","Colored Powertips","Custom Start","DeckTracker","Highlight Path","KOR Keyword Fix","Minty Spire (QoL Compilation)","Random Character Button","Rare Cards Sparkle","Relic Stats","StSLib","SuperFastMode","everything is the same but u backflip on backflip"],"gold_per_floor":[109,123,139,139,152,152,167,185,185,227,227,239,252,282,282,386,386,410,410,437,38,57,57,90,90,90,134,145,181,280,296,296,408,408,422,432,298,325,343,32,32,32,111,49,61,61,61,88,88,88,88],"floor_reached":50,"language":"KOR","playtime":1460,"items_purged":["Strike_P","Strike_P"],"score":567,"play_id":"213e162f-83b3-4b6e-aa9e-eb4e4cd9d58f","local_time":"20210227202415","is_ascension_mode":false,"campfire_choices":[{"data":"Eruption","floor":6.0,"key":"SMITH"},{"data":"Omniscience","floor":11.0,"key":"SMITH"},{"data":"Perseverance","floor":15.0,"key":"SMITH"},{"data":"Apotheosis","floor":23.0,"key":"SMITH"},{"floor":25.0,"key":"RECALL"},{"floor":32.0,"key":"REST"},{"floor":41.0,"key":"REST"},{"floor":47.0,"key":"REST"},{"floor":49.0,"key":"REST"}],"circlet_count":0,"master_deck":["Strike_P","Strike_P","Defend_P","Defend_P","Defend_P","Defend_P","Eruption+1","Vigilance","Omniscience+1","Perseverance+1","FlurryOfBlows","BowlingBash","FlurryOfBlows","Wallop","DeusExMachina","Worship+1","Tantrum","Apotheosis+1","Worship","Omniscience","Brilliance","Omniscience+1","Chrysalis","Finesse","Finesse","Madness","Madness","Alpha","TalkToTheHand"],"relics":["PureWater","Sundial","CeramicFish","Happy Flower","VioletLotus","Torii","Medical Kit","Yang","StrikeDummy","HornCleat","Nunchaku","Fusion Hammer","DollysMirror","Darkstone Periapt"],"acts_visited":["Exordium","TheCity","TheBeyond"],"potions_floor_usage":[50],"damage_taken":[{"damage":0.0,"enemies":"Cultist","floor":1.0,"turns":2.0},{"damage":0.0,"enemies":"2 Louse","floor":2.0,"turns":4.0},{"damage":0.0,"enemies":"Small Slimes","floor":3.0,"turns":2.0},{"damage":9.0,"enemies":"Looter","floor":5.0,"turns":4.0},{"damage":1.0,"enemies":"Large Slime","floor":7.0,"turns":4.0},{"damage":0.0,"enemies":"Blue Slaver","floor":8.0,"turns":4.0},{"damage":13.0,"enemies":"Lagavulin","floor":10.0,"turns":5.0},{"damage":0.0,"enemies":"Red Slaver","floor":12.0,"turns":3.0},{"damage":0.0,"enemies":"Large Slime","floor":13.0,"turns":3.0},{"damage":5.0,"enemies":"3 Sentries","floor":14.0,"turns":4.0},{"damage":17.0,"enemies":"The Guardian","floor":16.0,"turns":12.0},{"damage":3.0,"enemies":"Shell Parasite","floor":18.0,"turns":7.0},{"damage":0.0,"enemies":"3 Byrds","floor":20.0,"turns":4.0},{"damage":16.0,"enemies":"Snecko","floor":22.0,"turns":4.0},{"damage":14.0,"enemies":"Slavers","floor":24.0,"turns":5.0},{"damage":25.0,"enemies":"Gremlin Leader","floor":27.0,"turns":6.0},{"damage":0.0,"enemies":"3 Cultists","floor":28.0,"turns":4.0},{"damage":9.0,"enemies":"Book of Stabbing","floor":29.0,"turns":4.0},{"damage":0.0,"enemies":"Snake Plant","floor":31.0,"turns":4.0},{"damage":23.0,"enemies":"Collector","floor":33.0,"turns":8.0},{"damage":28.0,"enemies":"3 Shapes","floor":35.0,"turns":3.0},{"damage":15.0,"enemies":"3 Darklings","floor":36.0,"turns":5.0},{"damage":4.0,"enemies":"Sphere and 2 Shapes","floor":45.0,"turns":4.0},{"damage":56.0,"enemies":"Reptomancer","floor":48.0,"turns":5.0},{"damage":41,"enemies":"Awakened One","floor":50,"turns":6}],"seed_played":"-6025306742997167553","potions_obtained":[{"floor":2.0,"key":"Energy Potion"},{"floor":3.0,"key":"Strength Potion"},{"floor":4.0,"key":"DuplicationPotion"},{"floor":12.0,"key":"SpeedPotion"},{"floor":13.0,"key":"BottledMiracle"},{"floor":14.0,"key":"DuplicationPotion"},{"floor":22.0,"key":"Dexterity Potion"},{"floor":24.0,"key":"FairyPotion"},{"floor":36.0,"key":"StancePotion"}],"is_trial":false,"path_per_floor":["M","M","M","?","M","R","M","M","T","E","R","M","M","E","R","B",null,"M","?","M","$","M","R","E","R","T","E","M","E","?","M","R","B",null,"M","M","$","?","?","$","R","?","T","$","M","?","R","E","R","B"],"character_chosen":"WATCHER","items_purchased":["Medical Kit","Apotheosis","DollysMirror","Alpha","Regen Potion","TalkToTheHand"],"campfire_rested":4,"item_purchase_floors":[21,21,37,40,40,44],"current_hp_per_floor":[72,72,72,72,63,63,62,62,62,49,49,49,49,44,44,27,72,69,69,69,69,53,53,39,39,39,14,14,5,5,5,26,3,72,44,29,29,19,10,10,31,31,31,31,27,27,48,21,42,16,16],"gold":88,"neow_bonus":"ONE_RANDOM_RARE_CARD","is_daily":false,"chose_seed":false,"campfire_upgraded":4,"win_rate":0.0,"timestamp":1614425055,"path_taken":["M","M","M","?","M","R","M","M","T","E","R","M","?","E","R","BOSS","M","?","M","$","M","R","E","R","T","E","?","E","?","M","R","BOSS","M","M","$","?","?","$","R","?","T","?","?","?","R","E","R","BOSS"],"items_purchased_type":["Relic","Card","Relic","Card","Potion","Card"],"build_version":"2020-12-22","purchased_purges":2,"victory":false,"max_hp_per_floor":[72,72,72,72,72,72,72,72,72,72,72,72,72,72,72,72,72,72,72,72,72,72,72,72,72,72,72,72,72,72,72,72,72,72,72,72,72,72,72,72,72,72,72,72,72,72,72,72,72,72,72],"relic_stats":{"Darkstone Periapt":0,"Nunchaku":[8],"Happy Flower":[27],"Torii":9,"counters":[25,116],"Sundial":[8],"CeramicFish":144,"Yang":[126],"VioletLotus":[9],"Medical Kit":[0],"obtain_stats":[{"Darkstone Periapt":48,"Happy Flower":14,"Torii":19,"CeramicFish":10,"Yang":24,"Medical Kit":21,"Nunchaku":29,"HornCleat":27,"Sundial":9,"DollysMirror":37,"VioletLotus":17,"Fusion Hammer":34,"PureWater":0,"StrikeDummy":26},{"Darkstone Periapt":24,"Happy Flower":10,"Torii":12,"CeramicFish":7,"Yang":15,"Medical Kit":13,"Nunchaku":18,"HornCleat":16,"Sundial":6,"DollysMirror":22,"VioletLotus":11,"Fusion Hammer":20,"PureWater":0,"StrikeDummy":15},{"Darkstone Periapt":110,"Happy Flower":35,"Torii":54,"CeramicFish":25,"Yang":67,"Medical Kit":58,"Nunchaku":81,"HornCleat":73,"Sundial":20,"DollysMirror":101,"VioletLotus":47,"Fusion Hammer":93,"PureWater":0,"StrikeDummy":67}]},"card_choices":[{"not_picked":["ClearTheMind","BattleHymn"],"picked":"Perseverance","floor":1.0},{"not_picked":["Crescendo","EmptyFist"],"picked":"FlurryOfBlows","floor":2.0},{"not_picked":["JustLucky","FearNoEvil"],"picked":"BowlingBash","floor":3.0},{"not_picked":["EmptyFist","EmptyBody","Prostrate"],"picked":"SKIP","floor":5.0},{"not_picked":["CutThroughFate","BattleHymn"],"picked":"FollowUp","floor":7.0},{"not_picked":["ThirdEye","Halt"],"picked":"FlurryOfBlows","floor":8.0},{"not_picked":["Weave","Establishment"],"picked":"Wallop","floor":10.0},{"not_picked":["Prostrate","Worship","WreathOfFlame"],"picked":"SKIP","floor":12.0},{"not_picked":["Weave","BattleHymn","FlyingSleeves"],"picked":"SKIP","floor":13.0},{"not_picked":["ClearTheMind","JustLucky","ThirdEye"],"picked":"SKIP","floor":14.0},{"not_picked":["MasterReality","Blasphemy"],"picked":"DeusExMachina","floor":16.0},{"not_picked":["Crescendo","Prostrate"],"picked":"Worship+1","floor":18.0},{"not_picked":["Consecrate+1","FlurryOfBlows"],"picked":"Tantrum","floor":20.0},{"not_picked":["Wireheading","Protect","JustLucky"],"picked":"SKIP","floor":22.0},{"not_picked":["SashWhip","WheelKick+1","Prostrate+1"],"picked":"SKIP","floor":24.0},{"not_picked":["Collect+1","ClearTheMind+1"],"picked":"Worship","floor":27.0},{"not_picked":["Crescendo","PathToVictory+1","FlurryOfBlows"],"picked":"SKIP","floor":28.0},{"not_picked":["FollowUp","CarveReality"],"picked":"Omniscience","floor":29.0},{"not_picked":["PathToVictory","SashWhip","Halt"],"picked":"SKIP","floor":31.0},{"not_picked":["Devotion","Alpha"],"picked":"Brilliance","floor":33.0},{"not_picked":["CrushJoints+1","FlyingSleeves","Meditate"],"picked":"SKIP","floor":35.0},{"not_picked":["FlyingSleeves","BowlingBash","Crescendo"],"picked":"SKIP","floor":36.0},{"not_picked":["PanicButton","Discovery"],"picked":"Chrysalis","floor":38.0},{"not_picked":["Jack Of All Trades","Mind Blast"],"picked":"Finesse","floor":38.0},{"not_picked":["Jack Of All Trades","Dramatic Entrance"],"picked":"Finesse","floor":38.0},{"not_picked":["JustLucky","FlurryOfBlows+1","BowlingBash+1"],"picked":"SKIP","floor":45.0},{"not_picked":["Evaluate","FlurryOfBlows+1","InnerPeace"],"picked":"SKIP","floor":48.0}],"player_experience":1512822,"relics_obtained":[{"floor":9.0,"key":"Sundial"},{"floor":10.0,"key":"CeramicFish"},{"floor":14.0,"key":"Happy Flower"},{"floor":24.0,"key":"Yang"},{"floor":26.0,"key":"StrikeDummy"},{"floor":27.0,"key":"HornCleat"},{"floor":29.0,"key":"Nunchaku"},{"floor":48.0,"key":"Darkstone Periapt"}],"event_choices":[{"damage_healed":0.0,"max_hp_gain":0.0,"max_hp_loss":0.0,"gold_gain":0.0,"event_name":"Lab","player_choice":"Got Potions","floor":4.0,"gold_loss":0.0,"damage_taken":0.0},{"damage_healed":0.0,"max_hp_gain":0.0,"max_hp_loss":0.0,"gold_gain":0.0,"event_name":"WeMeetAgain","player_choice":"Gave Potion","floor":19.0,"gold_loss":0.0,"damage_taken":0.0,"relics_obtained":["Torii"]},{"damage_healed":0.0,"max_hp_gain":0.0,"max_hp_loss":0.0,"gold_gain":99.0,"event_name":"Nest","player_choice":"Stole From Cult","floor":30.0,"gold_loss":0.0,"damage_taken":0.0},{"damage_healed":0.0,"max_hp_gain":0.0,"max_hp_loss":0.0,"gold_gain":0.0,"event_name":"SensoryStone","player_choice":"Memory 3","floor":38.0,"gold_loss":0.0,"damage_taken":10.0},{"damage_healed":0.0,"max_hp_gain":0.0,"max_hp_loss":0.0,"gold_gain":0.0,"event_name":"Winding Halls","player_choice":"Embrace Madness","floor":39.0,"gold_loss":0.0,"damage_taken":9.0,"cards_obtained":["Madness","Madness"]},{"cards_removed":["FollowUp"],"damage_healed":0.0,"max_hp_gain":0.0,"max_hp_loss":0.0,"gold_gain":0.0,"event_name":"Falling","player_choice":"Removed Attack","floor":42.0,"gold_loss":0.0,"damage_taken":0.0},{"damage_healed":0.0,"max_hp_gain":0.0,"max_hp_loss":0.0,"gold_gain":0.0,"event_name":"SecretPortal","player_choice":"Ignored","floor":46.0,"gold_loss":0.0,"damage_taken":0.0}],"is_beta":false,"boss_relics":[{"not_picked":["HolyWater","Runic Pyramid"],"picked":"VioletLotus"},{"not_picked":["Pandora\u0027s Box","Snecko Eye"],"picked":"Fusion Hammer"}],"items_purged_floors":[21,40],"is_endless":false,"potions_floor_spawned":[2,3,8,12,13,14,22,24,28,36],"killed_by":"Awakened One","ascension_level":0}}