{"host":"lvs2wt6hnb8ekxok","time":1614402231,"event":{"mods":["Act Like it!","Ascension Reborn","Bartender","BaseMod","BetterRewards","Card Forge","Challenge The Spire","Custom Start","Downfall","Friendly Minions","Gensokyo","GifTheSpireLib","Halation","Hubris","Infinite Spire","Minty Spire (QoL Compilation)","Relic Stats","Replay The Spire","Reworked Bosses","SOS???????","StSLib","Stuff the Spire","The Death Knight","Wandering Minibosses"],"gold_per_floor":[99,114,114,114,132,162,162,178,178,211,211,211,211,211,195,300,300,300,312,330,377,389,418,444,444,444,444,544,577,594,594,610,707,707,707,720,734,754,774,774,774,790,790,821,835,849,860,892,909,909],"floor_reached":51,"language":"ENG","playtime":2508,"items_purged":[],"score":938,"play_id":"ee9fbe28-e47e-4077-9fad-119d8f218525","local_time":"20210226210351","is_ascension_mode":false,"campfire_choices":[{"floor":1,"key":"RECALL"},{"floor":9,"key":"REST"},{"floor":11,"key":"REST"},{"floor":18,"key":"DIG"},{"floor":25,"key":"REST"},{"data":"Slimebound:PrepareCrush","floor":35,"key":"SMITH"},{"floor":40,"key":"REST"}],"circlet_count":0,"master_deck":["Slimebound:Tackle+1","Slimebound:Defend_Slimebound+1","Slimebound:Defend_Slimebound+1","Slimebound:Defend_Slimebound+1","Slimebound:Defend_Slimebound+1","Slimebound:Split+1","Slimebound:CorrosiveSpit+1","Slimebound:AcidTongue+1","Slimebound:DivideAndConquer+1","Slimebound:Recollect+1","Slimebound:SplitBruiser+1","Slimebound:MinionMaster+1","Slimebound:HauntingLick+1","Slimebound:RallyTheTroops+1","Slimebound:SplitLeeching+1","Slimebound:ItLooksTasty+1","Slimebound:AcidTongue+1","Slimebound:Prepare+1","hubris:Fate+1","infinitespire:Menacing+1","Slimebound:Recycling+1","Slimebound:Recycling+1","Slimebound:Recycling+1","Slimebound:Recycling+1","Slimebound:SplitMire+1","Slimebound:PrepareCrush+1","Slimebound:PressTheAttack+1","Slimebound:ItLooksTasty+1","Slimebound:GoopSpray+1","Slimebound:FlameTackle+1","Slimebound:GoopSpray+1","Slimebound:AcidTongue+1","Slimebound:SpikyOuterGoop+1","Slimebound:HauntingLick+1"],"relics":["Slimebound:AbsorbEndCombat","Hammer of Thor","Anvil of the Gods","Lantern","ReplayTheSpireMod:TigerMarble","StuffTheSpire:Nightcore","StuffTheSpire:Gunfinga","Orichalcum","Busted Crown","wanderingMiniBosses:ThiefScarf","Seething Fire","infinitespire:PuzzleCube","Bronze Scales","hubris:BlackHole","hubris:SphereOfDissonance","Gremlin Food","Letter Opener","Whetstone","StuffTheSpire:HeavyRock"],"acts_visited":["Exordium","TheCity","TheBeyond"],"potions_floor_usage":[30,33,33,38,44,49,49],"damage_taken":[{"damage":7,"enemies":"Small Slimes","floor":2,"turns":5},{"damage":0,"enemies":"2 Louse","floor":5,"turns":1},{"damage":23,"enemies":"3 Sentries","floor":6,"turns":9},{"damage":0,"enemies":"Cultist","floor":8,"turns":2},{"damage":9,"enemies":"Lagavulin","floor":10,"turns":4},{"damage":2,"enemies":"downfall:LooterAlt","floor":15,"turns":6},{"damage":18,"enemies":"WA_ARCHETYPE_RETAIN","floor":16,"turns":5},{"damage":28,"enemies":"3 Byrds","floor":19,"turns":5},{"damage":5,"enemies":"downfall:LooterAlt2","floor":20,"turns":2},{"damage":12,"enemies":"3 Cultists","floor":21,"turns":6},{"damage":10,"enemies":"Shelled Parasite and Fungi","floor":22,"turns":3},{"damage":29,"enemies":"Nightmare","floor":23,"turns":6},{"damage":26,"enemies":"Gremlin Leader","floor":29,"turns":3},{"damage":11,"enemies":"Centurion and Healer","floor":30,"turns":3},{"damage":0,"enemies":"Snecko","floor":32,"turns":4},{"damage":0,"enemies":"DF_ARCHETYPE_CLAW","floor":33,"turns":4},{"damage":33,"enemies":"3 Shapes","floor":36,"turns":3},{"damage":10,"enemies":"3 Darklings","floor":37,"turns":5},{"damage":0,"enemies":"Transient","floor":38,"turns":5},{"damage":2,"enemies":"Writhing Mass","floor":39,"turns":4},{"damage":0,"enemies":"Spire Growth","floor":42,"turns":3},{"damage":4,"enemies":"Giant Head","floor":44,"turns":3},{"damage":5,"enemies":"Maw","floor":45,"turns":3},{"damage":13,"enemies":"3 Darklings","floor":46,"turns":3},{"damage":14,"enemies":"4 Shapes","floor":47,"turns":3},{"damage":0,"enemies":"Nightmare","floor":48,"turns":5},{"damage":3,"enemies":"Jaw Worm Horde","floor":49,"turns":2},{"damage":0,"enemies":"SI_POISON_ARCHETYPE","floor":50,"turns":5}],"seed_played":"-6285798128749465355","potions_obtained":[{"floor":6,"key":"Guardian:BlockOnCardUsePotion"},{"floor":10,"key":"Energy Potion"},{"floor":15,"key":"champ:CounterPotion"},{"floor":32,"key":"Swift Potion"},{"floor":33,"key":"SpeedPotion"},{"floor":36,"key":"AttackPotion"},{"floor":38,"key":"Flashbang"},{"floor":44,"key":"ColorlessPotion"}],"is_trial":false,"path_per_floor":["R","M","?","?","M","E","T","M","R","E","R","?","?","T","M","B",null,"R","M","M","M","M","NM","T","R","?","AVR","?","E","M","?","M","B",null,"R","M","M","M","M","R","T","M","AVR","E","M","M","M","NM","M","B",null],"character_chosen":"SLIMEBOUND","items_purchased":[],"campfire_rested":4,"item_purchase_floors":[],"current_hp_per_floor":[65,62,62,62,64,49,49,51,65,60,65,68,68,68,68,55,68,68,46,45,45,39,18,18,38,38,38,38,20,11,11,15,23,68,68,43,41,45,49,68,68,65,65,65,64,55,43,51,54,65],"gold":909,"neow_bonus":"RANDOM_COMMON_RELIC","is_daily":false,"chose_seed":false,"campfire_upgraded":1,"win_rate":0.0,"timestamp":1614402231,"path_taken":["R","M","?","?","M","E","T","?","R","E","R","?","?","?","M","BOSS","R","M","M","M","M","NM","T","R","?","AVR","?","E","M","?","M","BOSS","R","M","M","M","M","R","T","M","AVR","E","?","?","M","NM","M","BOSS"],"items_purchased_type":[],"build_version":"2020-12-22","purchased_purges":0,"victory":true,"max_hp_per_floor":[65,65,65,65,65,65,65,65,65,65,65,68,68,68,68,68,68,68,68,68,68,68,68,68,68,68,68,68,68,68,68,68,68,68,68,68,68,68,68,68,68,65,65,65,65,65,65,65,65,65],"relic_stats":{"Busted Crown":52,"counters":[28,111],"Bronze Scales":[129],"Letter Opener":[226],"Whetstone":[],"Orichalcum":[84],"obtain_stats":[{"Ice Cream":49,"Replay:Accelerometer":32,"Gremlin Horn":23,"Hammer of Thor":0,"halation:Komachan":37,"Whetstone":43,"StuffTheSpire:SapphireSignet":47,"hubris:HerbalPaste":50,"Prayer Wheel":45,"halation:KoshaPiece":46,"hubris:MobiusCoin":23,"Girya":38,"wanderingMiniBosses:ThiefScarf":21,"hubris:SphereOfDissonance":27,"StuffTheSpire:Wildfire":29,"Letter Opener":41,"Anvil of the Gods":0,"Bronze Scales":23,"ReplayTheSpireMod:TigerMarble":6,"hubris:ToyBattleship":30,"infinitespire:EmpoweringShard":42,"infinitespire:PuzzleCube":18,"Unceasing Top":48,"Lantern":0,"ClockworkSouvenir":37,"hubris:BlackHole":27,"StuffTheSpire:Experiment12":30,"StuffTheSpire:Gunfinga":10,"Dream Catcher":32,"Matryoshka":29,"Slimebound:MaxSlimesRelic":36,"TheAbacus":39,"StuffTheSpire:HeavyRock":48,"Toolbox":39,"StuffTheSpire:Nightcore":7,"Chemical X":38,"hubris:GlazedTorus":42,"Gremlin Food":29,"StuffTheSpire:Expresso":22,"Replay:WaspNest":33,"The Courier":33,"Seething Fire":0,"infinitespire:CheckeredPen":46,"Orichalcum":14,"Busted Crown":17,"Ornamental Fan":22,"Slimebound:AbsorbEndCombat":0,"Membership Card":36,"Toy Ornithopter":47,"hubris:Potato":48},{"Ice Cream":26,"Replay:Accelerometer":14,"Gremlin Horn":11,"Hammer of Thor":0,"halation:Komachan":17,"Whetstone":21,"StuffTheSpire:SapphireSignet":24,"hubris:HerbalPaste":27,"Prayer Wheel":22,"halation:KoshaPiece":23,"hubris:MobiusCoin":11,"Girya":18,"wanderingMiniBosses:ThiefScarf":10,"hubris:SphereOfDissonance":12,"StuffTheSpire:Wildfire":12,"Letter Opener":20,"Anvil of the Gods":0,"Bronze Scales":12,"ReplayTheSpireMod:TigerMarble":3,"hubris:ToyBattleship":13,"infinitespire:EmpoweringShard":20,"infinitespire:PuzzleCube":7,"Unceasing Top":25,"Lantern":0,"ClockworkSouvenir":17,"hubris:BlackHole":12,"StuffTheSpire:Experiment12":13,"StuffTheSpire:Gunfinga":5,"Dream Catcher":14,"Matryoshka":12,"Slimebound:MaxSlimesRelic":16,"TheAbacus":19,"StuffTheSpire:HeavyRock":26,"Toolbox":19,"StuffTheSpire:Nightcore":3,"Chemical X":18,"hubris:GlazedTorus":20,"Gremlin Food":13,"StuffTheSpire:Expresso":10,"Replay:WaspNest":15,"The Courier":15,"Seething Fire":0,"infinitespire:CheckeredPen":23,"Orichalcum":5,"Busted Crown":7,"Ornamental Fan":10,"Slimebound:AbsorbEndCombat":0,"Membership Card":16,"Toy Ornithopter":24,"hubris:Potato":25},{"Ice Cream":104,"Replay:Accelerometer":60,"Gremlin Horn":48,"Hammer of Thor":0,"halation:Komachan":70,"Whetstone":87,"StuffTheSpire:SapphireSignet":96,"hubris:HerbalPaste":106,"Prayer Wheel":90,"halation:KoshaPiece":93,"hubris:MobiusCoin":48,"Girya":75,"wanderingMiniBosses:ThiefScarf":45,"hubris:SphereOfDissonance":54,"StuffTheSpire:Wildfire":54,"Letter Opener":84,"Anvil of the Gods":0,"Bronze Scales":54,"ReplayTheSpireMod:TigerMarble":15,"hubris:ToyBattleship":57,"infinitespire:EmpoweringShard":84,"infinitespire:PuzzleCube":32,"Unceasing Top":99,"Lantern":0,"ClockworkSouvenir":70,"hubris:BlackHole":54,"StuffTheSpire:Experiment12":57,"StuffTheSpire:Gunfinga":21,"Dream Catcher":60,"Matryoshka":54,"Slimebound:MaxSlimesRelic":67,"TheAbacus":80,"StuffTheSpire:HeavyRock":104,"Toolbox":80,"StuffTheSpire:Nightcore":15,"Chemical X":75,"hubris:GlazedTorus":84,"Gremlin Food":57,"StuffTheSpire:Expresso":45,"Replay:WaspNest":63,"The Courier":63,"Seething Fire":0,"infinitespire:CheckeredPen":93,"Orichalcum":21,"Busted Crown":32,"Ornamental Fan":45,"Slimebound:AbsorbEndCombat":0,"Membership Card":67,"Toy Ornithopter":96,"hubris:Potato":99}]},"card_choices":[{"not_picked":["Slimebound:BestDefense","Slimebound:ServeAndProtect"],"picked":"Slimebound:AcidTongue","floor":2},{"not_picked":["Slimebound:GoopTackle","Slimebound:BestDefense"],"picked":"Slimebound:DivideAndConquer","floor":5},{"not_picked":["Slimebound:Nibble","Slimebound:FirmFortitude"],"picked":"Slimebound:Recollect","floor":6},{"not_picked":["Slimebound:GoopTackle","Slimebound:HungryTackle"],"picked":"Slimebound:SplitBruiser","floor":8},{"not_picked":["Slimebound:Dissolve","Slimebound:BestDefense"],"picked":"Slimebound:MinionMaster","floor":10},{"not_picked":["Slimebound:SplitBruiser","Slimebound:LeechEnergy"],"picked":"Slimebound:HauntingLick","floor":15},{"not_picked":["Slimebound:PrepareCrush","Slimebound:OneTwoCombo"],"picked":"Slimebound:RallyTheTroops","floor":16},{"not_picked":[],"picked":"Slimebound:SplitLeeching","floor":19},{"not_picked":[],"picked":"Slimebound:ItLooksTasty","floor":20},{"not_picked":[],"picked":"Slimebound:AcidTongue+1","floor":21},{"not_picked":[],"picked":"Slimebound:Prepare+1","floor":22},{"not_picked":[],"picked":"Slimebound:Dissolve","floor":23},{"not_picked":["Slimebound:SlimeBarrage"],"picked":"SKIP","floor":29},{"not_picked":[],"picked":"Slimebound:SplitMire","floor":30},{"not_picked":["Slimebound:Recollect"],"picked":"SKIP","floor":32},{"not_picked":[],"picked":"Slimebound:PrepareCrush","floor":33},{"not_picked":["Slimebound:FinishingTackle+1"],"picked":"SKIP","floor":36},{"not_picked":[],"picked":"Slimebound:PressTheAttack","floor":37},{"not_picked":["Slimebound:LeechingTouch+1"],"picked":"SKIP","floor":38},{"not_picked":[],"picked":"Slimebound:ItLooksTasty+1","floor":39},{"not_picked":["Slimebound:LeechingTouch+1"],"picked":"SKIP","floor":42},{"not_picked":[],"picked":"Slimebound:GoopSpray+1","floor":44},{"not_picked":[],"picked":"Slimebound:FlameTackle","floor":45},{"not_picked":[],"picked":"Slimebound:GoopSpray+1","floor":46},{"not_picked":[],"picked":"Slimebound:AcidTongue","floor":47},{"not_picked":[],"picked":"Slimebound:SpikyOuterGoop","floor":48},{"not_picked":[],"picked":"Slimebound:HauntingLick+1","floor":49}],"player_experience":85553,"relics_obtained":[{"floor":6,"key":"ReplayTheSpireMod:TigerMarble"},{"floor":7,"key":"StuffTheSpire:Nightcore"},{"floor":10,"key":"StuffTheSpire:Gunfinga"},{"floor":14,"key":"Orichalcum"},{"floor":18,"key":"infinitespire:PuzzleCube"},{"floor":21,"key":"wanderingMiniBosses:ThiefScarf"},{"floor":21,"key":"Seething Fire"},{"floor":21,"key":"infinitespire:PuzzleCube"},{"floor":23,"key":"Bronze Scales"},{"floor":29,"key":"Gremlin Food"},{"floor":41,"key":"Letter Opener"},{"floor":48,"key":"StuffTheSpire:HeavyRock"}],"event_choices":[{"cards_removed":["Slimebound:Strike_Slimebound"],"damage_healed":0,"gold_gain":0,"player_choice":"Forget","damage_taken":0,"max_hp_gain":0,"max_hp_loss":0,"event_name":"Living Wall","floor":13,"gold_loss":0},{"cards_removed":["Slimebound:Dissolve"],"damage_healed":0,"gold_gain":0,"player_choice":"Card Removal","damage_taken":0,"max_hp_gain":0,"max_hp_loss":0,"event_name":"Wheel of Change","floor":31,"gold_loss":0}],"is_beta":false,"boss_relics":[{"not_picked":["Snecko Eye","halation:Risk"],"picked":"Busted Crown"},{"not_picked":["StuffTheSpire:Kangaroo","halation:MonkeysPaw","Ring of Chaos"]}],"items_purged_floors":[],"is_endless":false,"potions_floor_spawned":[6,10,15,23,32,33,36,38,42,44,45],"ascension_level":0}}