{"host":"zs3l0h23z1eclq2n","time":1614442161,"event":{"mods":["Act Like it!","BaseMod","Downfall","Minty Spire (QoL Compilation)","MostiFishMod","RumiaBox-露米娅的神秘盒子","StSLib","Yuri Mod","【功能Mod】混沌之环修复补丁"],"gold_per_floor":[110,125,125,145,145,165,199,199,199,213,213,233,308,321,321,416,416,434,359,371,371,383,383,415,415,415,433,433,433,433,468,468,572,572,585,585,614,626,651,689,715,727,765,809,746,756,656,705,705,705,705,705,177,203,203],"floor_reached":56,"language":"ZHS","playtime":4163,"items_purged":["downfall:Bewildered","yuri:RelentlessStrikes","yuri:Suicide"],"score":1197,"play_id":"28867c05-f11b-4fc8-a319-b2796f7df37f","local_time":"20210228000921","is_ascension_mode":false,"campfire_choices":[{"data":"yuri:GrowingInsanity","floor":8.0,"key":"SMITH"},{"data":"yuri:Oolong","floor":11.0,"key":"SMITH"},{"floor":15.0,"key":"REST"},{"data":"yuri:MPose","floor":23.0,"key":"SMITH"},{"data":"yuri:DragonForm","floor":25.0,"key":"SMITH"},{"floor":29.0,"key":"REST"},{"data":"yuri:Virus","floor":32.0,"key":"SMITH"},{"data":"yuri:DejaVu","floor":42,"key":"SMITH"},{"floor":49,"key":"RECALL"},{"data":"yuri:DuplicateCode","floor":52,"key":"SMITH"}],"circlet_count":0,"master_deck":["yuri:yuriDefend+1","yuri:Oolong+1","yuri:yuriStab+1","yuri:DragonForm+1","yuri:BookPurple","yuri:GrowingInsanity+1","yuri:DejaVu+1","yuri:DuplicateCode+1","yuri:Stalk+1","yuri:MPose+1","yuri:MPose+1","yuri:HoldBack+1","yuri:Virus+1","Slimebound:Tackle+1","Slimebound:Tackle+1","Slimebound:Tackle+1","yuri:BookPurple+1","Madness","Madness","yuri:MultiDip+1","yuri:BookRed+1","yuri:HeavierStrike+1"],"relics":["yuri:yuriKnife","DaveBox","SynthV:TestCard","Juzu Bracelet","SynthV:C4","RhineSuit","sneckomod:BabySnecko","Mummified Hand","LastBattle","yuri:BookOfBooks","MawBank","InkBottle","Bag of Preparation","ZombieArmy","CaptainsWheel","yuri:PortableGlitches","Orrery","Nunchaku"],"acts_visited":["Exordium","TheCity","TheBeyond","TheEnding"],"potions_floor_usage":[44,55,55],"damage_taken":[{"damage":2.0,"enemies":"Cultist","floor":1.0,"turns":3.0},{"damage":2.0,"enemies":"Small Slimes","floor":2.0,"turns":3.0},{"damage":2.0,"enemies":"Jaw Worm","floor":4.0,"turns":2.0},{"damage":15.0,"enemies":"Large Slime","floor":6.0,"turns":6.0},{"damage":16.0,"enemies":"Gremlin Nob","floor":7.0,"turns":4.0},{"damage":4.0,"enemies":"Blue Slaver","floor":10.0,"turns":3.0},{"damage":6.0,"enemies":"2 Fungi Beasts","floor":12.0,"turns":3.0},{"damage":5.0,"enemies":"Large Slime","floor":14.0,"turns":4.0},{"damage":40.0,"enemies":"The Guardian","floor":16.0,"turns":7.0},{"damage":6.0,"enemies":"Shell Parasite","floor":18.0,"turns":3.0},{"damage":8.0,"enemies":"Spheric Guardian","floor":20.0,"turns":4.0},{"damage":15.0,"enemies":"Snecko","floor":22.0,"turns":4.0},{"damage":20.0,"enemies":"Slavers","floor":24.0,"turns":3.0},{"damage":6.0,"enemies":"Snake Plant","floor":27.0,"turns":3.0},{"damage":26.0,"enemies":"Book of Stabbing","floor":31.0,"turns":5.0},{"damage":19,"enemies":"Automaton","floor":33,"turns":5},{"damage":6,"enemies":"3 Shapes","floor":35,"turns":4},{"damage":0,"enemies":"Orb Walker","floor":37,"turns":2},{"damage":13,"enemies":"Maw","floor":39,"turns":6},{"damage":10,"enemies":"Reptomancer","floor":40,"turns":3},{"damage":3,"enemies":"Sphere and 2 Shapes","floor":41,"turns":3},{"damage":9,"enemies":"Giant Head","floor":44,"turns":4},{"damage":0,"enemies":"3 Darklings","floor":46,"turns":1},{"damage":4,"enemies":"2 Orb Walkers","floor":48,"turns":2},{"damage":29,"enemies":"Donu and Deca","floor":50,"turns":7},{"damage":0,"enemies":"Shield and Spear","floor":54,"turns":3},{"damage":64,"enemies":"The Heart","floor":55,"turns":6}],"seed_played":"-606110011199546256","potions_obtained":[{"floor":6.0,"key":"AttackPotion"},{"floor":10.0,"key":"LiquidMemories"},{"floor":12.0,"key":"LiquidBronze"},{"floor":16.0,"key":"ColorlessPotion"},{"floor":18.0,"key":"Slimebound:ThreeZeroPotion"},{"floor":31.0,"key":"Regen Potion"},{"floor":33,"key":"Strength Potion"},{"floor":39,"key":"bronze:BurnAndBuffPotion"},{"floor":41,"key":"SpeedPotion"},{"floor":46,"key":"Weak Potion"}],"is_trial":false,"path_per_floor":["M","M","?","M","?","M","E","R","T","M","R","M","?","M","R","B",null,"M","?","M","?","M","R","E","R","T","M","?","R","?","E","R","B",null,"M","?","M","?","M","E","M","R","T","E","$","M","$","?","R","B",null,"R","$","E","B",null],"character_chosen":"YURI","items_purchased":["yuri:PortableGlitches","Orrery"],"campfire_rested":2,"item_purchase_floors":[53,53],"current_hp_per_floor":[71,71,57,59,59,48,36,36,36,36,36,37,26,28,49,16,72,72,72,66,66,58,58,45,45,45,46,46,67,67,46,46,34,72,66,66,66,57,51,48,52,52,52,59,59,59,59,62,62,40,72,72,72,72,22],"gold":203,"neow_bonus":"REMOVE_TWO","is_daily":false,"chose_seed":false,"campfire_upgraded":7,"win_rate":0.0,"timestamp":1614442161,"path_taken":["M","M","?","M","?","M","E","R","T","M","R","M","?","M","R","BOSS","M","?","M","?","M","R","E","R","T","M","?","R","?","E","R","BOSS","M","?","M","?","M","E","M","R","T","E","$","M","$","?","R","BOSS","R","$","E","BOSS"],"items_purchased_type":["Relic","Relic"],"build_version":"2020-12-22","purchased_purges":3,"victory":true,"max_hp_per_floor":[72,72,72,72,72,72,72,72,72,72,72,72,72,72,72,72,72,72,72,72,72,72,72,72,72,72,72,72,72,72,72,72,72,72,72,72,72,72,72,72,72,72,72,72,72,72,72,72,72,72,72,72,72,72,72],"card_choices":[{"not_picked":["yuri:Spin","yuri:Stalk","yuri:TPose"],"picked":"SKIP","floor":1.0},{"not_picked":["yuri:Stalk","yuri:DebugCard","yuri:yuriHeavyStrike","yuri:TPose","yuri:Stare"],"picked":"SKIP","floor":2.0},{"not_picked":["yuri:UntestedCode","yuri:yuriQuickStrike","yuri:InduceGlitch","yuri:Stare"],"picked":"yuri:DragonForm","floor":4.0},{"not_picked":["yuri:BookRed","yuri:MPose","yuri:UntestedCode","yuri:Spin"],"picked":"yuri:BookPurple","floor":6.0},{"not_picked":["yuri:NoEscape","yuri:TPose","yuri:BookRed","yuri:Stalk"],"picked":"yuri:GrowingInsanity","floor":7.0},{"not_picked":["yuri:ThrowingKnives","yuri:Parry","yuri:ChibiInvasion","yuri:ThrowBook","yuri:CalmingAura"],"picked":"SKIP","floor":10.0},{"not_picked":["yuri:Spin","yuri:BrokenCode","yuri:DebugCard","yuri:ThrowingKnives"],"picked":"yuri:DejaVu","floor":12.0},{"not_picked":["yuri:Spin","yuri:NerfBat","yuri:TPose","yuri:BookRed","yuri:AdaptiveAI"],"picked":"SKIP","floor":14.0},{"not_picked":["yuri:MagneticKnives","yuri:MirrorInsanity","yuri:GhostForm","yuri:ExploitStrike"],"picked":"yuri:DuplicateCode","floor":16.0},{"not_picked":["yuri:Stare","yuri:TPose","yuri:yuriHeavyStrike","yuri:ThornRemove","yuri:InduceGlitch"],"picked":"SKIP","floor":18.0},{"not_picked":["yuri:BookPurple","yuri:BookBlue","yuri:MPose","yuri:yuriQuickStrike"],"picked":"yuri:Stalk+1","floor":20.0},{"not_picked":["yuri:CalmingAura","yuri:DeepBreathing","yuri:RepairCode+1","yuri:yuriHeavyStrike"],"picked":"yuri:MPose","floor":22.0},{"not_picked":["yuri:Stalk","yuri:ExploitStrike","yuri:ArmBrace","yuri:MultiDip"],"picked":"yuri:MPose+1","floor":24.0},{"not_picked":["yuri:RecklessStrike","yuri:GlitchedStrike+1","yuri:BookBlue+1","yuri:WickedSlash"],"picked":"yuri:HoldBack+1","floor":27.0},{"not_picked":["yuri:ReactiveMadness","yuri:RepairCode+1","yuri:DebugCard+1","yuri:CalmingAura+1","yuri:TPose+1"],"picked":"SKIP","floor":31.0},{"not_picked":["yuri:NoEscape","yuri:DistillInsanity","yuri:Torment","yuri:DisableStrike"],"picked":"yuri:Suicide","floor":33},{"not_picked":["yuri:BookRed+1","yuri:BookGreen+1","yuri:BookBlue+1"],"picked":"yuri:BookPurple+1","floor":34},{"not_picked":["yuri:BookPurple","yuri:GlitchedStrike+1","yuri:NerfBat","yuri:MPose+1","yuri:TeaSet"],"picked":"SKIP","floor":35},{"not_picked":["yuri:HeavierStrike","yuri:DeepBreathing","yuri:Parry","yuri:WickedSlash+1","yuri:TPose+1"],"picked":"SKIP","floor":37},{"not_picked":["yuri:SturdyUniform","yuri:Stalk+1","yuri:yuriHeavyStrike","yuri:TeaSet+1"],"picked":"yuri:MultiDip+1","floor":39},{"not_picked":["yuri:Stare","yuri:Torment","yuri:GrowingInsanity+1","yuri:ThrowBook","yuri:DeepBreathing"],"picked":"SKIP","floor":40},{"not_picked":["yuri:MPose","yuri:ThrowBook","yuri:BookGreen+1","yuri:Stalk","yuri:DebugCard+1"],"picked":"SKIP","floor":41},{"not_picked":["yuri:ThrowingKnives+1","yuri:ThrowBook","yuri:Stalk","yuri:BookGreen","yuri:AdaptiveAI+1"],"picked":"SKIP","floor":44},{"not_picked":["yuri:MPose+1","yuri:Stalk","yuri:StealPen","yuri:RemoveSafetyChecks","yuri:GlitchedStrike+1"],"picked":"SKIP","floor":46},{"not_picked":["yuri:GlitchRemove","yuri:Skip","yuri:ReactiveMadness","yuri:SeeingDouble"],"picked":"yuri:BookRed+1","floor":53},{"not_picked":["yuri:GlitchedStrike","yuri:Stare+1","yuri:BookGreen","yuri:TeaSet"],"picked":"yuri:HeavierStrike+1","floor":53},{"not_picked":["yuri:TPose+1","yuri:CorruptHitbox+1","yuri:SeeingDouble+1","yuri:RecklessStrike","yuri:Skip"],"picked":"SKIP","floor":54}],"player_experience":240976,"relics_obtained":[{"floor":1.0,"key":"SynthV:TestCard"},{"floor":7.0,"key":"Juzu Bracelet"},{"floor":9.0,"key":"SynthV:C4"},{"floor":24.0,"key":"Mummified Hand"},{"floor":31.0,"key":"LastBattle"},{"floor":40,"key":"InkBottle"},{"floor":43,"key":"Bag of Preparation"},{"floor":44,"key":"ZombieArmy"},{"floor":48,"key":"CaptainsWheel"},{"floor":54,"key":"Nunchaku"}],"event_choices":[{"damage_healed":0.0,"max_hp_gain":0.0,"max_hp_loss":0.0,"gold_gain":0.0,"event_name":"Shining Light","player_choice":"Entered Light","floor":3.0,"gold_loss":0.0,"damage_taken":14.0,"cards_upgraded":["yuri:yuriDefend","yuri:yuriStab"]},{"cards_removed":["yuri:yuriStrike"],"damage_healed":0.0,"max_hp_gain":0.0,"max_hp_loss":0.0,"gold_gain":0.0,"event_name":"Bonfire Elementals","player_choice":"Offered Basic","floor":5.0,"gold_loss":0.0,"damage_taken":0.0},{"damage_healed":0.0,"max_hp_gain":0.0,"max_hp_loss":0.0,"gold_gain":75.0,"event_name":"World of Goop","player_choice":"Gather Gold","floor":13.0,"gold_loss":0.0,"damage_taken":11.0},{"cards_removed":["yuri:yuriDefend"],"damage_healed":0.0,"max_hp_gain":0.0,"max_hp_loss":0.0,"gold_gain":0.0,"event_name":"Beggar","player_choice":"Gave Gold","floor":19.0,"gold_loss":75.0,"damage_taken":0.0},{"damage_healed":0.0,"max_hp_gain":0.0,"max_hp_loss":0.0,"gold_gain":0.0,"cards_transformed":["yuri:yuriDefend","yuri:yuriDefend"],"event_name":"Drug Dealer","player_choice":"Became Test Subject","floor":28.0,"gold_loss":0.0,"damage_taken":0.0,"cards_obtained":["yuri:RelentlessStrikes","yuri:Virus"]},{"damage_healed":0,"gold_gain":0,"player_choice":"Gave Potion","damage_taken":0,"relics_obtained":["MawBank"],"max_hp_gain":0,"max_hp_loss":0,"event_name":"WeMeetAgain","floor":36,"gold_loss":0},{"damage_healed":0,"gold_gain":0,"player_choice":"Embrace Madness","damage_taken":9,"max_hp_gain":0,"max_hp_loss":0,"event_name":"Winding Halls","floor":38,"gold_loss":0,"cards_obtained":["Madness","Madness"]},{"damage_healed":0,"gold_gain":0,"player_choice":"Fight","damage_taken":0,"max_hp_gain":0,"max_hp_loss":0,"event_name":"Mysterious Sphere","floor":48,"gold_loss":0}],"is_beta":false,"boss_relics":[{"not_picked":["Snecko Eye","xbg"],"picked":"RhineSuit"},{"not_picked":["SlaversCollar","Philosopher\u0027s Stone"],"picked":"yuri:BookOfBooks"}],"items_purged_floors":[45,47,53],"is_endless":false,"potions_floor_spawned":[6,10,12,16,18,20,31,33,39,41,46],"ascension_level":0}}