{"host":"3j24k6gtmfx6ynrk","time":1614388568,"event":{"mods":["AchievementEnabler","BaseMod","Block Reminder","Colored Powertips","Highlight Path","Minty Spire (QoL Compilation)","Quick Restart","Rare Cards Sparkle","StSLib"],"gold_per_floor":[114,114,134,153,163,163,183,183,210,210,227,245,275,127,127,230,230,217,117,117,71,90,90,90],"floor_reached":23,"language":"DEU","playtime":1529,"items_purged":["Strike_R","Strike_R"],"score":293,"play_id":"be429aad-b8cb-4026-b830-a7e902372e9c","local_time":"20210227021608","is_ascension_mode":false,"campfire_choices":[{"data":"Pommel Strike","floor":6,"key":"SMITH"},{"data":"Flame Barrier","floor":8,"key":"SMITH"},{"data":"Clothesline","floor":10,"key":"SMITH"},{"data":"Feed","floor":15,"key":"SMITH"}],"circlet_count":0,"master_deck":["Strike_R","Strike_R","Strike_R","Defend_R","Defend_R","Defend_R","Defend_R","Bash+1","Clothesline+1","Pommel Strike+1","Flame Barrier+1","Feed+1","Rampage","Disarm","Battle Trance","Impervious","Shrug It Off","RitualDagger","Shrug It Off"],"relics":["Burning Blood","Strawberry","Red Skull","Black Star"],"acts_visited":["Exordium","TheCity"],"potions_floor_usage":[16,16,16,23],"damage_taken":[{"damage":11,"enemies":"Jaw Worm","floor":1,"turns":4},{"damage":4,"enemies":"Cultist","floor":3,"turns":4},{"damage":3,"enemies":"Small Slimes","floor":4,"turns":3},{"damage":12,"enemies":"3 Louse","floor":5,"turns":4},{"damage":11,"enemies":"Large Slime","floor":7,"turns":6},{"damage":14,"enemies":"Lots of Slimes","floor":11,"turns":4},{"damage":9,"enemies":"2 Fungi Beasts","floor":12,"turns":3},{"damage":17,"enemies":"Gremlin Nob","floor":13,"turns":5},{"damage":49,"enemies":"Slime Boss","floor":16,"turns":14},{"damage":29,"enemies":"2 Thieves","floor":18,"turns":4},{"damage":15,"enemies":"Shell Parasite","floor":22,"turns":12},{"damage":64,"enemies":"Slavers","floor":23,"turns":4}],"seed_played":"8844802882371831150","potions_obtained":[{"floor":4,"key":"Strength Potion"},{"floor":5,"key":"Strength Potion"},{"floor":12,"key":"Block Potion"},{"floor":16,"key":"GamblersBrew"},{"floor":22,"key":"LiquidBronze"}],"is_trial":true,"path_per_floor":["M","?","M","M","M","R","M","R","T","R","M","M","E","$","R","B",null,"M","$","?","$","M","E"],"character_chosen":"IRONCLAD","items_purchased":["Battle Trance","Shrug It Off"],"campfire_rested":0,"item_purchase_floors":[14,21],"current_hp_per_floor":[75,75,77,80,74,74,69,69,76,76,68,68,57,57,57,18,94,71,71,65,65,56,0,0],"gold":90,"neow_bonus":"","is_daily":false,"chose_seed":false,"campfire_upgraded":4,"win_rate":0.0,"timestamp":1614388568,"path_taken":["M","?","M","M","?","R","M","R","T","R","M","M","E","$","R","BOSS","M","?","?","$","M","E"],"items_purchased_type":["Card","Card"],"build_version":"2020-12-22","purchased_purges":2,"victory":false,"max_hp_per_floor":[80,80,80,80,80,80,80,80,87,87,87,90,90,90,90,94,94,94,94,94,94,94,94,94],"card_choices":[{"not_picked":["Pommel Strike","Bloodletting"],"picked":"Clothesline","floor":1},{"not_picked":["Cleave","Sever Soul"],"picked":"Pommel Strike","floor":3},{"not_picked":["Dual Wield","Rupture","Warcry"],"picked":"SKIP","floor":4},{"not_picked":["Body Slam","Havoc","Headbutt"],"picked":"SKIP","floor":5},{"not_picked":["Twin Strike","Armaments"],"picked":"Flame Barrier","floor":7},{"not_picked":["Wild Strike","Whirlwind"],"picked":"Feed","floor":11},{"not_picked":["Thunderclap","Sever Soul"],"picked":"Rampage","floor":12},{"not_picked":["Cleave","Heavy Blade"],"picked":"Disarm","floor":13},{"not_picked":["Feed","Fiend Fire"],"picked":"Impervious","floor":16},{"not_picked":["Wild Strike","Warcry"],"picked":"Shrug It Off","floor":18},{"not_picked":["Twin Strike+1","Fire Breathing","Infernal Blade"],"picked":"SKIP","floor":22}],"player_experience":129776,"relics_obtained":[{"floor":9,"key":"Strawberry"},{"floor":13,"key":"Red Skull"}],"event_choices":[{"damage_healed":0,"gold_gain":0,"player_choice":"Upgraded","damage_taken":0,"max_hp_gain":0,"max_hp_loss":0,"event_name":"Upgrade Shrine","floor":2,"gold_loss":0,"cards_upgraded":["Bash"]},{"damage_healed":0,"gold_gain":0,"player_choice":"Joined the Cult","damage_taken":6,"max_hp_gain":0,"max_hp_loss":0,"event_name":"Nest","floor":20,"gold_loss":0,"cards_obtained":["RitualDagger"]}],"is_beta":false,"boss_relics":[{"not_picked":["Runic Cube","Snecko Eye"],"picked":"Black Star"}],"items_purged_floors":[14,19],"is_endless":true,"potions_floor_spawned":[4,5,12,13,16,22],"killed_by":"Slavers","ascension_level":0}}