{"host":"q9718omregw4er46","time":1614458857,"event":{"mods":["BaseMod","Minty Spire (QoL Compilation)","Quick Restart","Relic Stats"],"gold_per_floor":[119,119,119,135,152,152,169,29,29,29,56,69,80,109,109,205,255,273,293,20,20,37,37,66,80,162,191,191,242,260,260,260,338,338,356,356,164,176,189,214,214,240,286,300,325,325,341,341,341,341,341,341,341,70,101,101],"floor_reached":57,"language":"ENG","playtime":3261,"items_purged":["Strike_B","Shame","Strike_B"],"score":3184,"play_id":"6fa362d5-63ad-4660-a8f0-6f8fecdb1660","local_time":"20210228014737","is_ascension_mode":true,"campfire_choices":[{"floor":6.0,"key":"REST"},{"data":"Sunder","floor":10.0,"key":"SMITH"},{"data":"Streamline","floor":15.0,"key":"SMITH"},{"data":"Defragment","floor":23.0,"key":"SMITH"},{"data":"Skim","floor":28.0,"key":"SMITH"},{"data":"Genetic Algorithm","floor":32.0,"key":"SMITH"},{"floor":41.0,"key":"RECALL"},{"data":"Loop","floor":46,"key":"SMITH"},{"data":"Hologram","floor":49,"key":"SMITH"},{"data":"Stack","floor":53,"key":"SMITH"}],"circlet_count":0,"master_deck":["AscendersBane","Strike_B","Strike_B","Defend_B+1","Defend_B","Defend_B","Defend_B","Zap","Dualcast","Cold Snap+1","Streamline+1","Skim+1","Sunder+1","Fusion","Cold Snap","Meteor Strike","Melter","Defragment+1","Compile Driver","Apotheosis","Core Surge","Genetic Algorithm+1","Conserve Battery","Sunder+1","Meteor Strike","Stack+1","Loop+1","Hologram+1","Recycle","Capacitor","Meteor Strike"],"relics":["Snecko Eye","Cables","Pear","Calipers","Happy Flower","Tiny House","Gambling Chip","Eternal Feather","HornCleat","Unceasing Top","Smiling Mask","Nilry\u0027s Codex","Nuclear Battery","DataDisk","Mummified Hand","Centennial Puzzle","FossilizedHelix"],"acts_visited":["Exordium","TheCity","TheBeyond","TheEnding"],"potions_floor_usage":[54,56,56],"damage_taken":[{"damage":13.0,"enemies":"2 Louse","floor":1.0,"turns":5.0},{"damage":4.0,"enemies":"Jaw Worm","floor":4.0,"turns":4.0},{"damage":0.0,"enemies":"Cultist","floor":5.0,"turns":2.0},{"damage":1.0,"enemies":"Large Slime","floor":7.0,"turns":6.0},{"damage":19.0,"enemies":"Lagavulin","floor":11.0,"turns":6.0},{"damage":27.0,"enemies":"Exordium Thugs","floor":12.0,"turns":5.0},{"damage":0.0,"enemies":"2 Fungi Beasts","floor":13.0,"turns":3.0},{"damage":0.0,"enemies":"3 Sentries","floor":14.0,"turns":3.0},{"damage":6.0,"enemies":"Hexaghost","floor":16.0,"turns":9.0},{"damage":0.0,"enemies":"Chosen","floor":18.0,"turns":2.0},{"damage":7.0,"enemies":"3 Byrds","floor":19.0,"turns":4.0},{"damage":1.0,"enemies":"Centurion and Healer","floor":22.0,"turns":5.0},{"damage":0.0,"enemies":"Gremlin Leader","floor":24.0,"turns":5.0},{"damage":17.0,"enemies":"Shelled Parasite and Fungi","floor":25.0,"turns":3.0},{"damage":0.0,"enemies":"Book of Stabbing","floor":27.0,"turns":3.0},{"damage":0.0,"enemies":"Cultist and Chosen","floor":30.0,"turns":4.0},{"damage":30.0,"enemies":"Collector","floor":33.0,"turns":9.0},{"damage":0.0,"enemies":"Orb Walker","floor":35.0,"turns":3.0},{"damage":0.0,"enemies":"3 Shapes","floor":38.0,"turns":5.0},{"damage":0.0,"enemies":"Maw","floor":39.0,"turns":4.0},{"damage":0.0,"enemies":"Giant Head","floor":40.0,"turns":6.0},{"damage":0.0,"enemies":"Reptomancer","floor":42.0,"turns":6.0},{"damage":0.0,"enemies":"Writhing Mass","floor":44.0,"turns":6.0},{"damage":0,"enemies":"Giant Head","floor":45,"turns":5},{"damage":0,"enemies":"Jaw Worm Horde","floor":47,"turns":2},{"damage":0,"enemies":"Donu and Deca","floor":50,"turns":6},{"damage":46,"enemies":"Time Eater","floor":51,"turns":11},{"damage":42,"enemies":"Shield and Spear","floor":55,"turns":6},{"damage":36,"enemies":"The Heart","floor":56,"turns":8}],"seed_played":"8613799520136155444","potions_obtained":[{"floor":4.0,"key":"Fruit Juice"},{"floor":14.0,"key":"ColorlessPotion"},{"floor":16.0,"key":"Explosive Potion"},{"floor":17.0,"key":"SkillPotion"},{"floor":22.0,"key":"FocusPotion"},{"floor":33.0,"key":"DistilledChaos"},{"floor":47,"key":"Fruit Juice"},{"floor":55,"key":"GamblersBrew"}],"is_trial":true,"path_per_floor":["M","?","?","M","M","R","M","$","T","R","E","M","M","E","R","B",null,"M","M","$","?","M","R","E","M","T","E","R","T","M","?","R","B",null,"M","?","$","M","M","E","R","E","T","M","E","R","M","?","R","B","B",null,"R","$","E","B",null],"character_chosen":"DEFECT","items_purchased":["Sunder","AttackPotion","Apotheosis","Stack","Loop","Capacitor","Meteor Strike","Energy Potion"],"campfire_rested":1,"item_purchase_floors":[8,8,20,37,37,54,54,54],"current_hp_per_floor":[51,25,25,21,21,48,47,47,57,57,38,11,11,11,11,5,71,71,64,64,64,63,63,63,46,46,46,61,61,61,40,55,25,75,75,70,70,70,70,70,85,85,85,85,85,91,91,91,91,91,45,80,91,96,54,18],"gold":101,"neow_bonus":"","is_daily":false,"chose_seed":false,"campfire_upgraded":8,"win_rate":0.0,"timestamp":1614458857,"path_taken":["M","?","?","M","M","R","M","$","T","R","E","M","?","E","R","BOSS","M","M","$","?","M","R","E","M","T","E","R","?","?","?","R","BOSS","M","?","$","M","M","E","R","E","T","M","E","R","M","?","R","BOSS","BOSS","R","$","E","BOSS"],"items_purchased_type":["Card","Potion","Card","Card","Card","Card","Card","Potion"],"build_version":"2020-12-22","purchased_purges":3,"victory":true,"max_hp_per_floor":[71,71,71,71,71,76,76,76,86,86,86,86,86,86,86,86,91,91,91,91,91,91,91,91,91,91,91,91,91,91,91,91,91,91,91,91,91,91,91,91,91,91,91,91,91,91,91,91,91,91,91,91,91,96,96,96],"relic_stats":{"Centennial Puzzle":[9],"Happy Flower":[37],"counters":[29,145],"Mummified Hand":[58],"Gambling Chip":[96],"Snecko Eye":[328,327,355,335],"Eternal Feather":62,"Smiling Mask":125,"obtain_stats":[{"Pear":9,"Calipers":11,"Tiny House":17,"Happy Flower":14,"Nilry\u0027s Codex":31,"Eternal Feather":24,"Smiling Mask":29,"Cables":2,"Nuclear Battery":34,"DataDisk":40,"Centennial Puzzle":45,"HornCleat":26,"Mummified Hand":42,"Gambling Chip":21,"Snecko Eye":0,"Unceasing Top":27,"FossilizedHelix":55},{"Pear":4,"Calipers":5,"Tiny House":9,"Happy Flower":8,"Nilry\u0027s Codex":16,"Eternal Feather":13,"Smiling Mask":15,"Cables":1,"Nuclear Battery":17,"DataDisk":21,"Centennial Puzzle":24,"HornCleat":14,"Mummified Hand":22,"Gambling Chip":11,"Snecko Eye":0,"Unceasing Top":15,"FossilizedHelix":28},{"Pear":17,"Calipers":23,"Tiny House":43,"Happy Flower":34,"Nilry\u0027s Codex":69,"Eternal Feather":59,"Smiling Mask":65,"Cables":5,"Nuclear Battery":78,"DataDisk":95,"Centennial Puzzle":112,"HornCleat":62,"Mummified Hand":101,"Gambling Chip":49,"Snecko Eye":0,"Unceasing Top":65,"FossilizedHelix":137}],"Unceasing Top":[60],"Cables":[119,17,32,0,70]},"card_choices":[{"not_picked":["Beam Cell","Steam"],"picked":"Cold Snap","floor":1.0},{"not_picked":["Conserve Battery","Barrage"],"picked":"Streamline","floor":4.0},{"not_picked":["Sweeping Beam","Conserve Battery"],"picked":"Skim","floor":5.0},{"not_picked":["Turbo","BootSequence","Beam Cell"],"picked":"SKIP","floor":7.0},{"not_picked":["Hello World","Undo"],"picked":"Fusion","floor":11.0},{"not_picked":["Coolheaded","Rip and Tear"],"picked":"Cold Snap","floor":12.0},{"not_picked":["Rip and Tear","Streamline","Storm"],"picked":"SKIP","floor":13.0},{"not_picked":["Coolheaded","Gash","Redo"],"picked":"SKIP","floor":14.0},{"not_picked":["Creative AI","Biased Cognition"],"picked":"Meteor Strike","floor":16.0},{"not_picked":["Barrage","Steam"],"picked":"Melter","floor":17.0},{"not_picked":["Gash","Chaos"],"picked":"Defragment","floor":18.0},{"not_picked":["Steam","Loop"],"picked":"Compile Driver","floor":19.0},{"not_picked":["Gash","Coolheaded"],"picked":"Core Surge","floor":22.0},{"not_picked":["Ball Lightning","Stack"],"picked":"Genetic Algorithm","floor":24.0},{"not_picked":["Chill+1","Coolheaded"],"picked":"Conserve Battery","floor":25.0},{"not_picked":["Reinforced Body","Creative AI"],"picked":"Sunder+1","floor":27.0},{"not_picked":["Beam Cell","Cold Snap+1","Coolheaded"],"picked":"SKIP","floor":30.0},{"not_picked":["Core Surge","Rainbow"],"picked":"Meteor Strike","floor":33.0},{"not_picked":["Sweeping Beam+1","Ball Lightning","Streamline"],"picked":"SKIP","floor":35.0},{"not_picked":["Redo","Streamline","Gash"],"picked":"SKIP","floor":38.0},{"not_picked":["Auto Shields","Chaos"],"picked":"Glacier","floor":39.0},{"not_picked":["Cold Snap","Thunder Strike","Turbo+1"],"picked":"SKIP","floor":40.0},{"not_picked":["Beam Cell","Sweeping Beam","Conserve Battery"],"picked":"SKIP","floor":42.0},{"not_picked":["Ball Lightning","Sunder"],"picked":"Hologram","floor":44},{"not_picked":["Reinforced Body","Scrape"],"picked":"Recycle","floor":45},{"not_picked":["Streamline+1","Cold Snap+1","Rebound"],"picked":"SKIP","floor":47},{"not_picked":["Cold Snap","Melter","Genetic Algorithm"],"picked":"SKIP","floor":55}],"player_experience":856087,"relics_obtained":[{"floor":9.0,"key":"Pear"},{"floor":11.0,"key":"Calipers"},{"floor":14.0,"key":"Happy Flower"},{"floor":24.0,"key":"Eternal Feather"},{"floor":26.0,"key":"HornCleat"},{"floor":27.0,"key":"Unceasing Top"},{"floor":29.0,"key":"Smiling Mask"},{"floor":31.0,"key":"Nilry\u0027s Codex"},{"floor":40.0,"key":"DataDisk"},{"floor":42.0,"key":"Mummified Hand"},{"floor":45,"key":"Centennial Puzzle"},{"floor":55,"key":"FossilizedHelix"}],"event_choices":[{"damage_healed":0.0,"max_hp_gain":0.0,"max_hp_loss":0.0,"gold_gain":0.0,"event_name":"Scrap Ooze","player_choice":"Success","floor":2.0,"gold_loss":0.0,"damage_taken":26.0,"relics_obtained":["Cables"]},{"damage_healed":0.0,"max_hp_gain":0.0,"max_hp_loss":0.0,"gold_gain":0.0,"event_name":"Upgrade Shrine","player_choice":"Upgraded","floor":3.0,"gold_loss":0.0,"damage_taken":0.0,"cards_upgraded":["Cold Snap"]},{"damage_healed":0.0,"max_hp_gain":0.0,"max_hp_loss":0.0,"gold_gain":0.0,"event_name":"Addict","player_choice":"Stole Relic","floor":21.0,"gold_loss":0.0,"damage_taken":0.0,"relics_obtained":["Gambling Chip"],"cards_obtained":["Shame"]},{"damage_healed":0.0,"max_hp_gain":0.0,"max_hp_loss":0.0,"gold_gain":0.0,"event_name":"Cursed Tome","player_choice":"Obtained Book","floor":31.0,"gold_loss":0.0,"damage_taken":21.0},{"damage_healed":0.0,"max_hp_gain":0.0,"max_hp_loss":0.0,"gold_gain":0.0,"event_name":"SensoryStone","player_choice":"Memory 2","floor":36.0,"gold_loss":0.0,"damage_taken":5.0},{"cards_removed":["Glacier"],"damage_healed":0,"gold_gain":0,"player_choice":"Removed Skill","damage_taken":0,"max_hp_gain":0,"max_hp_loss":0,"event_name":"Falling","floor":48,"gold_loss":0}],"is_beta":false,"boss_relics":[{"not_picked":["Runic Pyramid","Sozu"],"picked":"Tiny House"},{"not_picked":["Velvet Choker","Runic Dome"],"picked":"Nuclear Battery"}],"items_purged_floors":[20,37,54],"is_endless":false,"potions_floor_spawned":[4,14,16,19,22,33,35,42,47,55],"ascension_level":20}}