{"host":"9l4mw5jqza9qz9hr","time":1614424931,"event":{"mods":["AchievementEnabler","Always Whale","BaseMod","Colored Map","Minty Spire (QoL Compilation)","StSLib","SuperFastMode"],"gold_per_floor":[114,126,126,126,15,51,51,85,157,191,212,230,230,244,244,339,339,362,262,283,301,322,360,360,404,404,435,435,450,575,591,591,591,591],"floor_reached":33,"language":"KOR","playtime":978,"items_purged":["Strike_R","Body Slam"],"score":708,"play_id":"5dfa0151-8247-43b7-a90a-2f1e9d958278","local_time":"20210227202211","is_ascension_mode":true,"campfire_choices":[{"data":"Heavy Blade","floor":7,"key":"SMITH"},{"data":"Heavy Blade","floor":13,"key":"SMITH"},{"data":"Flex","floor":15,"key":"SMITH"},{"data":"Limit Break","floor":24,"key":"SMITH"},{"floor":28,"key":"REST"},{"data":"Spot Weakness","floor":32,"key":"PURGE"}],"circlet_count":0,"master_deck":["AscendersBane","Bash","Whirlwind","Heavy Blade+1","Inflame","Pummel","Heavy Blade+1","Flex+1","Shrug It Off","Spot Weakness","Sword Boomerang","Limit Break+1","Ghostly Armor","Feed","Rupture","Shockwave","Disarm","Shockwave","True Grit+1","Battle Trance","Shrug It Off","Impervious","Pommel Strike+1","Sword Boomerang"],"relics":["Burning Blood","NeowsBlessing","Golden Idol","Blood Vial","Kunai","StrikeDummy","Mango","Pandora\u0027s Box","Matryoshka","Vajra","Darkstone Periapt","CaptainsWheel","MealTicket","Peace Pipe","Blue Candle"],"acts_visited":["Exordium","TheCity"],"potions_floor_usage":[10,21,21,21,23,25,29,30,33],"damage_taken":[{"damage":0,"enemies":"Cultist","floor":1,"turns":1},{"damage":0,"enemies":"2 Louse","floor":2,"turns":1},{"damage":0,"enemies":"Lagavulin","floor":6,"turns":1},{"damage":20,"enemies":"3 Sentries","floor":8,"turns":4},{"damage":16,"enemies":"Gremlin Nob","floor":10,"turns":3},{"damage":4,"enemies":"Jaw Worm","floor":11,"turns":3},{"damage":8,"enemies":"Blue Slaver","floor":12,"turns":3},{"damage":20,"enemies":"Exordium Wildlife","floor":14,"turns":4},{"damage":29,"enemies":"The Guardian","floor":16,"turns":7},{"damage":17,"enemies":"Shell Parasite","floor":18,"turns":4},{"damage":12,"enemies":"Chosen","floor":20,"turns":3},{"damage":30,"enemies":"Snake Plant","floor":21,"turns":3},{"damage":9,"enemies":"Centurion and Healer","floor":22,"turns":4},{"damage":14,"enemies":"Book of Stabbing","floor":23,"turns":2},{"damage":0,"enemies":"Gremlin Leader","floor":25,"turns":3},{"damage":32,"enemies":"Book of Stabbing","floor":27,"turns":6},{"damage":14,"enemies":"Shelled Parasite and Fungi","floor":29,"turns":4},{"damage":31,"enemies":"Colosseum Slavers","floor":30,"turns":4},{"damage":16,"enemies":"Colosseum Nobs","floor":30,"turns":4},{"damage":0,"enemies":"Snecko","floor":31,"turns":4},{"damage":29,"enemies":"Collector","floor":33,"turns":5}],"seed_played":"3082629528690901055","potions_obtained":[{"floor":1,"key":"ColorlessPotion"},{"floor":2,"key":"LiquidBronze"},{"floor":8,"key":"DistilledChaos"},{"floor":14,"key":"EntropicBrew"},{"floor":22,"key":"SteroidPotion"},{"floor":23,"key":"AttackPotion"},{"floor":25,"key":"CultistPotion"},{"floor":31,"key":"ColorlessPotion"}],"is_trial":false,"path_per_floor":["M","M","?","?","$","E","R","E","T","E","M","M","R","M","R","B",null,"M","$","M","M","M","E","R","E","T","E","R","M","?","M","R","B"],"character_chosen":"IRONCLAD","items_purchased":["Inflame"],"campfire_rested":1,"item_purchase_floors":[5],"current_hp_per_floor":[74,75,75,57,57,63,63,51,51,57,61,61,61,49,49,28,74,65,65,61,39,41,35,35,48,48,24,51,45,17,25,25,0,0],"gold":591,"neow_bonus":"THREE_ENEMY_KILL","is_daily":false,"chose_seed":false,"campfire_upgraded":4,"win_rate":0.0,"timestamp":1614424931,"path_taken":["M","?","?","?","$","E","R","E","T","E","M","M","R","M","R","BOSS","M","$","M","M","M","E","R","E","T","E","R","M","?","M","R","BOSS"],"items_purchased_type":["Card"],"build_version":"2020-12-22","purchased_purges":2,"victory":false,"max_hp_per_floor":[75,75,75,75,75,75,75,75,75,89,89,89,89,89,89,89,89,89,89,89,89,92,92,92,92,92,92,92,92,95,95,95,95,95],"card_choices":[{"not_picked":["Reckless Charge","Iron Wave"],"picked":"Whirlwind","floor":1},{"not_picked":["Spot Weakness","Perfected Strike"],"picked":"Heavy Blade","floor":2},{"not_picked":["Disarm","Warcry"],"picked":"Pummel","floor":6},{"not_picked":["Hemokinesis","Havoc"],"picked":"Heavy Blade","floor":8},{"not_picked":["Thunderclap","Warcry"],"picked":"Flex","floor":10},{"not_picked":["Rupture","Corruption"],"picked":"Shrug It Off","floor":11},{"not_picked":["Cleave","Hemokinesis"],"picked":"Spot Weakness","floor":12},{"not_picked":["Sever Soul","Cleave"],"picked":"Sword Boomerang","floor":14},{"not_picked":["Juggernaut","Fiend Fire"],"picked":"Limit Break","floor":16},{"not_picked":["Wild Strike","Metallicize","Combust"],"picked":"SKIP","floor":18},{"not_picked":["Clothesline","Pommel Strike","Fire Breathing"],"picked":"SKIP","floor":20},{"not_picked":["Headbutt","Warcry"],"picked":"True Grit+1","floor":21},{"not_picked":["Flame Barrier","Wild Strike"],"picked":"Battle Trance","floor":22},{"not_picked":["Pummel","Wild Strike"],"picked":"Shrug It Off","floor":23},{"not_picked":["Body Slam+1","Sword Boomerang"],"picked":"Impervious","floor":25},{"not_picked":["Thunderclap","Twin Strike","Dual Wield"],"picked":"SKIP","floor":27},{"not_picked":["Warcry+1","Sword Boomerang"],"picked":"Pommel Strike+1","floor":29},{"not_picked":["Body Slam","Entrench"],"picked":"Sword Boomerang","floor":30},{"not_picked":["Pommel Strike","Shrug It Off","Clothesline+1"],"picked":"SKIP","floor":31}],"player_experience":271403,"relics_obtained":[{"floor":6,"key":"Blood Vial"},{"floor":8,"key":"Kunai"},{"floor":9,"key":"StrikeDummy"},{"floor":10,"key":"Mango"},{"floor":23,"key":"Matryoshka"},{"floor":25,"key":"Vajra"},{"floor":26,"key":"Darkstone Periapt"},{"floor":26,"key":"CaptainsWheel"},{"floor":27,"key":"MealTicket"},{"floor":30,"key":"Peace Pipe"},{"floor":30,"key":"Blue Candle"}],"event_choices":[{"damage_healed":0,"gold_gain":0,"player_choice":"Ignored","damage_taken":0,"max_hp_gain":0,"max_hp_loss":0,"event_name":"Liars Game","floor":3,"gold_loss":0},{"damage_healed":0,"gold_gain":0,"player_choice":"Take Damage","damage_taken":18,"relics_obtained":["Golden Idol"],"max_hp_gain":0,"max_hp_loss":0,"event_name":"Golden Idol","floor":4,"gold_loss":0},{"damage_healed":0,"gold_gain":0,"player_choice":"Fight","damage_taken":0,"max_hp_gain":0,"max_hp_loss":0,"event_name":"Colosseum","floor":30,"gold_loss":0},{"damage_healed":0,"gold_gain":0,"player_choice":"Fought Nobs","damage_taken":0,"max_hp_gain":0,"max_hp_loss":0,"event_name":"Colosseum","floor":30,"gold_loss":0}],"is_beta":false,"boss_relics":[{"not_picked":["Astrolabe","Busted Crown"],"picked":"Pandora\u0027s Box"}],"items_purged_floors":[5,19],"is_endless":false,"potions_floor_spawned":[1,2,8,14,22,23,25,31],"killed_by":"Collector","ascension_level":14}}