{"host":"wbn3xdfsa5pc2kse","time":1614409162,"event":{"mods":["AchievementEnabler","BaseMod","Bestiary","Better Altar","Better Match","Better Note","Better Sensory Stone","Better Skull","Better Third Choice","Colored Map","Colored Powertips","Curses Come First","Highlight Path","Minty Spire (QoL Compilation)","Permanent Neow","Rare Cards Sparkle","Relic Stats","Replay The Spire","StSLib"],"gold_per_floor":[110,129,146,161,0,0,28,28,28,46,56,85,85,85,85,159,159,174,185,185,19,62,62,62,62,62],"floor_reached":25,"language":"ENG","playtime":1023,"items_purged":["Strike_R"],"score":380,"play_id":"d09284d7-8eaf-4abf-a43e-1026286a6034","local_time":"20210227145922","is_ascension_mode":true,"campfire_choices":[{"data":"Uppercut","floor":6,"key":"SMITH"},{"data":"Hemogenesis","floor":8,"key":"SMITH"},{"data":"True Grit","floor":13,"key":"SMITH"},{"data":"ReplayTheSpireMod:Corrosion Curse","floor":15,"key":"SMITH"},{"data":"Bash","floor":23,"key":"SMITH"}],"circlet_count":0,"master_deck":["AscendersBane","Strike_R","Strike_R","Defend_R","Defend_R","Defend_R","Defend_R","Bash+1","Hemogenesis+1","ReplayTheSpireMod:Corrosion Curse+1","ReplayTheSpireMod:Strike From Hell","Uppercut+1","True Grit+1","Hemogenesis","Shrug It Off","Offering","Bludgeon","Replay:Undeath\u0027s Touch+1","Shrug It Off+1","ReplayTheSpireMod:Limb From Limb","Inflame"],"relics":["Burning Blood","Red Skull","BranchBurnRelic","Self Forming Clay","Pantograph","Philosopher\u0027s Stone","Pen Nib"],"acts_visited":["Exordium","TheCity"],"potions_floor_usage":[7,10,12,19,25,25],"damage_taken":[{"damage":17,"enemies":"Jaw Worm","floor":1,"turns":5},{"damage":3,"enemies":"2 Louse","floor":2,"turns":4},{"damage":5,"enemies":"Small Slimes","floor":3,"turns":5},{"damage":14,"enemies":"Blue Slaver","floor":4,"turns":5},{"damage":13,"enemies":"Gremlin Nob","floor":7,"turns":4},{"damage":20,"enemies":"Exordium Thugs","floor":10,"turns":7},{"damage":3,"enemies":"Looter","floor":11,"turns":4},{"damage":46,"enemies":"Lagavulin","floor":12,"turns":9},{"damage":42,"enemies":"The Guardian","floor":16,"turns":18},{"damage":20,"enemies":"Chosen","floor":18,"turns":5},{"damage":8,"enemies":"2 Thieves","floor":19,"turns":4},{"damage":91,"enemies":"Gremlin Leader","floor":25,"turns":9}],"seed_played":"-8998712516282209627","potions_obtained":[{"floor":2,"key":"Adrenaline Potion"},{"floor":3,"key":"SteroidPotion"},{"floor":11,"key":"ElixirPotion"},{"floor":12,"key":"SpeedPotion"},{"floor":16,"key":"Fire Potion"},{"floor":22,"key":"LiquidMemories"}],"is_trial":false,"path_per_floor":["M","M","M","M","$","R","E","R","T","M","M","E","R","?","R","B",null,"M","M","?","$","?","R","$","E"],"character_chosen":"IRONCLAD","items_purchased":["Red Skull","Shrug It Off+1","AttackPotion"],"campfire_rested":0,"item_purchase_floors":[5,21,21],"current_hp_per_floor":[44,52,58,50,50,50,48,48,48,62,73,35,35,40,40,62,76,70,73,73,73,47,47,47,0,0],"gold":62,"neow_bonus":"TRANSFORM_TWO_CARDS","is_daily":false,"chose_seed":false,"campfire_upgraded":5,"win_rate":0.0,"timestamp":1614409162,"path_taken":["M","M","M","M","$","R","E","R","T","M","M","E","R","?","R","BOSS","M","M","?","$","?","R","$","E"],"items_purchased_type":["Relic","Card","Potion"],"build_version":"2020-12-22","purchased_purges":1,"victory":false,"max_hp_per_floor":[75,75,75,75,75,75,75,75,75,75,75,75,75,80,80,80,80,80,80,80,80,80,80,80,80,80],"relic_stats":{"counters":[12,79],"Self Forming Clay":[90],"Pantograph":25,"Pen Nib":[1],"obtain_stats":[{"BranchBurnRelic":8,"Self Forming Clay":9,"Dead Branch":7,"Pantograph":12,"Philosopher\u0027s Stone":17,"Pen Nib":22,"Burning Blood":0,"Red Skull":5},{"BranchBurnRelic":5,"Self Forming Clay":5,"Dead Branch":5,"Pantograph":8,"Philosopher\u0027s Stone":9,"Pen Nib":11,"Burning Blood":0,"Red Skull":4},{"BranchBurnRelic":23,"Self Forming Clay":23,"Dead Branch":23,"Pantograph":43,"Philosopher\u0027s Stone":61,"Pen Nib":70,"Burning Blood":0,"Red Skull":19}],"Burning Blood":66},"card_choices":[{"not_picked":["Body Slam","Havoc"],"picked":"ReplayTheSpireMod:Strike From Hell","floor":1},{"not_picked":["Clash","Warcry"],"picked":"Uppercut","floor":2},{"not_picked":["Wild Strike","Clothesline"],"picked":"True Grit","floor":3},{"not_picked":["ReplayTheSpireMod:Strike From Hell","Sever Soul"],"picked":"Hemogenesis","floor":4},{"not_picked":["Thunderclap","Twin Strike","Flex"],"picked":"SKIP","floor":7},{"not_picked":["Thunderclap","Twin Strike","Flex"],"picked":"SKIP","floor":7},{"not_picked":["Wild Strike","Twin Strike","Clash"],"picked":"SKIP","floor":10},{"not_picked":["Pommel Strike","Evolve"],"picked":"Shrug It Off","floor":11},{"not_picked":["Headbutt","ReplayTheSpireMod:Strike From Hell"],"picked":"Offering","floor":12},{"not_picked":["Limit Break","Barricade"],"picked":"Bludgeon","floor":16},{"not_picked":["Thunderclap","Havoc","Flex"],"picked":"SKIP","floor":18},{"not_picked":["Perfected Strike","Body Slam"],"picked":"Replay:Undeath\u0027s Touch+1","floor":19},{"not_picked":["Massacre","Perfected Strike"],"picked":"ReplayTheSpireMod:Limb From Limb","floor":22},{"not_picked":["Pummel","Entrench"],"picked":"Inflame","floor":22}],"player_experience":908678,"relics_obtained":[{"floor":7,"key":"Dead Branch"},{"floor":9,"key":"Self Forming Clay"},{"floor":12,"key":"Pantograph"},{"floor":22,"key":"Pen Nib"}],"event_choices":[{"damage_healed":0,"gold_gain":0,"player_choice":"Donut","damage_taken":0,"max_hp_gain":5,"max_hp_loss":0,"event_name":"Big Fish","floor":14,"gold_loss":0},{"damage_healed":0,"gold_gain":0,"player_choice":"Ignored","damage_taken":0,"max_hp_gain":0,"max_hp_loss":0,"event_name":"Ghosts","floor":20,"gold_loss":0}],"is_beta":false,"boss_relics":[{"not_picked":["Fusion Hammer","SacredBark"],"picked":"Philosopher\u0027s Stone"}],"items_purged_floors":[21],"is_endless":false,"potions_floor_spawned":[2,3,11,12,16,18],"killed_by":"Gremlin Leader","ascension_level":16}}