{"host":"dgzcrkpp5hmi1639","time":1614442427,"event":{"mods":["A Magickal Journey","BaseMod","BetterRewards","Colored Powertips","Duelist Mod","Energized Spire","GifTheSpireLib","Infinite Spire","Koishi","Minty Spire (QoL Compilation)","Prisma Mod","Quick Restart","Shop Mod","StSLib","Stuff the Spire","The Bug Knight","The Forsaken","The Jungle","The Necromancer","The Servant 0.9.4","The Wild Card","???mod?????"],"gold_per_floor":[119,131,148,165,182,182,213,213,213,34,45,63,88,101,101,199,199,217,237,237,237,251,251,283,98,169,169,195,195,210,240,240,340,340,351,363,363,363],"floor_reached":37,"language":"ENG","playtime":1760,"items_purged":[],"score":490,"play_id":"a4509821-6bc4-4336-add4-b8866c86676a","local_time":"20210227171347","is_ascension_mode":true,"campfire_choices":[{"data":"Potential","floor":6,"key":"SMITH"},{"data":"Sabotage","floor":8,"key":"SMITH"},{"floor":15,"key":"REST"},{"floor":23,"key":"REST"},{"floor":27,"key":"REST"},{"floor":32,"key":"REST"}],"circlet_count":0,"master_deck":["Strike_S","Strike_S","Strike_S+1","Defend_S","Defend_S","Defend_S","Defend_S","KidneyShot","Exchange","Sabotage+1","Alleviate","TimeWarp","Potential+1","InstantArmor","Rearm","Sadistic Nature","SilverBlades","Potential","Potential","Luminosity","FlawlessForm","Starlight","TimeWarp+1","Luminosity+1","Strike_S","ShatteredReality+1","Ricochet","Potential+1","ShatteredReality","Initiator+1","ShatteredReality","TimeWarp"],"relics":["Uniform","NeowsBlessing","StuffTheSpire:Gunfinga","Nunchaku","Orichalcum","energizedSpire:RedRose","Sling","Black Star","StuffTheSpire:Mouthbags","Pen Nib","theJungle:Creamberry","Eternal Feather","infinitespire:Satchel","Whetstone","Bottled Lightning","Oddly Smooth Stone","Fusion Hammer"],"acts_visited":["Exordium","Exordium","TheBeyond"],"potions_floor_usage":[5,5,7,7,7,13,13,24,24,28,31],"damage_taken":[{"damage":0,"enemies":"Cultist","floor":1,"turns":1},{"damage":0,"enemies":"2 Louse","floor":2,"turns":2},{"damage":0,"enemies":"Small Slimes","floor":3,"turns":1},{"damage":8,"enemies":"2 Fungi Beasts","floor":4,"turns":5},{"damage":0,"enemies":"Gremlin Gang","floor":5,"turns":7},{"damage":15,"enemies":"3 Sentries","floor":7,"turns":7},{"damage":1,"enemies":"Looter","floor":11,"turns":2},{"damage":9,"enemies":"Lots of Slimes","floor":12,"turns":3},{"damage":10,"enemies":"Lagavulin","floor":13,"turns":5},{"damage":0,"enemies":"3 Louse","floor":14,"turns":3},{"damage":32,"enemies":"Hexaghost","floor":16,"turns":10},{"damage":24,"enemies":"theJungle:Flameango_and_Byrd","floor":18,"turns":5},{"damage":11,"enemies":"Shell Parasite","floor":19,"turns":6},{"damage":9,"enemies":"theJungle:Lyon","floor":22,"turns":4},{"damage":32,"enemies":"theJungle:Cassacara","floor":24,"turns":5},{"damage":1,"enemies":"theJungle:MamaSnecko","floor":28,"turns":5},{"damage":13,"enemies":"theJungle:2_Snecko_Cultists","floor":30,"turns":4},{"damage":13,"enemies":"theJungle:Cassacara","floor":31,"turns":5},{"damage":7,"enemies":"theJungle:QueenSpyder","floor":33,"turns":7},{"damage":0,"enemies":"Orb Walker","floor":35,"turns":4},{"damage":8,"enemies":"3 Darklings","floor":36,"turns":3},{"damage":63,"enemies":"4 Shapes","floor":37,"turns":4}],"seed_played":"-5999923233267908943","potions_obtained":[{"floor":1,"key":"PowerPotion"},{"floor":2,"key":"AttackPotion"},{"floor":3,"key":"EntropicBrew"},{"floor":12,"key":"SpeedPotion"},{"floor":16,"key":"DuplicationPotion"},{"floor":19,"key":"SmokeBomb"},{"floor":24,"key":"Fire Potion"},{"floor":28,"key":"SpeedPotion"},{"floor":30,"key":"EssenceOfSteel"},{"floor":36,"key":"Strength Potion"}],"is_trial":false,"path_per_floor":["M","M","M","M","M","R","E","R","T","$","M","M","E","M","R","B",null,"M","M","?","AVR","M","R","E","?","T","R","E","?","M","E","R","B",null,"M","M","M"],"character_chosen":"THE_SERVANT","items_purchased":["Sadistic Nature"],"campfire_rested":4,"item_purchase_floors":[10],"current_hp_per_floor":[65,65,65,57,57,57,42,42,42,42,41,32,22,22,41,9,65,41,30,30,30,21,40,8,8,8,42,41,41,28,15,49,42,65,65,57,0,0],"gold":363,"neow_bonus":"THREE_ENEMY_KILL","is_daily":false,"chose_seed":false,"campfire_upgraded":2,"win_rate":0.0,"timestamp":1614442427,"path_taken":["M","M","M","M","M","R","E","R","T","$","?","M","E","M","R","BOSS","M","M","?","AVR","M","R","E","?","T","R","E","?","M","E","R","BOSS","M","M","M"],"items_purchased_type":["Card"],"build_version":"2020-12-22","purchased_purges":0,"victory":false,"max_hp_per_floor":[65,65,65,65,65,65,65,65,65,65,65,65,65,65,65,65,65,65,65,65,65,65,65,65,65,65,65,65,65,65,65,65,65,65,65,65,65,65],"card_choices":[{"not_picked":["Rewind","BestPractice"],"picked":"Sabotage","floor":1},{"not_picked":["FastForward","DoubleEdge"],"picked":"Alleviate","floor":2},{"not_picked":["Collapse","FastForward"],"picked":"TimeWarp","floor":3},{"not_picked":["Unruled","Moonlight"],"picked":"Potential","floor":4},{"not_picked":["Unruled","Revamp"],"picked":"InstantArmor","floor":5},{"not_picked":["Revamp","Alleviate"],"picked":"Rearm","floor":7},{"not_picked":["Spin","BestPractice"],"picked":"SilverBlades","floor":11},{"not_picked":["ShiftingGears","Rewind"],"picked":"Potential","floor":12},{"not_picked":["DoubleEdge","GearUp"],"picked":"Potential","floor":13},{"not_picked":["Defy","RealityMarble"],"picked":"Luminosity","floor":14},{"not_picked":["TheWorld","Dilation"],"picked":"FlawlessForm","floor":16},{"not_picked":["FastForward","Rewind+1"],"picked":"Starlight","floor":18},{"not_picked":["Snipe","ReturningBlade"],"picked":"TimeWarp","floor":19},{"not_picked":["FastForward+1","Solidify"],"picked":"Luminosity+1","floor":22},{"not_picked":["Alleviate","Collapse"],"picked":"ShatteredReality","floor":24},{"not_picked":["Gouge+1","FastForward"],"picked":"Ricochet","floor":28},{"not_picked":["Moonlight+1","SpecialFormula+1"],"picked":"Potential+1","floor":30},{"not_picked":["SpecialFormula+1","Defy"],"picked":"ShatteredReality","floor":31},{"not_picked":["LightFlow+1","Solidify+1"],"picked":"Initiator+1","floor":33},{"not_picked":["FanOfKnives+1","DoubleEdge"],"picked":"ShatteredReality","floor":35},{"not_picked":["Reset+1","ShatteredReality+1"],"picked":"TimeWarp","floor":36}],"player_experience":89973,"relics_obtained":[{"floor":7,"key":"StuffTheSpire:Gunfinga"},{"floor":9,"key":"Nunchaku"},{"floor":13,"key":"Orichalcum"},{"floor":24,"key":"StuffTheSpire:Mouthbags"},{"floor":24,"key":"Pen Nib"},{"floor":26,"key":"Eternal Feather"},{"floor":28,"key":"infinitespire:Satchel"},{"floor":28,"key":"Whetstone"},{"floor":31,"key":"Bottled Lightning"},{"floor":31,"key":"Oddly Smooth Stone"}],"event_choices":[{"damage_healed":0,"gold_gain":0,"player_choice":"Forge","damage_taken":0,"max_hp_gain":0,"max_hp_loss":0,"event_name":"Accursed Blacksmith","floor":29,"gold_loss":0,"cards_upgraded":["TimeWarp"]}],"is_beta":false,"boss_relics":[{"not_picked":["Busted Crown","Coffee Dripper"],"picked":"energizedSpire:RedRose"},{"not_picked":["StuffTheSpire:Kangaroo","energizedSpire:DeadBattery"],"picked":"Fusion Hammer"}],"items_purged_floors":[],"is_endless":false,"potions_floor_spawned":[1,2,3,12,16,19,24,28,30,36],"killed_by":"4 Shapes","ascension_level":1}}