{"host":"9l4mw5jqza9qz9hr","time":1614443075,"event":{"mods":["AchievementEnabler","Always Whale","BaseMod","Colored Map","Minty Spire (QoL Compilation)","StSLib","SuperFastMode"],"gold_per_floor":[12,12,12,12,31,75,88,88,88,88,13,47,68,93,93,93,93],"floor_reached":16,"language":"KOR","playtime":743,"items_purged":[],"score":198,"play_id":"cbf1fc98-7976-46d5-a871-d1b1a30a7c70","local_time":"20210228012435","is_ascension_mode":true,"campfire_choices":[{"data":"Demon Form","floor":8,"key":"SMITH"},{"data":"Feed","floor":10,"key":"SMITH"},{"data":"Shockwave","floor":15,"key":"SMITH"}],"circlet_count":0,"master_deck":["AscendersBane","Strike_R","Strike_R","Strike_R","Defend_R","Defend_R","Defend_R","Defend_R","Bash","Demon Form+1","Pommel Strike","Infernal Blade","Shockwave+1","Feed+1","Shrug It Off","Cleave","Anger"],"relics":["Burning Blood","Golden Idol","The Courier","Anchor","Bottled Lightning","Blood Vial"],"acts_visited":["Exordium"],"potions_floor_usage":[16],"damage_taken":[{"damage":12,"enemies":"Jaw Worm","floor":1,"turns":3},{"damage":4,"enemies":"Small Slimes","floor":5,"turns":4},{"damage":30,"enemies":"Lagavulin","floor":6,"turns":6},{"damage":8,"enemies":"2 Louse","floor":7,"turns":3},{"damage":24,"enemies":"Gremlin Nob","floor":12,"turns":4},{"damage":2,"enemies":"Exordium Wildlife","floor":13,"turns":3},{"damage":26,"enemies":"Large Slime","floor":14,"turns":6},{"damage":44,"enemies":"The Guardian","floor":16,"turns":6}],"seed_played":"5922338881175183357","potions_obtained":[{"floor":6,"key":"Strength Potion"},{"floor":13,"key":"FearPotion"},{"floor":14,"key":"BloodPotion"}],"is_trial":false,"path_per_floor":["M","?","T","?","M","E","M","R","T","R","?","E","M","M","R","B"],"character_chosen":"IRONCLAD","items_purchased":[],"campfire_rested":0,"item_purchase_floors":[],"current_hp_per_floor":[62,62,62,62,64,40,41,41,41,41,41,27,37,23,23,0,0],"gold":93,"neow_bonus":"THREE_RARE_CARDS","is_daily":false,"chose_seed":false,"campfire_upgraded":3,"win_rate":0.0,"timestamp":1614443075,"path_taken":["M","?","?","?","M","E","M","R","T","R","?","E","?","M","R","BOSS"],"items_purchased_type":[],"build_version":"2020-12-22","purchased_purges":0,"victory":false,"max_hp_per_floor":[75,68,68,68,68,68,71,71,71,71,71,75,79,83,83,83,83],"card_choices":[{"not_picked":["Exhume","Offering"],"picked":"Demon Form","floor":0},{"not_picked":["Body Slam","Rupture"],"picked":"Pommel Strike","floor":1},{"not_picked":["Perfected Strike","Combust"],"picked":"Shockwave","floor":5},{"not_picked":["Carnage","Inflame"],"picked":"Feed","floor":6},{"not_picked":["Fire Breathing","Headbutt"],"picked":"Shrug It Off","floor":7},{"not_picked":["Demon Form","Warcry","Feel No Pain"],"picked":"SKIP","floor":12},{"not_picked":["Flex","Dropkick"],"picked":"Cleave","floor":13},{"not_picked":["Feel No Pain","Metallicize"],"picked":"Anger","floor":14}],"player_experience":277251,"relics_obtained":[{"floor":3,"key":"The Courier"},{"floor":6,"key":"Anchor"},{"floor":9,"key":"Bottled Lightning"},{"floor":12,"key":"Blood Vial"}],"event_choices":[{"damage_healed":0,"gold_gain":0,"player_choice":"Lose Max HP","damage_taken":0,"relics_obtained":["Golden Idol"],"max_hp_gain":0,"max_hp_loss":7,"event_name":"Golden Idol","floor":2,"gold_loss":0},{"damage_healed":0,"gold_gain":0,"cards_transformed":["Strike_R"],"player_choice":"Change","damage_taken":0,"max_hp_gain":0,"max_hp_loss":0,"event_name":"Living Wall","floor":4,"gold_loss":0,"cards_obtained":["Infernal Blade"]},{"cards_removed":["Strike_R"],"damage_healed":0,"gold_gain":0,"player_choice":"Card Removal","damage_taken":0,"max_hp_gain":0,"max_hp_loss":0,"event_name":"The Cleric","floor":11,"gold_loss":75}],"is_beta":false,"boss_relics":[],"items_purged_floors":[],"is_endless":false,"potions_floor_spawned":[6,13,14],"killed_by":"The Guardian","ascension_level":16}}