{"host":"jjrg941k7ydtmr5s","time":1614387131,"event":{"mods":["BaseMod","Colored Map","Colored Powertips","DeckTracker","Highlight Path","Koishi","Marisa（霧雨　魔理沙）","Minty Spire (QoL Compilation)","Quick Restart","Remilia（蕾米莉?）","StSLib","SuperFastMode","The Administrix","The Bladedancer","The Cursed","The Forsaken","The Runesmith","The Servant 0.9.4","Youmu（魂魄妖梦）"],"gold_per_floor":[99,99,118,118,128,159,159,193,193,212,240,255,255,210,210,307,307,295,106,106,124,124,124,154,154,181,181,193,193,212,223,223,223,223],"floor_reached":33,"language":"JPN","playtime":2359,"items_purged":[],"score":299,"play_id":"a107bfd7-aa15-4f31-b10b-3bec45b316b0","local_time":"20210227095211","is_ascension_mode":true,"campfire_choices":[{"data":"Armaments","floor":7,"key":"SMITH"},{"data":"Demon Form","floor":13,"key":"SMITH"},{"data":"Flame Barrier","floor":15,"key":"SMITH"},{"data":"Combust","floor":23,"key":"SMITH"},{"data":"Carnage","floor":25,"key":"SMITH"},{"data":"Armaments","floor":27,"key":"SMITH"},{"data":"Flex","floor":29,"key":"SMITH"},{"floor":32,"key":"REST"}],"circlet_count":0,"master_deck":["Strike_R","Strike_R","Strike_R","Strike_R","Defend_R","Defend_R","Defend_R","Defend_R","Bash","Shrug It Off","Carnage+1","Flame Barrier+1","Armaments+1","Demon Form+1","Armaments+1","Rampage","Cleave","Exhume","Body Slam+1","Combust+1","Bloodletting","Ghostly Armor","Flex+1","Intimidate+1","Disarm","Entrench"],"relics":["Burning Blood","NeowsBlessing","Meat on the Bone","Runesmith:Nanobots","Oddly Smooth Stone","Velvet Choker","Sling","Dream Catcher","Bronze Scales"],"acts_visited":["Exordium","TheCity"],"potions_floor_usage":[],"damage_taken":[{"damage":0,"enemies":"Jaw Worm","floor":1,"turns":1},{"damage":0,"enemies":"Cultist","floor":3,"turns":1},{"damage":0,"enemies":"2 Louse","floor":5,"turns":1},{"damage":49,"enemies":"Gremlin Nob","floor":6,"turns":5},{"damage":20,"enemies":"Lagavulin","floor":8,"turns":7},{"damage":15,"enemies":"2 Fungi Beasts","floor":10,"turns":5},{"damage":18,"enemies":"3 Sentries","floor":11,"turns":12},{"damage":2,"enemies":"3 Louse","floor":12,"turns":6},{"damage":46,"enemies":"The Guardian","floor":16,"turns":14},{"damage":16,"enemies":"2 Thieves","floor":18,"turns":4},{"damage":12,"enemies":"Spheric Guardian","floor":21,"turns":4},{"damage":20,"enemies":"Gremlin Leader","floor":24,"turns":6},{"damage":12,"enemies":"Centurion and Healer","floor":28,"turns":4},{"damage":18,"enemies":"Shelled Parasite and Fungi","floor":30,"turns":5},{"damage":5,"enemies":"Cultist and Chosen","floor":31,"turns":5},{"damage":88,"enemies":"Champ","floor":33,"turns":9}],"seed_played":"2815521335415673569","potions_obtained":[{"floor":5,"key":"SteroidPotion"},{"floor":6,"key":"Explosive Potion"},{"floor":10,"key":"SteroidPotion"},{"floor":16,"key":"Block Potion"}],"is_trial":false,"path_per_floor":["M","?","M","$","M","E","R","E","T","M","E","M","R","?","R","B",null,"M","$","?","M","?","R","E","R","T","R","M","R","M","M","R","B"],"character_chosen":"IRONCLAD","items_purchased":["Combust","Sling"],"campfire_rested":1,"item_purchase_floors":[19,19],"current_hp_per_floor":[80,80,80,80,80,37,37,35,35,38,38,54,54,54,54,26,80,70,70,55,49,49,49,47,47,47,47,53,53,53,54,79,0,0],"gold":223,"neow_bonus":"THREE_ENEMY_KILL","is_daily":false,"chose_seed":false,"campfire_upgraded":7,"win_rate":0.0,"timestamp":1614387131,"path_taken":["M","?","?","$","M","E","R","E","T","M","E","M","R","?","R","BOSS","M","$","?","M","?","R","E","R","T","R","M","R","M","M","R","BOSS"],"items_purchased_type":["Card","Relic"],"build_version":"2020-12-22","purchased_purges":0,"victory":false,"max_hp_per_floor":[80,80,80,80,80,80,80,80,80,80,80,80,80,80,80,80,80,80,80,85,85,85,85,85,85,85,85,85,85,85,85,85,85,85],"card_choices":[{"not_picked":["True Grit","Uppercut"],"picked":"Shrug It Off","floor":1},{"not_picked":["Rampage","Shrug It Off"],"picked":"Carnage","floor":3},{"not_picked":["Heavy Blade","Headbutt"],"picked":"Flame Barrier","floor":5},{"not_picked":["Iron Wave","Infernal Blade"],"picked":"Armaments","floor":6},{"not_picked":["Fire Breathing","Warcry"],"picked":"Demon Form","floor":8},{"not_picked":["Blood for Blood","Clash"],"picked":"Armaments","floor":10},{"not_picked":["Searing Blow","Warcry"],"picked":"Rampage","floor":11},{"not_picked":["Clash","Pommel Strike"],"picked":"Cleave","floor":12},{"not_picked":["Offering","Berserk"],"picked":"Exhume","floor":16},{"not_picked":["Iron Wave","Evolve+1"],"picked":"Body Slam+1","floor":18},{"not_picked":["Sever Soul","Warcry"],"picked":"Bloodletting","floor":21},{"not_picked":["Armaments+1","Burning Pact"],"picked":"Ghostly Armor","floor":24},{"not_picked":["Clash+1","Rage"],"picked":"Flex","floor":28},{"not_picked":["Battle Trance","Dark Embrace"],"picked":"Intimidate+1","floor":30},{"not_picked":["Second Wind","Havoc"],"picked":"Disarm","floor":31},{"not_picked":["True Grit","Flame Barrier"],"picked":"Entrench","floor":32}],"player_experience":72945,"relics_obtained":[{"floor":6,"key":"Meat on the Bone"},{"floor":8,"key":"Runesmith:Nanobots"},{"floor":11,"key":"Oddly Smooth Stone"},{"floor":24,"key":"Dream Catcher"},{"floor":26,"key":"Bronze Scales"}],"event_choices":[{"cards_removed":["Strike_R"],"damage_healed":0,"gold_gain":0,"player_choice":"Offered Basic","damage_taken":0,"max_hp_gain":0,"max_hp_loss":0,"event_name":"Bonfire Elementals","floor":2,"gold_loss":0},{"damage_healed":0,"gold_gain":0,"player_choice":"Left Gold","damage_taken":0,"max_hp_gain":0,"max_hp_loss":0,"event_name":"World of Goop","floor":14,"gold_loss":45},{"damage_healed":0,"gold_gain":0,"player_choice":"Shed Blood","damage_taken":20,"max_hp_gain":5,"max_hp_loss":0,"event_name":"Forgotten Altar","floor":20,"gold_loss":0},{"damage_healed":0,"gold_gain":0,"player_choice":"Ignored","damage_taken":0,"max_hp_gain":0,"max_hp_loss":0,"event_name":"Ghosts","floor":22,"gold_loss":0}],"is_beta":false,"boss_relics":[{"not_picked":["Snecko Eye","Tiny House"],"picked":"Velvet Choker"}],"items_purged_floors":[],"is_endless":false,"potions_floor_spawned":[5,6,10,16,18,21,28],"killed_by":"Champ","ascension_level":1}}