{"host":"3sqvgza1l4ip9ny1","time":1614444908,"event":{"mods":["BaseMod","Minty Spire (QoL Compilation)"],"gold_per_floor":[114,129,148,158,158,158,192,192,215,215,215],"floor_reached":10,"language":"ENG","playtime":515,"items_purged":[],"score":107,"play_id":"53693bff-4147-4ba8-983b-6bd640b770cd","local_time":"20210227165508","is_ascension_mode":true,"campfire_choices":[{"data":"Feed","floor":6,"key":"SMITH"},{"data":"Uppercut","floor":8,"key":"SMITH"}],"circlet_count":0,"master_deck":["Strike_R","Strike_R","Strike_R","Strike_R","Defend_R","Defend_R","Defend_R","Defend_R","Bash","Feed+1","Shrug It Off","Rupture","Uppercut+1","Shrug It Off","Pommel Strike"],"relics":["Burning Blood","Golden Idol","Centennial Puzzle","Regal Pillow"],"acts_visited":["Exordium"],"potions_floor_usage":[],"damage_taken":[{"damage":10,"enemies":"Cultist","floor":1,"turns":4},{"damage":7,"enemies":"Small Slimes","floor":2,"turns":4},{"damage":0,"enemies":"2 Louse","floor":3,"turns":2},{"damage":10,"enemies":"2 Fungi Beasts","floor":4,"turns":4},{"damage":32,"enemies":"3 Sentries","floor":7,"turns":15},{"damage":46,"enemies":"Lagavulin","floor":10,"turns":10}],"seed_played":"5609991719586183565","potions_obtained":[{"floor":4,"key":"LiquidBronze"}],"is_trial":false,"path_per_floor":["M","M","M","M","?","R","E","R","T","E"],"character_chosen":"IRONCLAD","items_purchased":[],"campfire_rested":0,"item_purchase_floors":[],"current_hp_per_floor":[79,81,89,88,65,65,43,43,43,0,0],"gold":215,"neow_bonus":"TRANSFORM_CARD","is_daily":false,"chose_seed":false,"campfire_upgraded":2,"win_rate":0.0,"timestamp":1614444908,"path_taken":["M","M","M","?","?","R","E","R","T","E"],"items_purchased_type":[],"build_version":"2020-12-22","purchased_purges":0,"victory":false,"max_hp_per_floor":[83,86,89,92,92,92,96,96,96,96,96],"card_choices":[{"not_picked":["Anger","Heavy Blade"],"picked":"Shrug It Off","floor":1},{"not_picked":["Wild Strike","Cleave"],"picked":"Rupture","floor":2},{"not_picked":["Disarm","Cleave"],"picked":"Uppercut","floor":3},{"not_picked":["Havoc","Twin Strike"],"picked":"Shrug It Off","floor":4},{"not_picked":["Wild Strike","Sword Boomerang"],"picked":"Pommel Strike","floor":7}],"player_experience":259818,"relics_obtained":[{"floor":7,"key":"Centennial Puzzle"},{"floor":9,"key":"Regal Pillow"}],"event_choices":[{"damage_healed":0,"gold_gain":0,"player_choice":"Take Damage","damage_taken":23,"relics_obtained":["Golden Idol"],"max_hp_gain":0,"max_hp_loss":0,"event_name":"Golden Idol","floor":5,"gold_loss":0}],"is_beta":false,"boss_relics":[],"items_purged_floors":[],"is_endless":false,"potions_floor_spawned":[4],"killed_by":"Lagavulin","ascension_level":4}}