{"host":"puhn14s7bdwcyqz6","time":1614398004,"event":{"mods":["Aya Shameimaru","BaseMod","CapriCore","Koishi","Marisa（霧雨　魔理沙）","Minty Spire (QoL Compilation)","Reimu（博丽灵梦）","Remilia（蕾米莉亚）","StSLib","The Administrix","The Immortal","The Senshi","The Servant 0.9.4","Yakumo Yukari mod","Yuyuko"],"gold_per_floor":[109,109,124,9,9,47,47,66,91,164,178,217,217,231,231,361,361,382,396,39,53,53,53,74,74,74,154,185,206,239,260,260,391,391,410,425,0,24,89,114,138,138,162,193,193,193,209,228,228,228],"floor_reached":51,"language":"ENG","playtime":7977,"items_purged":[],"score":806,"play_id":"2fd363c3-076f-4371-94a5-7e7f3e1b1890","local_time":"20210226225324","is_ascension_mode":false,"campfire_choices":[{"floor":7,"key":"REST"},{"floor":13,"key":"REST"},{"floor":15,"key":"REST"},{"data":"Float on Moon","floor":25,"key":"SMITH"},{"data":"Bury in The Template","floor":32,"key":"SMITH"},{"floor":42,"key":"REST"},{"floor":46,"key":"REST"},{"floor":49,"key":"REST"}],"circlet_count":0,"master_deck":["Fantasy Butterflies","Fantasy Butterflies","Fantasy Butterflies","Fantasy Butterflies","Fantasy Butterflies","Dreamy Sakura","Dreamy Sakura","Dreamy Sakura","Dreamy Sakura","Dreamy Sakura","Deathly Ground","Faramita\u0027s Temptation","Final of Final","Unknown Petal","Chase The Sukhavati","Postpone Bloom","Chase The Sukhavati","Triple Snow","Unpaved Way","Gauzy Sakura","Bury in The Template+1","Dancing Soul","Dancing Soul","Unfulfilling Attachment","Elegance","Lunch","Unreal","Float on Moon+1","Redemption of Death","Sweet of Phantom+1","Ticket to Heaven","Unborn Light+1","Snowing Sakura","Gone+1","Lunch+1","The Nether+1","Sakura Sakura","The Forgotten Winter+1","Phantom Gift+1","Death Dancing","Phantom Gift+1","Butterflies Rainbow","Wandering Soul+1","Bloom+1","Unborn Light+1","End of Faramita+1","Chase The Sukhavati+1","The Inky Sakura","Unknown Petal+1"],"relics":["Coronal","Yuyuko\u0027s fan","Golden Idol","Blood Vial","Bird Faced Urn","Ancient Tea Set","theSenshi:FeatherClipsRelic","Girya","RedLine:ReiMu","RuthlessExorcism:ReiMu","Kunai","Pantograph","Pen Nib","Bag of Marbles","SacredBark","Frozen Egg 2","CatCart","Mastiff:ReiMu","Trap Lamp"],"acts_visited":["Exordium","TheCity","TheBeyond"],"potions_floor_usage":[6,11,12,14,16,18,19,21,21,24,24,28,29,30,30,30,31,33,35,36,38,39,39,41,44,47,47,48,50],"damage_taken":[{"damage":16,"enemies":"Cultist","floor":1,"turns":4},{"damage":16,"enemies":"Small Slimes","floor":3,"turns":3},{"damage":33,"enemies":"3 Sentries","floor":6,"turns":6},{"damage":1,"enemies":"2 Louse","floor":8,"turns":1},{"damage":58,"enemies":"3 Sentries","floor":10,"turns":8},{"damage":19,"enemies":"Looter","floor":11,"turns":2},{"damage":35,"enemies":"Lagavulin","floor":12,"turns":6},{"damage":21,"enemies":"Blue Slaver","floor":14,"turns":4},{"damage":89,"enemies":"The Guardian","floor":16,"turns":11},{"damage":17,"enemies":"3 Byrds","floor":18,"turns":4},{"damage":22,"enemies":"Chosen","floor":19,"turns":5},{"damage":31,"enemies":"Snecko","floor":21,"turns":5},{"damage":21,"enemies":"Snake Plant","floor":24,"turns":3},{"damage":3,"enemies":"Gremlin Leader","floor":28,"turns":3},{"damage":32,"enemies":"Centurion and Healer","floor":29,"turns":5},{"damage":33,"enemies":"Slavers","floor":30,"turns":5},{"damage":8,"enemies":"Chosen and Byrds","floor":31,"turns":4},{"damage":24,"enemies":"Collector","floor":33,"turns":4},{"damage":30,"enemies":"Orb Walker","floor":35,"turns":4},{"damage":42,"enemies":"3 Shapes","floor":36,"turns":4},{"damage":3,"enemies":"Maw","floor":38,"turns":3},{"damage":12,"enemies":"Orin","floor":39,"turns":6},{"damage":1,"enemies":"Writhing Mass","floor":40,"turns":1},{"damage":21,"enemies":"Sphere and 2 Shapes","floor":41,"turns":3},{"damage":12,"enemies":"Giant Head","floor":44,"turns":4},{"damage":11,"enemies":"Transient","floor":47,"turns":5},{"damage":14,"enemies":"3 Darklings","floor":48,"turns":2},{"damage":28,"enemies":"Donu and Deca","floor":50,"turns":6}],"seed_played":"6996567618668132592","potions_obtained":[{"floor":3,"key":"SkillPotion"},{"floor":10,"key":"Fire Potion"},{"floor":11,"key":"Turbid Wine"},{"floor":12,"key":"Turbid Wine"},{"floor":12,"key":"SteroidPotion"},{"floor":14,"key":"Turbid Wine"},{"floor":14,"key":"Block Potion"},{"floor":16,"key":"Turbid Wine"},{"floor":18,"key":"Turbid Wine"},{"floor":19,"key":"Turbid Wine"},{"floor":21,"key":"Turbid Wine"},{"floor":21,"key":"LiquidBronze"},{"floor":24,"key":"Turbid Wine"},{"floor":28,"key":"Turbid Wine"},{"floor":29,"key":"Turbid Wine"},{"floor":29,"key":"Fire Potion"},{"floor":30,"key":"Turbid Wine"},{"floor":31,"key":"Turbid Wine"},{"floor":31,"key":"FairyPotion"},{"floor":33,"key":"Turbid Wine"},{"floor":35,"key":"Turbid Wine"},{"floor":36,"key":"Turbid Wine"},{"floor":36,"key":"Block Potion"},{"floor":38,"key":"Turbid Wine"},{"floor":39,"key":"Turbid Wine"},{"floor":41,"key":"Turbid Wine"},{"floor":44,"key":"Turbid Wine"},{"floor":44,"key":"DistilledChaos"},{"floor":47,"key":"Turbid Wine"},{"floor":48,"key":"Turbid Wine"},{"floor":48,"key":"FearPotion"}],"is_trial":false,"path_per_floor":["M","?","M","$","?","E","R","M","T","?","M","E","R","M","R","B",null,"M","M","$","M","?","?","M","R","T","T","E","M","E","M","R","B",null,"M","M","$","M","?","M","M","R","T","E","?","R","M","M","R","B",null],"character_chosen":"YUYOKO","items_purchased":["Postpone Bloom","Chase The Sukhavati","Unreal","Float on Moon","RuthlessExorcism:ReiMu","Redemption of Death","Death Dancing","Frozen Egg 2","Phantom Gift+1","Butterflies Rainbow"],"campfire_rested":6,"item_purchase_floors":[4,4,20,20,20,20,37,37,37,37],"current_hp_per_floor":[36,26,28,28,25,16,28,30,30,22,18,40,40,31,40,28,40,39,34,34,30,30,30,40,40,40,40,40,40,27,40,40,35,40,16,26,26,40,40,40,25,37,37,38,38,40,40,34,40,40],"gold":228,"neow_bonus":"THREE_CARDS","is_daily":false,"chose_seed":false,"campfire_upgraded":2,"win_rate":0.0,"timestamp":1614398004,"path_taken":["M","?","M","$","?","E","R","M","T","?","M","E","R","M","R","BOSS","M","M","$","M","?","?","M","R","T","?","E","M","E","M","R","BOSS","M","M","$","M","?","M","M","R","T","E","?","R","M","M","R","BOSS"],"items_purchased_type":["Card","Card","Card","Card","Relic","Card","Card","Relic","Card","Card"],"build_version":"2020-12-22","purchased_purges":0,"victory":true,"max_hp_per_floor":[40,40,40,40,40,40,40,40,40,40,40,40,40,40,40,40,40,40,40,40,40,40,40,40,40,40,40,40,40,40,40,40,40,40,40,40,40,40,40,40,40,40,40,40,40,40,40,40,40,40],"card_choices":[{"not_picked":["The Forgotten Winter","Gauzy Sakura"],"picked":"Final of Final","floor":0},{"not_picked":["Unborn Light","Full Moon"],"picked":"Unknown Petal","floor":1},{"not_picked":["Childlike","Redemption of Death"],"picked":"Chase The Sukhavati","floor":3},{"not_picked":["Redemption of Death","Dark Wind"],"picked":"Triple Snow","floor":6},{"not_picked":["Chase The Sukhavati","Postpone Bloom"],"picked":"Unpaved Way","floor":8},{"not_picked":["Death Dancing","Song of Papilio"],"picked":"Gauzy Sakura","floor":10},{"not_picked":["The Forgotten Winter","Infinite Sin"],"picked":"Bury in The Template","floor":11},{"not_picked":["Gauzy Sakura","Dancing Butterflies"],"picked":"Dancing Soul","floor":12},{"not_picked":["Childlike","End of Faramita"],"picked":"Dancing Soul","floor":14},{"not_picked":["Revive The Butterflies","Ghastly Dream"],"picked":"Unfulfilling Attachment","floor":16},{"not_picked":["City of Death+1","Triple Snow"],"picked":"Elegance","floor":18},{"not_picked":["Suicide","Unborn Light"],"picked":"Lunch","floor":19},{"not_picked":["Spear of Papilio","Open The Fan"],"picked":"Sweet of Phantom+1","floor":21},{"not_picked":["Phantom Village","Redemption of Death"],"picked":"Unborn Light+1","floor":24},{"not_picked":["Sweet of Phantom+1","Open The Fan"],"picked":"Snowing Sakura","floor":28},{"not_picked":["Dancing Soul+1","Song of Papilio"],"picked":"Gone+1","floor":29},{"not_picked":["Ghostdom Sakura+1","Sakura Ward"],"picked":"Lunch+1","floor":30},{"not_picked":["Bomb","Open The Fan"],"picked":"The Nether+1","floor":31},{"not_picked":["Float on Moon","The Way to Death"],"picked":"Sakura Sakura","floor":33},{"not_picked":["Spear of Papilio","Unreal"],"picked":"The Forgotten Winter+1","floor":35},{"not_picked":["Steamed Phantom","Ghostdom Sakura"],"picked":"Phantom Gift+1","floor":36},{"not_picked":["Suicide","Unborn Light"],"picked":"Wandering Soul+1","floor":38},{"not_picked":["Open The Fan+1","Sweet of Phantom+1"],"picked":"Bloom+1","floor":39},{"not_picked":["Elegance+1","Bomb"],"picked":"Unborn Light+1","floor":40},{"not_picked":["Infinite Sin","Butterflies in Dream+1"],"picked":"End of Faramita+1","floor":41},{"not_picked":["End of Faramita+1","Lunch"],"picked":"Chase The Sukhavati+1","floor":44},{"not_picked":["Gauzy Sakura+1","Sakura Ward"],"picked":"The Inky Sakura","floor":47},{"not_picked":["The Forgotten Winter+1","Redemption of Death+1"],"picked":"Unknown Petal+1","floor":48}],"player_experience":99349,"relics_obtained":[{"floor":6,"key":"Bird Faced Urn"},{"floor":9,"key":"Ancient Tea Set"},{"floor":10,"key":"theSenshi:FeatherClipsRelic"},{"floor":12,"key":"Girya"},{"floor":26,"key":"Kunai"},{"floor":27,"key":"Pantograph"},{"floor":28,"key":"Pen Nib"},{"floor":30,"key":"Bag of Marbles"},{"floor":39,"key":"CatCart"},{"floor":43,"key":"Mastiff:ReiMu"},{"floor":44,"key":"Trap Lamp"}],"event_choices":[{"damage_healed":0,"gold_gain":0,"player_choice":"Take Damage","damage_taken":10,"relics_obtained":["Golden Idol"],"max_hp_gain":0,"max_hp_loss":0,"event_name":"Golden Idol","floor":2,"gold_loss":0},{"damage_healed":0,"gold_gain":0,"player_choice":"Success","damage_taken":3,"relics_obtained":["Blood Vial"],"max_hp_gain":0,"max_hp_loss":0,"event_name":"Scrap Ooze","floor":5,"gold_loss":0},{"damage_healed":0,"gold_gain":0,"player_choice":"Searched \u00271\u0027 times","damage_taken":0,"max_hp_gain":0,"max_hp_loss":0,"event_name":"Dead Adventurer","floor":10,"gold_loss":0},{"damage_healed":0,"gold_gain":0,"player_choice":"Ignored","damage_taken":0,"max_hp_gain":0,"max_hp_loss":0,"event_name":"Vampires","floor":22,"gold_loss":0},{"damage_healed":0,"gold_gain":0,"player_choice":"Read","damage_taken":0,"max_hp_gain":0,"max_hp_loss":0,"event_name":"The Library","floor":23,"gold_loss":0,"cards_obtained":["Ticket to Heaven"]},{"damage_healed":0,"gold_gain":0,"player_choice":"Fight","damage_taken":0,"max_hp_gain":0,"max_hp_loss":0,"event_name":"OrinTheCat","floor":39,"gold_loss":0},{"damage_healed":0,"gold_gain":0,"player_choice":"Ignored","damage_taken":0,"max_hp_gain":0,"max_hp_loss":0,"event_name":"Tomb of Lord Red Mask","floor":45,"gold_loss":0}],"is_beta":false,"boss_relics":[{"not_picked":["Tiny House","Philosopher\u0027s Stone"],"picked":"RedLine:ReiMu"},{"not_picked":["Astrolabe","Runic Pyramid"],"picked":"SacredBark"}],"items_purged_floors":[],"is_endless":false,"potions_floor_spawned":[3,10,11,12,14,21,29,31,36,38,44,48],"ascension_level":0}}