{"host":"coxx14wiryochsh8","time":1614449259,"event":{"mods":["2.2 Compatiblity","Act Like it!","Bartender","BaseMod","Better Third Choice","BetterRewards","Colored Map","DeckTracker","Downfall","Emptier Cage","Energized Spire","Gensokyo","Hermit","Hubris","Minty Spire (QoL Compilation)","Replay The Spire","StSLib","SuperFastMode","The Blackbeard","The Runesmith","The Servant 0.9.4"],"gold_per_floor":[109,109,109,126,137,137,137,137,207,224,224,250,265,275,275,371,371,389,389,389,21,21,21,39,54,100,116,135,135,135],"floor_reached":29,"language":"ENG","playtime":1256,"items_purged":[],"score":377,"play_id":"ea788d4b-df03-433f-8833-ad74c32c7d67","local_time":"20210227130739","is_ascension_mode":false,"campfire_choices":[{"data":"Revamp","floor":6,"key":"SMITH"},{"data":"Moondial","floor":11,"key":"SMITH"},{"data":"Manipulate","floor":15,"key":"SMITH"},{"data":"Initiator","floor":23,"key":"SMITH"}],"circlet_count":0,"master_deck":["Strike_S","Defend_S","Defend_S","Defend_S","Defend_S","KidneyShot","Exchange","BottledTime","Gensokyo:CrescentMoonSlash","Moondial+1","Revamp+1","downfall:Icky","Initiator+1","hubris:Disease","CommonCold","Manipulate+1","Barrier","DualDimension","BottledTime","TheWorld","Shame","Sickly","Gensokyo:Kunekune","hubris:Disease","hubris:Wrath","Shuttle"],"relics":["Uniform","NeowsBlessing","hubris:Towel","downfall:ExtraCursedKey","Bottled Lightning","Pondfish Scales","energizedSpire:RedRose","Replay:Accelerometer","Toolbox","Replay:Baseball"],"acts_visited":["Exordium","Gensokyo:Gensokyo"],"potions_floor_usage":[12,16,27,28,29],"damage_taken":[{"damage":0,"enemies":"Gensokyo:3_Fairies","floor":1,"turns":1},{"damage":0,"enemies":"Gensokyo:Python","floor":4,"turns":1},{"damage":0,"enemies":"Gensokyo:2_Kodama","floor":5,"turns":1},{"damage":0,"enemies":"Gensokyo:LivingMonolith","floor":10,"turns":2},{"damage":10,"enemies":"Gensokyo:Aya","floor":12,"turns":4},{"damage":0,"enemies":"Gensokyo:Python_and_Kodama","floor":13,"turns":2},{"damage":0,"enemies":"Gensokyo:5_Fairies","floor":14,"turns":4},{"damage":0,"enemies":"Gensokyo:Yukari","floor":16,"turns":9},{"damage":0,"enemies":"Gensokyo:2_Gloops","floor":18,"turns":2},{"damage":0,"enemies":"Gensokyo:Chomper","floor":24,"turns":4},{"damage":38,"enemies":"Gensokyo:Slime_Group","floor":25,"turns":6},{"damage":0,"enemies":"Gensokyo:Wraith","floor":27,"turns":4},{"damage":23,"enemies":"Gensokyo:Monolith_and_Dog","floor":28,"turns":5},{"damage":4,"enemies":"Gensokyo:Tenshi","floor":29,"turns":1}],"seed_played":"-7776727391865613307","potions_obtained":[{"floor":1,"key":"champ:CounterPotion"},{"floor":5,"key":"Swift Potion"},{"floor":16,"key":"LiquidBronze"},{"floor":28,"key":"SmokeBomb"}],"is_trial":false,"path_per_floor":["M","?","?","M","M","R","?","?","T","M","R","E","M","M","R","B",null,"M","T","?","COS","?","R","M","M","T","M","M","E"],"character_chosen":"THE_SERVANT","items_purchased":[],"campfire_rested":0,"item_purchase_floors":[],"current_hp_per_floor":[65,56,56,56,56,56,56,30,30,30,30,20,20,20,20,20,65,65,65,65,65,65,65,65,27,27,27,4,0,0],"gold":135,"neow_bonus":"THREE_ENEMY_KILL","is_daily":false,"chose_seed":false,"campfire_upgraded":4,"win_rate":0.0,"timestamp":1614449259,"path_taken":["M","?","?","?","M","R","?","?","T","M","R","E","M","M","R","BOSS","M","?","?","COS","?","R","?","M","T","M","M","E"],"items_purchased_type":[],"build_version":"2020-12-22","purchased_purges":0,"victory":false,"max_hp_per_floor":[65,65,65,65,65,65,65,65,65,65,65,65,65,65,65,65,65,65,65,65,65,65,65,65,65,65,65,65,65,65],"card_choices":[{"not_picked":["Read","Replace"],"picked":"BottledTime","floor":1},{"not_picked":["TimeWarp","TimeTheft"],"picked":"Moondial","floor":4},{"not_picked":["TimeWarp","Rewind"],"picked":"Revamp","floor":5},{"not_picked":["Desolation","DualDimension"],"picked":"Manipulate","floor":10},{"not_picked":["Rewind","Potential"],"picked":"Barrier","floor":12},{"not_picked":["Replace","Rearm"],"picked":"DualDimension","floor":13},{"not_picked":["Barrier","Moonlight"],"picked":"BottledTime","floor":14},{"not_picked":["ForgedInTime","Initiator"],"picked":"TheWorld","floor":16},{"not_picked":["Collapse","Defy","Rearm+1"],"picked":"SKIP","floor":18},{"not_picked":["FastForward+1","ShiftingGears","SpecialFormula"],"picked":"SKIP","floor":24},{"not_picked":["Deadline","Ricochet","Replace"],"picked":"SKIP","floor":25},{"not_picked":["Potential","DoubleEdge","Contraction"],"picked":"SKIP","floor":27},{"not_picked":["Deadline+1","Revamp"],"picked":"Shuttle","floor":28}],"player_experience":703133,"relics_obtained":[{"floor":9,"key":"Bottled Lightning"},{"floor":12,"key":"Pondfish Scales"},{"floor":19,"key":"Replay:Accelerometer"},{"floor":26,"key":"Replay:Baseball"}],"event_choices":[],"is_beta":false,"boss_relics":[{"not_picked":["SplendidAttire","bronze:MakeshiftBattery"],"picked":"energizedSpire:RedRose"}],"items_purged_floors":[],"is_endless":false,"potions_floor_spawned":[1,5,16,28],"killed_by":"Gensokyo:Tenshi","ascension_level":0}}