{"host":"mtqc4a62lmlvqbqj","time":1614443554,"event":{"mods":["AchievementEnabler","BaseMod","Better Match","Better Third Choice","BetterRewards","Minty Spire (QoL Compilation)","StSLib"],"gold_per_floor":[109,120,133,150,150,150,163,89,89,89,103,113,11,28,28,131,131,144,164,174,174,74,74,84,95,176,187,198,42,42,56,56,160,160,177,177,177,190,210,210,225,279,306,324,51,61,78,78,78,78,78],"floor_reached":50,"language":"ENG","playtime":2922,"items_purged":["Strike_B","Strike_B","Strike_B"],"score":446,"play_id":"9ec168b0-37d5-4691-b2a5-4e3a50141905","local_time":"20210227173234","is_ascension_mode":false,"campfire_choices":[{"data":"Zap","floor":6,"key":"SMITH"},{"floor":10,"key":"REST"},{"data":"Consume","floor":15,"key":"SMITH"},{"floor":23,"key":"REST"},{"floor":32,"key":"REST"},{"floor":40,"key":"REST"},{"floor":49,"key":"REST"}],"circlet_count":0,"master_deck":["Defend_B","Defend_B","Defend_B","Defend_B","Zap+1","Defragment","Ball Lightning+1","Steam","Self Repair","Consume+1","Ball Lightning+1","Electrodynamics","Thunder Strike","Defragment","Leap+1","White Noise+1"],"relics":["Cracked Core","NeowsBlessing","InkBottle","Fusion Hammer","Nilry\u0027s Codex","Mummified Hand","Tiny Chest","Runic Dome","Vajra","Pen Nib","Whetstone"],"acts_visited":["Exordium","TheCity","TheBeyond"],"potions_floor_usage":[25,28,33,33,33,50,50],"damage_taken":[{"damage":0,"enemies":"2 Louse","floor":1,"turns":1},{"damage":0,"enemies":"Cultist","floor":2,"turns":1},{"damage":0,"enemies":"Jaw Worm","floor":3,"turns":1},{"damage":13,"enemies":"Exordium Wildlife","floor":4,"turns":5},{"damage":21,"enemies":"Lots of Slimes","floor":7,"turns":4},{"damage":0,"enemies":"Blue Slaver","floor":11,"turns":3},{"damage":5,"enemies":"Looter","floor":12,"turns":3},{"damage":3,"enemies":"Exordium Wildlife","floor":14,"turns":3},{"damage":57,"enemies":"The Guardian","floor":16,"turns":9},{"damage":15,"enemies":"2 Thieves","floor":18,"turns":3},{"damage":0,"enemies":"Spheric Guardian","floor":19,"turns":2},{"damage":6,"enemies":"Cultist and Chosen","floor":20,"turns":3},{"damage":15,"enemies":"Snake Plant","floor":24,"turns":2},{"damage":20,"enemies":"Shelled Parasite and Fungi","floor":25,"turns":4},{"damage":0,"enemies":"Chosen and Byrds","floor":27,"turns":3},{"damage":0,"enemies":"Sentry and Sphere","floor":28,"turns":4},{"damage":1,"enemies":"Centurion and Healer","floor":31,"turns":3},{"damage":60,"enemies":"Collector","floor":33,"turns":7},{"damage":10,"enemies":"Orb Walker","floor":35,"turns":2},{"damage":10,"enemies":"3 Shapes","floor":38,"turns":4},{"damage":22,"enemies":"Maw","floor":39,"turns":6},{"damage":32,"enemies":"3 Darklings","floor":41,"turns":3},{"damage":0,"enemies":"Transient","floor":44,"turns":5},{"damage":21,"enemies":"Maw","floor":46,"turns":5},{"damage":0,"enemies":"Sphere and 2 Shapes","floor":47,"turns":2},{"damage":76,"enemies":"Time Eater","floor":50,"turns":5}],"seed_played":"-1609914774528691617","potions_obtained":[{"floor":7,"key":"LiquidMemories"},{"floor":11,"key":"Dexterity Potion"},{"floor":16,"key":"Dexterity Potion"},{"floor":24,"key":"FearPotion"},{"floor":25,"key":"SkillPotion"},{"floor":28,"key":"Energy Potion"},{"floor":33,"key":"DuplicationPotion"},{"floor":39,"key":"Dexterity Potion"},{"floor":46,"key":"Energy Potion"}],"is_trial":false,"path_per_floor":["M","M","M","M","?","R","M","$","T","R","M","M","$","M","R","B",null,"M","M","M","?","$","R","M","M","T","M","M","$","?","M","R","B",null,"M","?","?","M","M","R","M","T","T","M","$","M","M","$","R","B"],"character_chosen":"DEFECT","items_purchased":["Self Repair","Ball Lightning","Tiny Chest","Whetstone"],"campfire_rested":5,"item_purchase_floors":[8,13,29,45],"current_hp_per_floor":[75,75,75,62,62,62,41,41,41,63,70,72,72,69,69,12,75,67,67,68,52,52,74,59,46,46,53,60,60,60,66,75,22,75,72,72,72,69,54,75,50,50,50,57,57,43,50,50,72,0,0],"gold":78,"neow_bonus":"THREE_ENEMY_KILL","is_daily":false,"chose_seed":false,"campfire_upgraded":2,"win_rate":0.0,"timestamp":1614443554,"path_taken":["M","M","M","M","?","R","M","$","T","R","M","M","$","M","R","BOSS","M","M","?","?","$","R","M","M","T","M","M","$","?","M","R","BOSS","M","?","?","M","M","R","M","?","T","M","$","M","M","$","R","BOSS"],"items_purchased_type":["Card","Card","Relic","Relic"],"build_version":"2020-12-22","purchased_purges":3,"victory":false,"max_hp_per_floor":[75,75,75,75,75,75,75,75,75,75,75,75,75,75,75,75,75,75,75,75,75,75,75,75,75,75,75,75,75,75,75,75,75,75,75,75,75,75,75,75,75,75,75,75,75,75,75,75,75,75,75],"card_choices":[{"not_picked":["Beam Cell","Steam","Leap"],"picked":"SKIP","floor":1},{"not_picked":["Heatsinks","Sweeping Beam","Hologram"],"picked":"SKIP","floor":2},{"not_picked":["Compile Driver","Sweeping Beam"],"picked":"Defragment","floor":3},{"not_picked":["Stack","Hello World"],"picked":"Ball Lightning","floor":4},{"not_picked":["Hologram","Compile Driver"],"picked":"Steam","floor":7},{"not_picked":["Steam","Meteor Strike"],"picked":"Consume","floor":11},{"not_picked":["Fusion","Self Repair","Conserve Battery"],"picked":"SKIP","floor":12},{"not_picked":["Undo","Gash","Go for the Eyes"],"picked":"SKIP","floor":14},{"not_picked":["Thunder Strike","Reboot"],"picked":"Electrodynamics","floor":16},{"not_picked":["Self Repair","Sweeping Beam","Double Energy"],"picked":"SKIP","floor":18},{"not_picked":["Steam Power","Hologram","Compile Driver"],"picked":"SKIP","floor":19},{"not_picked":["Go for the Eyes+1","Auto Shields","Chill+1"],"picked":"SKIP","floor":20},{"not_picked":["Go for the Eyes","Gash","Conserve Battery"],"picked":"SKIP","floor":24},{"not_picked":["Fusion","Cold Snap+1","FTL+1"],"picked":"SKIP","floor":25},{"not_picked":["Coolheaded+1","Ball Lightning"],"picked":"Thunder Strike","floor":27},{"not_picked":["Hologram","Gash+1"],"picked":"Defragment","floor":28},{"not_picked":["Hello World","Gash","Reprogram"],"picked":"SKIP","floor":31},{"not_picked":["Compile Driver+1","Redo","Scrape+1"],"picked":"SKIP","floor":35},{"not_picked":["Conserve Battery+1","Streamline+1"],"picked":"Leap+1","floor":38},{"not_picked":["Darkness+1","Capacitor","Hologram+1"],"picked":"SKIP","floor":39},{"not_picked":["Storm","Rainbow","Rebound+1"],"picked":"SKIP","floor":41},{"not_picked":["Gash","Blizzard","Go for the Eyes"],"picked":"SKIP","floor":44},{"not_picked":["Steam","Sweeping Beam+1","Cold Snap+1"],"picked":"SKIP","floor":46},{"not_picked":["FTL+1","Cold Snap"],"picked":"White Noise+1","floor":47}],"player_experience":53740,"relics_obtained":[{"floor":9,"key":"InkBottle"},{"floor":21,"key":"Nilry\u0027s Codex"},{"floor":26,"key":"Mummified Hand"},{"floor":42,"key":"Vajra"},{"floor":43,"key":"Pen Nib"}],"event_choices":[{"cards_removed":["Strike_B"],"damage_healed":0,"gold_gain":0,"player_choice":"Purged","damage_taken":0,"max_hp_gain":0,"max_hp_loss":0,"event_name":"Purifier","floor":5,"gold_loss":0},{"damage_healed":0,"gold_gain":0,"player_choice":"Obtained Book","damage_taken":16,"max_hp_gain":0,"max_hp_loss":0,"event_name":"Cursed Tome","floor":21,"gold_loss":0},{"damage_healed":0,"gold_gain":0,"player_choice":"Ignored","damage_taken":0,"max_hp_gain":0,"max_hp_loss":0,"event_name":"Vampires","floor":30,"gold_loss":0},{"cards_removed":["Dualcast"],"damage_healed":0,"gold_gain":0,"player_choice":"Removed Skill","damage_taken":0,"max_hp_gain":0,"max_hp_loss":0,"event_name":"Falling","floor":36,"gold_loss":0},{"damage_healed":0,"gold_gain":0,"player_choice":"Ignored","damage_taken":0,"max_hp_gain":0,"max_hp_loss":0,"event_name":"NoteForYourself","floor":37,"gold_loss":0}],"is_beta":false,"boss_relics":[{"not_picked":["Cursed Key","Snecko Eye"],"picked":"Fusion Hammer"},{"not_picked":["Tiny House","Velvet Choker"],"picked":"Runic Dome"}],"items_purged_floors":[13,22,45],"is_endless":false,"potions_floor_spawned":[7,11,16,24,25,28,33,39,46],"killed_by":"Time Eater","ascension_level":0}}