{"host":"ymrxmazrubg7ht5t","time":1614457952,"event":{"mods":["2.2 Compatiblity","Act Like it!","Arknights","BaseMod","Better Match","Better Note","Colored Powertips","Conspire","Evolution","Gensokyo","HololiveMod","Infinite Spire","Jorbs\u0027s Wanderer Trilogy","Library of Ruina","Library of Ruina Extra","Marisa????????","Minty Spire (QoL Compilation)","Relic Stats","Replay The Spire","Ruina","SacredBarkPlus","StSLib","The Cursed","The Marked"],"gold_per_floor":[77,77,2,17,17,17,52,52,75,107,131,157,157,214,214,335,335,371,405,446,216,141,193,193,209,209],"floor_reached":25,"language":"ENG","playtime":2740,"items_purged":[],"score":440,"play_id":"4260ad5d-2d9b-4b48-bf68-392582e22de8","local_time":"20210227163232","is_ascension_mode":true,"campfire_choices":[{"data":"Hololive_CallUsadaPekora","floor":6.0,"key":"SMITH"},{"data":"Hololive_CallNatsuiroMatsuri","floor":8.0,"key":"SMITH"},{"data":"Hololive_SoulCatcher","floor":15.0,"key":"SMITH"},{"floor":24,"key":"REST"}],"circlet_count":0,"master_deck":["Hololive_Strike","Hololive_Strike+1","Hololive_Defend","Hololive_Defend","Hololive_SoulCatcher+1","Hololive_CallNekomataOkayu","Hololive_CallYogiri","Hololive_CallFriendA","Hololive_CallInugamiKorone","Hololive_CallUsadaPekora+1","Hololive_StrengthChampion","Hololive_HuntDinosaur+1","Hololive_CallYukihanaLamy","Hololive_CallNatsuiroMatsuri+1","Hololive_CallTsunomakiWatame","Hololive_CallDoris","Hololive_OpenUp","Hololive_HighAtkLowDef","Hololive_Spy","Hololive_CallOmaruPolka","Hololive_CallArtia+1","Hololive_ILoveYou","ReplayTheSpireMod:Private Reserves+1","Hololive_ScarfAndHalo"],"relics":["Hololive_TheStar","EVO:Axolotl","Bag of Marbles","Gensokyo:PortableGap","Simple Rune","Vajra","Gremlin Food","Replay:Bandana","Hololive_LightStick","conspire:SpecialSausage","Potion Belt","Mercury Hourglass"],"acts_visited":["Gensokyo:Gensokyo","ruina:Briah"],"potions_floor_usage":[23],"damage_taken":[{"damage":0.0,"enemies":"Gensokyo:Gryphon","floor":1.0,"turns":4.0},{"damage":0.0,"enemies":"Gensokyo:3_Fairies","floor":4.0,"turns":3.0},{"damage":0.0,"enemies":"Gensokyo:Mamizou","floor":7.0,"turns":4.0},{"damage":0.0,"enemies":"Gensokyo:Cirno","floor":10.0,"turns":5.0},{"damage":0.0,"enemies":"Gensokyo:2_Kodama","floor":11.0,"turns":1.0},{"damage":0.0,"enemies":"Gensokyo:LivingMonolith","floor":12.0,"turns":2.0},{"damage":0.0,"enemies":"Gensokyo:Mamizou","floor":14.0,"turns":4.0},{"damage":0.0,"enemies":"Gensokyo:Yukari","floor":16.0,"turns":5.0},{"damage":0.0,"enemies":"ruina:Nosferatu","floor":18.0,"turns":3.0},{"damage":0.0,"enemies":"ruina:BadWolf","floor":19.0,"turns":3.0},{"damage":6.0,"enemies":"ruina:KnightOfDespair","floor":20.0,"turns":4.0},{"damage":0,"enemies":"ruina:Mountain","floor":23,"turns":6},{"damage":42,"enemies":"ruina:RoadHome","floor":25,"turns":6}],"seed_played":"5038779995683585926","potions_obtained":[{"floor":1.0,"key":"Elixir"},{"floor":10.0,"key":"GamblersBrew"},{"floor":16.0,"key":"SpeedPotion"},{"floor":18.0,"key":"ColorlessPotion"},{"floor":19.0,"key":"Languid Potion"}],"is_trial":false,"path_per_floor":["M","?","?","M","T","R","E","R","T","E","M","M","?","E","R","B",null,"M","M","M","$","?","E","R","E"],"character_chosen":"Hololive_HololiveCharacter","items_purchased":["Hololive_ILoveYou","Potion Belt"],"campfire_rested":1,"item_purchase_floors":[21,21],"current_hp_per_floor":[35,32,32,32,32,32,32,32,32,32,32,32,32,32,32,32,32,32,32,26,26,26,26,32,0,0],"gold":209,"neow_bonus":"RANDOM_COMMON_RELIC","is_daily":false,"chose_seed":false,"campfire_upgraded":3,"win_rate":0.0,"timestamp":1614457952,"path_taken":["M","?","?","M","?","R","E","R","T","E","M","?","?","E","R","BOSS","M","M","M","$","?","E","R","E"],"items_purchased_type":["Card","Relic"],"build_version":"2020-12-22","purchased_purges":0,"victory":false,"max_hp_per_floor":[35,32,32,32,32,32,32,32,32,32,32,32,32,32,32,32,32,32,32,32,32,32,32,32,32,32],"relic_stats":{"counters":[13,49],"obtain_stats":[{"Gremlin Food":9,"Potion Belt":21,"Replay:Bandana":10,"Hololive_LightStick":14,"Hololive_TheStar":0,"Vajra":7,"Simple Rune":5,"conspire:SpecialSausage":17,"Bag of Marbles":0,"EVO:Axolotl":0,"Gensokyo:PortableGap":2,"Mercury Hourglass":23},{"Gremlin Food":3,"Potion Belt":11,"Replay:Bandana":4,"Hololive_LightStick":7,"Hololive_TheStar":0,"Vajra":3,"Simple Rune":2,"conspire:SpecialSausage":8,"Bag of Marbles":0,"EVO:Axolotl":0,"Gensokyo:PortableGap":1,"Mercury Hourglass":12},{"Gremlin Food":11,"Potion Belt":37,"Replay:Bandana":16,"Hololive_LightStick":23,"Hololive_TheStar":0,"Vajra":11,"Simple Rune":7,"conspire:SpecialSausage":28,"Bag of Marbles":0,"EVO:Axolotl":0,"Gensokyo:PortableGap":4,"Mercury Hourglass":43}],"Mercury Hourglass":[25]},"card_choices":[{"not_picked":["Hololive_CallInugamiKorone","Hololive_HuntDinosaur","Hololive_Psychosis"],"picked":"Hololive_StrengthChampion","floor":1.0},{"not_picked":["Hololive_RevenueBasedLive+1","Hololive_StrengthChampion+1","Hololive_Sequa+1"],"picked":"Hololive_HuntDinosaur+1","floor":3.0},{"not_picked":["Hololive_StrengthChampion","Hololive_LuckPotion","Hololive_CallUruhaRushia"],"picked":"Hololive_CallYukihanaLamy","floor":4.0},{"not_picked":["Hololive_FlyingPonyTail","Hololive_CallYozoraMel","Hololive_CocoNews"],"picked":"Hololive_CallNatsuiroMatsuri","floor":7.0},{"not_picked":["Hololive_StrengthChampion","Hololive_CallFriendA","Hololive_Rebound"],"picked":"Hololive_Sequa","floor":10.0},{"not_picked":["Hololive_CallHoshimachiSuisei","Hololive_CallYuzukiChoco","Hololive_RevenueBasedLive"],"picked":"Hololive_CallTsunomakiWatame","floor":11.0},{"not_picked":["Hololive_CallYuzukiChoco","Hololive_SoulCatcher","Hololive_RevenueBasedLive"],"picked":"Hololive_CallDoris","floor":12.0},{"not_picked":["Hololive_Rebound","Hololive_Psychosis","Hololive_StrengthChampion"],"picked":"Hololive_OpenUp","floor":14.0},{"not_picked":["Hololive_DDD","Hololive_Nanodesu","Hololive_IdolExercise"],"picked":"Hololive_HighAtkLowDef","floor":16.0},{"not_picked":["Hololive_FlyingPonyTail","Hololive_Breathe","Hololive_CallManoAloe"],"picked":"Hololive_Spy","floor":18.0},{"not_picked":["Hololive_HuntDinosaur","Hololive_CocoNews","Hololive_Trident"],"picked":"Hololive_CallOmaruPolka","floor":19.0},{"not_picked":["Hololive_CallNatsuiroMatsuri","Hololive_Breathe","Hololive_StrengthChampion"],"picked":"Hololive_CallArtia+1","floor":20.0},{"not_picked":["Dramatic Entrance+1","Replay:Sssssssssstrike+1","Swift Strike+1"],"picked":"ReplayTheSpireMod:Private Reserves+1","floor":22.0},{"not_picked":["Hololive_CallAkiRosenthal+1","Hololive_CallMinatoAqua+1","Hololive_CallCivia+1"],"picked":"Hololive_ScarfAndHalo","floor":23}],"player_experience":485720,"relics_obtained":[{"floor":5.0,"key":"Simple Rune"},{"floor":7.0,"key":"Vajra"},{"floor":9.0,"key":"Gremlin Food"},{"floor":10.0,"key":"Replay:Bandana"},{"floor":14.0,"key":"Hololive_LightStick"},{"floor":23,"key":"Mercury Hourglass"}],"event_choices":[{"damage_healed":0.0,"max_hp_gain":0.0,"max_hp_loss":0.0,"gold_gain":0.0,"event_name":"betterMatch:BetterMatch","player_choice":"2","floor":3.0,"gold_loss":0.0,"damage_taken":0.0,"cards_obtained":["betterMatch:CommonCard"]},{"damage_healed":0.0,"max_hp_gain":0.0,"max_hp_loss":0.0,"gold_gain":0.0,"event_name":"betterMatch:BetterMatch","player_choice":"2","floor":22.0,"gold_loss":0.0,"damage_taken":0.0,"cards_obtained":["betterMatch:ColorlessUncommonCard"]}],"is_beta":false,"boss_relics":[{"not_picked":["conspire:SeveredTorchhead","Empty Cage"],"picked":"conspire:SpecialSausage"}],"items_purged_floors":[],"is_endless":false,"potions_floor_spawned":[1,10,16,18,19,20],"killed_by":"ruina:RoadHome","ascension_level":3}}