{"host":"n3r7007bx0xr1slw","time":1614403443,"event":{"mods":["BaseMod","Colored Powertips","DeckTracker","Googly Eyes","Highlight Path","Minty Spire (QoL Compilation)","Relic Stats","StSLib"],"gold_per_floor":[119,136,311,311,92,125,125,151,151,151,151,167,167,167,167,167,167],"floor_reached":16,"language":"ENG","playtime":983,"items_purged":["Strike_R"],"score":111,"play_id":"80ab879a-5145-4907-af86-c728aad7be30","local_time":"20210227002403","is_ascension_mode":true,"campfire_choices":[{"data":"Rage","floor":7,"key":"SMITH"},{"data":"Infernal Blade","floor":10,"key":"SMITH"},{"data":"Double Tap","floor":13,"key":"SMITH"},{"data":"Warcry","floor":15,"key":"SMITH"}],"circlet_count":0,"master_deck":["Strike_R","Strike_R+1","Strike_R+1","Strike_R","Defend_R","Defend_R","Defend_R","Defend_R","Bash","Double Tap+1","Rage+1","Doubt","Infernal Blade+1","Warcry+1"],"relics":["Burning Blood","Juzu Bracelet","Tiny Chest","Centennial Puzzle","Frozen Egg 2","Singing Bowl"],"acts_visited":["Exordium"],"potions_floor_usage":[6,6,16],"damage_taken":[{"damage":1,"enemies":"Cultist","floor":1,"turns":4},{"damage":0,"enemies":"2 Louse","floor":2,"turns":3},{"damage":21,"enemies":"Gremlin Nob","floor":6,"turns":6},{"damage":26,"enemies":"3 Sentries","floor":8,"turns":9},{"damage":6,"enemies":"Jaw Worm","floor":12,"turns":3},{"damage":27,"enemies":"Hexaghost","floor":16,"turns":9}],"seed_played":"7218317786114338640","potions_obtained":[{"floor":1,"key":"HeartOfIron"},{"floor":2,"key":"EssenceOfSteel"},{"floor":12,"key":"Strength Potion"}],"is_trial":false,"path_per_floor":["M","M","?","?","$","E","R","E","T","R","?","M","R","?","R","B"],"character_chosen":"IRONCLAD","items_purchased":["Juzu Bracelet"],"campfire_rested":0,"item_purchase_floors":[5],"current_hp_per_floor":[80,80,80,85,85,70,70,50,50,50,33,33,33,26,26,0,0],"gold":167,"neow_bonus":"ONE_RANDOM_RARE_CARD","is_daily":false,"chose_seed":false,"campfire_upgraded":4,"win_rate":0.0,"timestamp":1614403443,"path_taken":["M","M","?","?","?","E","R","E","T","R","?","M","R","?","R","BOSS"],"items_purchased_type":["Relic"],"build_version":"2020-12-22","purchased_purges":1,"victory":false,"max_hp_per_floor":[80,80,80,85,85,85,85,85,85,85,85,85,85,85,85,85,85],"relic_stats":{"Centennial Puzzle":[6],"Singing Bowl":0,"counters":[6,34],"Tiny Chest":0,"Juzu Bracelet":1,"obtain_stats":[{"Centennial Puzzle":8,"Singing Bowl":14,"Tiny Chest":6,"Juzu Bracelet":5,"Frozen Egg 2":9,"Burning Blood":0},{"Centennial Puzzle":4,"Singing Bowl":5,"Tiny Chest":3,"Juzu Bracelet":2,"Frozen Egg 2":4,"Burning Blood":0},{"Centennial Puzzle":22,"Singing Bowl":25,"Tiny Chest":13,"Juzu Bracelet":7,"Frozen Egg 2":22,"Burning Blood":0}],"Burning Blood":19},"card_choices":[{"not_picked":["Uppercut","Clothesline","Flex"],"picked":"SKIP","floor":1},{"not_picked":["Pommel Strike","True Grit"],"picked":"Rage","floor":2},{"not_picked":["Inflame","Dual Wield"],"picked":"Infernal Blade","floor":6},{"not_picked":["Uppercut","Anger"],"picked":"Warcry","floor":8},{"not_picked":["Impervious","Flex","Clash"],"picked":"SKIP","floor":12}],"player_experience":173305,"relics_obtained":[{"floor":6,"key":"Tiny Chest"},{"floor":8,"key":"Centennial Puzzle"},{"floor":9,"key":"Frozen Egg 2"}],"event_choices":[{"damage_healed":0,"gold_gain":175,"player_choice":"AGREE","damage_taken":0,"max_hp_gain":0,"max_hp_loss":0,"event_name":"Liars Game","floor":3,"gold_loss":0,"cards_obtained":["Doubt"]},{"damage_healed":0,"gold_gain":0,"player_choice":"Donut","damage_taken":0,"max_hp_gain":5,"max_hp_loss":0,"event_name":"Big Fish","floor":4,"gold_loss":0},{"damage_healed":0,"gold_gain":0,"player_choice":"Entered Light","damage_taken":17,"max_hp_gain":0,"max_hp_loss":0,"event_name":"Shining Light","floor":11,"gold_loss":0,"cards_upgraded":["Strike_R","Strike_R"]},{"damage_healed":0,"gold_gain":0,"player_choice":"Success","damage_taken":7,"relics_obtained":["Singing Bowl"],"max_hp_gain":0,"max_hp_loss":0,"event_name":"Scrap Ooze","floor":14,"gold_loss":0}],"is_beta":false,"boss_relics":[],"items_purged_floors":[5],"is_endless":false,"potions_floor_spawned":[1,2,12],"killed_by":"Hexaghost","ascension_level":1}}