{"host":"bx8ylsmj2ob6hd5u","time":1614444355,"event":{"mods":["AchievementEnabler","Act Like it!","Aspiration","BaseMod","Colored Map","Downfall","Duelist Mod","Friendly Minions","Gensokyo","GifTheSpireLib","Hallownest","Hermit","HololiveMod","Hubris","Infinite Spire","Jorbs\u0027s Wanderer Trilogy","KinomotoSakuraMod(????)","Kiyohime????","Koishi","KomeijiMod","Lobotomy","LobotomyExtend","Marisa????????","Minty Spire (QoL Compilation)","Prisma Mod","Rare Cards Sparkle","Reimu??????","Remilia??????","Replay The Spire","StSLib","Td1madao Mod","The Administrix","The Animator","The Bug Knight","The Construct","The Cursed","The Disciple","The Hierophant","The Necromancer","The Poker Player","The Runesmith","The Senshi","The Servant 0.9.4","WarShipGirlsR/????R mod"],"gold_per_floor":[112,132,132,132,142,142,142,142,142,142,162,162,162,181,181,277,277,277,294,294,292,312,312,332,332,332,12,27,27,27],"floor_reached":29,"language":"ENG","playtime":1575,"items_purged":[],"score":215,"play_id":"884b00ee-93b8-449e-bd5b-792d358e2999","local_time":"20210227184555","is_ascension_mode":false,"campfire_choices":[{"data":"construct:AttackMode","floor":6,"key":"SMITH"},{"data":"construct:DefenseMode","floor":8,"key":"SMITH"},{"data":"construct:ChargeShot","floor":13,"key":"SMITH"},{"data":"construct:ChargeShot","floor":15,"key":"SMITH"},{"data":"construct:ClockworkEgg","floor":23,"key":"SMITH"},{"data":"construct:ClockworkEgg+1","floor":25,"key":"SMITH"}],"circlet_count":0,"master_deck":["construct:Strike_Gold","construct:Strike_Gold","construct:Strike_Gold","construct:Strike_Gold","construct:Strike_Gold","construct:Defend_Gold","construct:Defend_Gold","construct:Defend_Gold","construct:Defend_Gold","construct:Defend_Gold","construct:AttackMode+1","construct:DefenseMode+1","construct:Versatility","construct:ReactiveShield","construct:MetalShell","construct:ChargeShot+1","construct:Autoturret","construct:ChargeShot+1","construct:Missile","construct:GoldenBullet","construct:BatteryCore","construct:PowerUp","Dash","construct:ScopeCore+1","construct:ClockworkEgg+2","construct:Failsafe+1","Gensokyo:ScrapIron","Gensokyo:TarnishedGold","Gensokyo:LockedMedkit","construct:OmegaCannon+1"],"relics":["construct:Cogwheel","LetterFromLob","Gensokyo:Justice","hubris:Towel","Runesmith:Nanobots","Bottled Tornado","construct:WeddingRing","Mirror","TentaclePot:ReiMu"],"acts_visited":["Exordium","Gensokyo:Gensokyo"],"potions_floor_usage":[14,16,16,22,29],"damage_taken":[{"damage":0,"enemies":"Gensokyo:3_Fairies","floor":1,"turns":4},{"damage":0,"enemies":"Gensokyo:Gryphon","floor":2,"turns":5},{"damage":0,"enemies":"Gensokyo:Python","floor":5,"turns":4},{"damage":0,"enemies":"Gensokyo:Gryphon_and_Rabbit","floor":11,"turns":5},{"damage":0,"enemies":"Gensokyo:LivingMonolith","floor":14,"turns":2},{"damage":29,"enemies":"Gensokyo:Kokoro","floor":16,"turns":10},{"damage":6,"enemies":"Gensokyo:Chomper","floor":19,"turns":4},{"damage":12,"enemies":"Gensokyo:3_Dogs","floor":21,"turns":6},{"damage":21,"enemies":"Gensokyo:Slime_Group","floor":22,"turns":5},{"damage":13,"enemies":"Gensokyo:Mirror_and_Dog","floor":24,"turns":6},{"damage":4,"enemies":"Gensokyo:Swordslinger","floor":28,"turns":3},{"damage":34,"enemies":"Gensokyo:Wraith","floor":29,"turns":3}],"seed_played":"-1082895542653657844","potions_obtained":[{"floor":1,"key":"bronze:BurnAndBuffPotion"},{"floor":2,"key":"LiquidMemories"},{"floor":11,"key":"SteroidPotion"},{"floor":21,"key":"sneckomod:MuddlingPotion"},{"floor":28,"key":"SteroidPotion"}],"is_trial":false,"path_per_floor":["M","M","?","?","M","R","?","R","T","T","M","?","R","M","R","B",null,"M","M","?","M","M","R","M","R","T","COS","M","M"],"character_chosen":"THE_CONSTRUCT_MOD","items_purchased":[],"campfire_rested":0,"item_purchase_floors":[],"current_hp_per_floor":[85,85,85,85,85,85,85,85,85,85,85,85,85,85,85,56,85,85,79,79,67,46,46,33,33,33,33,29,0,0],"gold":27,"neow_bonus":"RANDOM_COLORLESS","is_daily":false,"chose_seed":false,"campfire_upgraded":6,"win_rate":0.0,"timestamp":1614444355,"path_taken":["M","M","?","?","M","R","?","R","T","?","?","?","R","M","R","BOSS","M","M","?","M","M","R","M","R","T","COS","M","M"],"items_purchased_type":[],"build_version":"2020-12-22","purchased_purges":0,"victory":false,"max_hp_per_floor":[85,85,85,85,85,85,85,85,85,85,85,85,85,85,85,85,85,85,85,85,85,85,85,85,85,85,85,85,85,85],"card_choices":[{"not_picked":["Replay:BasicMightCard","Survey Options"],"picked":"Replay:Sssssssssshield","floor":0},{"not_picked":["construct:ScopeCore","construct:Backfire"],"picked":"construct:Versatility","floor":1},{"not_picked":["construct:Bunker","construct:SweepLaser"],"picked":"construct:ReactiveShield","floor":2},{"not_picked":[],"picked":"construct:MetalShell","floor":4},{"not_picked":["construct:Dampening","construct:FocusedBeam"],"picked":"construct:ChargeShot","floor":5},{"not_picked":["construct:ReactiveShield","construct:Analyze"],"picked":"construct:Autoturret","floor":11},{"not_picked":["construct:Forcefield","construct:FocusedBeam"],"picked":"construct:ChargeShot","floor":12},{"not_picked":["construct:Reinforce","construct:ClusterMines"],"picked":"construct:Missile","floor":12},{"not_picked":["construct:Accumulate","construct:ShiftStrike"],"picked":"construct:GoldenBullet","floor":14},{"not_picked":["construct:Bunker","construct:ShieldGenerator"],"picked":"construct:BatteryCore","floor":16},{"not_picked":["construct:Anticipate","construct:Antimatter"],"picked":"construct:PowerUp","floor":19},{"not_picked":["construct:Stasis","construct:Tumble+1"],"picked":"construct:ScopeCore+1","floor":21},{"not_picked":["construct:SweepLaser+1","construct:FierceBash"],"picked":"construct:ClockworkEgg","floor":22},{"not_picked":["construct:Chainstrike","construct:ForceCore+1"],"picked":"construct:Failsafe+1","floor":24},{"not_picked":["construct:Forcefield","construct:SaveState+1"],"picked":"construct:OmegaCannon+1","floor":28}],"player_experience":1630965,"relics_obtained":[{"floor":1,"key":"LetterFromLob"},{"floor":9,"key":"Runesmith:Nanobots"},{"floor":10,"key":"Bottled Tornado"},{"floor":26,"key":"Mirror"}],"event_choices":[],"is_beta":false,"boss_relics":[{"not_picked":["aspiration:RunicSpoon","Runesmith:UraniumAnvil"],"picked":"construct:WeddingRing"}],"items_purged_floors":[],"is_endless":false,"potions_floor_spawned":[1,2,11,21,28],"killed_by":"Gensokyo:Wraith","ascension_level":0}}