{"host":"brlhu57vzmgrzvkq","time":1614410883,"event":{"mods":["AchievementEnabler","BaseMod","Colored Map","Downfall","Hermit","Minty Spire (QoL Compilation)","StSLib","SuperFastMode","The Cursed","The Servant 0.9.4"],"gold_per_floor":[113,113,133,148,160,160,174,207,230,230,241,241,270,286,286,381,431,449,461,137,157,167,199,199,217,270,270,295,295,56,73,73,174,174,189,189,209,259,259,259,259],"floor_reached":40,"language":"ENG","playtime":4600,"items_purged":["Strike_P"],"score":535,"play_id":"ee40bdc5-677f-4d4e-b6ee-b66a12f37308","local_time":"20210227002803","is_ascension_mode":true,"campfire_choices":[{"floor":6,"key":"REST"},{"data":"Eruption","floor":10,"key":"SMITH"},{"floor":12,"key":"REST"},{"floor":15,"key":"REST"},{"data":"Blasphemy","floor":24,"key":"SMITH"},{"data":"Wallop","floor":29,"key":"SMITH"},{"data":"Wireheading","floor":32,"key":"SMITH"}],"circlet_count":0,"master_deck":["Strike_P","Strike_P","Strike_P","Defend_P","Defend_P","Defend_P","Eruption+1","Vigilance","Weave","Wireheading+1","EmptyFist","Blasphemy+1","Wallop+1","LikeWater","Halt","Tantrum+1","Crescendo","SpiritShield","CutThroughFate","ThirdEye+1","Halt","BowlingBash","ClearTheMind+1","Protect+1","CutThroughFate","EmptyBody+1","MentalFortress+1","Judgement+1","FlurryOfBlows","FlurryOfBlows+1","FlurryOfBlows"],"relics":["PureWater","Bag of Marbles","Bronze Scales","Damaru","Tiny House","Toxic Egg 2","Pen Nib","Bag of Preparation","Eternal Feather","Shuriken","VioletLotus","Torii"],"acts_visited":["Exordium","TheCity","TheBeyond"],"potions_floor_usage":[8,22,33,38],"damage_taken":[{"damage":0,"enemies":"2 Louse","floor":1,"turns":1},{"damage":19,"enemies":"Small Slimes","floor":3,"turns":2},{"damage":15,"enemies":"Jaw Worm","floor":4,"turns":4},{"damage":22,"enemies":"Large Slime","floor":5,"turns":7},{"damage":8,"enemies":"3 Louse","floor":7,"turns":3},{"damage":1,"enemies":"Gremlin Nob","floor":8,"turns":3},{"damage":5,"enemies":"Gremlin Gang","floor":11,"turns":3},{"damage":25,"enemies":"3 Sentries","floor":13,"turns":6},{"damage":0,"enemies":"Exordium Wildlife","floor":14,"turns":1},{"damage":36,"enemies":"The Guardian","floor":16,"turns":6},{"damage":0,"enemies":"2 Thieves","floor":18,"turns":3},{"damage":2,"enemies":"Spheric Guardian","floor":19,"turns":3},{"damage":9,"enemies":"Snake Plant","floor":21,"turns":4},{"damage":2,"enemies":"Snecko","floor":22,"turns":3},{"damage":32,"enemies":"Book of Stabbing","floor":23,"turns":5},{"damage":0,"enemies":"Centurion and Healer","floor":25,"turns":4},{"damage":0,"enemies":"Gremlin Leader","floor":28,"turns":3},{"damage":10,"enemies":"Cultist and Chosen","floor":31,"turns":4},{"damage":22,"enemies":"Collector","floor":33,"turns":10},{"damage":44,"enemies":"Orb Walker","floor":35,"turns":5},{"damage":2,"enemies":"3 Shapes","floor":37,"turns":4},{"damage":0,"enemies":"Mind Bloom Boss Battle","floor":38,"turns":5},{"damage":82,"enemies":"Reptomancer","floor":40,"turns":5}],"seed_played":"953601808725732128","potions_obtained":[{"floor":4,"key":"BlessingOfTheForge"},{"floor":8,"key":"BlessingOfTheForge"},{"floor":11,"key":"Guardian:BlockOnCardUsePotion"},{"floor":16,"key":"Swift Potion"},{"floor":17,"key":"Ambrosia"},{"floor":19,"key":"Regen Potion"},{"floor":22,"key":"bronze:BurnAndBuffPotion"},{"floor":35,"key":"Energy Potion"}],"is_trial":false,"path_per_floor":["M","?","M","M","M","R","M","E","T","R","M","R","E","M","R","B",null,"M","M","$","M","M","E","R","M","T","?","E","R","$","M","R","B",null,"M","?","M","?","?","E"],"character_chosen":"WATCHER","items_purchased":["Toxic Egg 2","Shuriken"],"campfire_rested":3,"item_purchase_floors":[20,30],"current_hp_per_floor":[79,72,53,38,16,39,31,30,30,30,25,48,23,23,46,10,84,84,82,82,73,71,39,39,39,39,39,39,54,54,44,59,37,84,40,40,38,52,52,0,0],"gold":259,"neow_bonus":"TEN_PERCENT_HP_BONUS","is_daily":false,"chose_seed":false,"campfire_upgraded":4,"win_rate":0.0,"timestamp":1614410883,"path_taken":["M","?","M","M","M","R","M","E","T","R","M","R","E","M","R","BOSS","M","M","$","M","M","E","R","M","T","?","E","R","$","M","R","BOSS","M","?","M","?","?","E"],"items_purchased_type":["Relic","Relic"],"build_version":"2020-12-22","purchased_purges":1,"victory":false,"max_hp_per_floor":[79,79,79,79,79,79,79,79,79,79,79,79,79,79,79,79,84,84,84,84,84,84,84,84,84,84,84,84,84,84,84,84,84,84,84,84,84,84,80,80,80],"card_choices":[{"not_picked":["ClearTheMind","Indignation"],"picked":"Weave","floor":1},{"not_picked":["Prostrate","Crescendo"],"picked":"Wireheading","floor":3},{"not_picked":["FlyingSleeves","Meditate"],"picked":"EmptyFist","floor":4},{"not_picked":["Halt","WreathOfFlame"],"picked":"Blasphemy","floor":5},{"not_picked":["FollowUp","CrushJoints"],"picked":"Wallop","floor":7},{"not_picked":["Prostrate","Pray"],"picked":"LikeWater","floor":8},{"not_picked":["PathToVictory","Conclude"],"picked":"Halt","floor":11},{"not_picked":["WheelKick","CarveReality"],"picked":"Tantrum","floor":13},{"not_picked":["Evaluate","FollowUp"],"picked":"Crescendo","floor":14},{"not_picked":["Omniscience","Alpha"],"picked":"SpiritShield","floor":16},{"not_picked":["FlurryOfBlows","EmptyBody"],"picked":"CutThroughFate","floor":17},{"not_picked":["Prostrate","Evaluate"],"picked":"ThirdEye+1","floor":18},{"not_picked":["Prostrate","PathToVictory"],"picked":"Halt","floor":19},{"not_picked":["Vengeance+1","Prostrate+1"],"picked":"BowlingBash","floor":21},{"not_picked":["Blasphemy+1","Pray+1"],"picked":"ClearTheMind+1","floor":22},{"not_picked":["Conclude","TalkToTheHand"],"picked":"Protect+1","floor":23},{"not_picked":["BattleHymn","Evaluate+1"],"picked":"CutThroughFate","floor":25},{"not_picked":["Nirvana","BowlingBash"],"picked":"EmptyBody+1","floor":28},{"not_picked":["Perseverance+1","FollowUp"],"picked":"MentalFortress+1","floor":31},{"not_picked":["Alpha+1","Wish+1"],"picked":"Judgement+1","floor":33},{"not_picked":["WheelKick","Study"],"picked":"FlurryOfBlows","floor":35},{"not_picked":["Worship+1","ForeignInfluence+1"],"picked":"FlurryOfBlows+1","floor":37},{"not_picked":["SandsOfTime","ThirdEye+1"],"picked":"FlurryOfBlows","floor":38}],"player_experience":85840,"relics_obtained":[{"floor":8,"key":"Bag of Marbles"},{"floor":9,"key":"Bronze Scales"},{"floor":13,"key":"Damaru"},{"floor":23,"key":"Pen Nib"},{"floor":26,"key":"Bag of Preparation"},{"floor":28,"key":"Eternal Feather"},{"floor":38,"key":"Torii"}],"event_choices":[{"cards_removed":["Defend_P"],"damage_healed":0,"gold_gain":0,"player_choice":"Card Removal","damage_taken":7,"max_hp_gain":0,"max_hp_loss":0,"event_name":"Golden Wing","floor":2,"gold_loss":0},{"damage_healed":0,"gold_gain":0,"player_choice":"Memory 1","damage_taken":0,"max_hp_gain":0,"max_hp_loss":0,"event_name":"SensoryStone","floor":36,"gold_loss":0},{"damage_healed":0,"gold_gain":0,"player_choice":"Fight","damage_taken":0,"max_hp_gain":0,"max_hp_loss":0,"event_name":"MindBloom","floor":38,"gold_loss":0},{"damage_healed":0,"gold_gain":0,"player_choice":"Max HP","damage_taken":0,"max_hp_gain":0,"max_hp_loss":4,"event_name":"Winding Halls","floor":39,"gold_loss":0}],"is_beta":false,"boss_relics":[{"not_picked":["Runic Pyramid","Calling Bell"],"picked":"Tiny House"},{"not_picked":["Philosopher\u0027s Stone","Snecko Eye"],"picked":"VioletLotus"}],"items_purged_floors":[20],"is_endless":false,"potions_floor_spawned":[4,8,11,16,18,19,21,22,35],"killed_by":"Reptomancer","ascension_level":3}}