{"host":"fooy2gnzsnh4qz9y","time":1614410182,"event":{"mods":["2.2 Compatiblity","AchievementEnabler","BaseMod","Colored Map","Colored Powertips","DeckTracker","Highlight Path","Keyboard Shortcuts","Minty Spire (QoL Compilation)","Permanent Neow","Quick Restart","Random Character Button","StSLib","SuperFastMode","everything is the same but u backflip on backflip"],"gold_per_floor":[111,0,16,34,52,52,78,78,105,136,136,136,136,211,211,313,313,333,349,37,37,56,56,56,76,129,54,54,66,98,112,112,210,210,223,223,241,6,23,23,53,53,53,82,82,82,33,33,33,33,33,33,33,33,33],"floor_reached":54,"language":"KOR","playtime":3600,"items_purged":["Strike_R","Strike_R","Parasite"],"score":780,"play_id":"5f64f70c-0295-4634-a8f6-3b8401434f25","local_time":"20210227161622","is_ascension_mode":true,"campfire_choices":[{"data":"Bludgeon","floor":6.0,"key":"SMITH"},{"data":"Body Slam","floor":8.0,"key":"SMITH"},{"floor":11.0,"key":"REST"},{"data":"Fire Breathing","floor":15.0,"key":"SMITH"},{"data":"True Grit","floor":23.0,"key":"SMITH"},{"floor":32.0,"key":"REST"},{"floor":40.0,"key":"REST"},{"floor":42,"key":"REST"},{"floor":49,"key":"RECALL"},{"floor":52,"key":"REST"}],"circlet_count":0,"master_deck":["Strike_R+1","Strike_R+1","Defend_R+1","Defend_R+1","Bash+1","Thunderclap+1","Anger+1","Fire Breathing+1","Shrug It Off+1","Bludgeon+1","Clothesline+1","Body Slam+1","Twin Strike+1","Demon Form+1","Flame Barrier+1","True Grit+1","Power Through+1","Pommel Strike+1","Sword Boomerang+1","Sword Boomerang+1","Limit Break+1","Offering+1","Heavy Blade+1","Shrug It Off+1","Spot Weakness+1","Second Wind+1","Fire Breathing+1","Inflame+1","True Grit+1","Flex+1"],"relics":["Burning Blood","Vajra","Boot","Philosopher\u0027s Stone","Orichalcum","Regal Pillow","Red Mask","Mark of Pain","Nunchaku","Letter Opener","Ice Cream","Mark of the Bloom"],"acts_visited":["Exordium","TheCity","TheBeyond","TheEnding"],"potions_floor_usage":[45,50],"damage_taken":[{"damage":9.0,"enemies":"Jaw Worm","floor":1.0,"turns":4.0},{"damage":0.0,"enemies":"2 Louse","floor":3.0,"turns":2.0},{"damage":0.0,"enemies":"Small Slimes","floor":4.0,"turns":4.0},{"damage":0.0,"enemies":"Exordium Wildlife","floor":5.0,"turns":3.0},{"damage":34.0,"enemies":"Lagavulin","floor":7.0,"turns":4.0},{"damage":25.0,"enemies":"3 Sentries","floor":10.0,"turns":6.0},{"damage":21.0,"enemies":"Slime Boss","floor":16.0,"turns":7.0},{"damage":15.0,"enemies":"Chosen","floor":18.0,"turns":4.0},{"damage":22.0,"enemies":"Spheric Guardian","floor":19.0,"turns":4.0},{"damage":0.0,"enemies":"Centurion and Healer","floor":22.0,"turns":5.0},{"damage":30.0,"enemies":"Cultist and Chosen","floor":25.0,"turns":5.0},{"damage":16.0,"enemies":"Snake Plant","floor":29.0,"turns":3.0},{"damage":7.0,"enemies":"Masked Bandits","floor":30.0,"turns":4.0},{"damage":8.0,"enemies":"Snecko","floor":31.0,"turns":4.0},{"damage":37.0,"enemies":"Collector","floor":33.0,"turns":6.0},{"damage":39.0,"enemies":"3 Darklings","floor":35.0,"turns":5.0},{"damage":2.0,"enemies":"Orb Walker","floor":37.0,"turns":3.0},{"damage":28.0,"enemies":"Jaw Worm Horde","floor":39.0,"turns":4.0},{"damage":64,"enemies":"Reptomancer","floor":41,"turns":5},{"damage":63,"enemies":"Nemesis","floor":44,"turns":7},{"damage":11,"enemies":"Spire Growth","floor":45,"turns":4},{"damage":53,"enemies":"Awakened One","floor":50,"turns":6},{"damage":17,"enemies":"Shield and Spear","floor":54,"turns":2}],"seed_played":"-2956166264313821713","potions_obtained":[{"floor":3.0,"key":"Ancient Potion"},{"floor":7.0,"key":"SkillPotion"},{"floor":18.0,"key":"Regen Potion"},{"floor":29.0,"key":"ColorlessPotion"},{"floor":30.0,"key":"Strength Potion"},{"floor":31.0,"key":"FairyPotion"},{"floor":37.0,"key":"SmokeBomb"}],"is_trial":false,"path_per_floor":["M","$","M","M","M","R","E","R","T","E","R","?","?","?","R","B",null,"M","M","$","?","M","R","?","M","T","?","?","M","?","M","R","B",null,"M","?","M","$","M","R","E","R","T","E","M","?","$","?","R","B",null,"R","$","E"],"character_chosen":"IRONCLAD","items_purchased":["Fire Breathing","Power Through","Orichalcum","Second Wind","Fire Breathing","SteroidPotion"],"campfire_rested":5,"item_purchase_floors":[2,20,20,38,38,47],"current_hp_per_floor":[77,77,80,80,80,80,52,52,52,33,57,77,70,59,59,44,80,71,60,60,60,66,66,66,42,42,42,42,32,31,29,68,37,80,47,47,51,51,29,67,9,47,47,16,11,67,67,67,67,14,14,14,14,0,0],"gold":33,"neow_bonus":"TRANSFORM_CARD","is_daily":false,"chose_seed":false,"campfire_upgraded":4,"win_rate":0.0,"timestamp":1614410182,"path_taken":["M","$","M","M","M","R","E","R","T","E","R","?","?","?","R","BOSS","M","M","$","?","M","R","?","M","T","?","?","M","?","M","R","BOSS","M","?","M","$","?","R","E","R","T","E","?","?","$","?","R","BOSS","R","$","E"],"items_purchased_type":["Card","Card","Relic","Card","Card","Potion"],"build_version":"2020-12-22","purchased_purges":3,"victory":false,"max_hp_per_floor":[80,80,80,80,80,80,80,80,80,80,80,80,80,80,80,80,80,80,80,80,80,80,80,80,80,80,80,80,80,80,80,80,80,80,80,80,80,77,77,77,77,77,77,77,77,67,67,67,67,67,67,67,67,67,67],"card_choices":[{"not_picked":["Dark Embrace","Armaments"],"picked":"Anger","floor":1.0},{"not_picked":["Rupture","Wild Strike"],"picked":"Shrug It Off","floor":3.0},{"not_picked":["Thunderclap","Infernal Blade"],"picked":"Bludgeon","floor":4.0},{"not_picked":["Dropkick","Reckless Charge"],"picked":"Clothesline","floor":5.0},{"not_picked":["Thunderclap","Entrench"],"picked":"Body Slam","floor":7.0},{"not_picked":["Searing Blow","Feed"],"picked":"Twin Strike","floor":10.0},{"not_picked":["Reaper","Juggernaut"],"picked":"Demon Form","floor":16.0},{"not_picked":["Combust+1","Reckless Charge"],"picked":"Flame Barrier","floor":18.0},{"not_picked":["Sever Soul","Dark Embrace+1"],"picked":"True Grit","floor":19.0},{"not_picked":["Heavy Blade","Searing Blow"],"picked":"Pommel Strike","floor":22.0},{"not_picked":["Thunderclap","Perfected Strike"],"picked":"Sword Boomerang+1","floor":25.0},{"not_picked":["Anger","Bloodletting"],"picked":"Sword Boomerang+1","floor":29.0},{"not_picked":["Cleave+1","Hemokinesis+1"],"picked":"Limit Break","floor":31.0},{"not_picked":["Brutality","Fiend Fire"],"picked":"Offering","floor":33.0},{"not_picked":["Intimidate","Anger"],"picked":"Heavy Blade+1","floor":35.0},{"not_picked":["Searing Blow+1","Rage+1"],"picked":"Spot Weakness+1","floor":37.0},{"not_picked":["Body Slam+1","Wild Strike"],"picked":"Inflame+1","floor":39.0},{"not_picked":["Pommel Strike+1","Burning Pact"],"picked":"True Grit+1","floor":41},{"not_picked":["Brutality","Headbutt+1"],"picked":"Flex+1","floor":44}],"player_experience":260118,"relics_obtained":[{"floor":7.0,"key":"Vajra"},{"floor":10.0,"key":"Boot"},{"floor":26.0,"key":"Regal Pillow"},{"floor":30.0,"key":"Red Mask"},{"floor":41,"key":"Nunchaku"},{"floor":43,"key":"Letter Opener"},{"floor":44,"key":"Ice Cream"}],"event_choices":[{"damage_healed":20.0,"max_hp_gain":0.0,"max_hp_loss":0.0,"gold_gain":0.0,"event_name":"Mushrooms","player_choice":"Healed and dodged fight","floor":12.0,"gold_loss":0.0,"damage_taken":0.0,"cards_obtained":["Parasite"]},{"cards_removed":["Defend_R"],"damage_healed":0.0,"max_hp_gain":0.0,"max_hp_loss":0.0,"gold_gain":0.0,"event_name":"Golden Wing","player_choice":"Card Removal","floor":13.0,"gold_loss":0.0,"damage_taken":7.0},{"damage_healed":0.0,"max_hp_gain":0.0,"max_hp_loss":0.0,"gold_gain":75.0,"event_name":"World of Goop","player_choice":"Gather Gold","floor":14.0,"gold_loss":0.0,"damage_taken":11.0},{"damage_healed":0.0,"max_hp_gain":0.0,"max_hp_loss":0.0,"gold_gain":0.0,"event_name":"Vampires","player_choice":"Ignored","floor":24.0,"gold_loss":0.0,"damage_taken":0.0},{"cards_removed":["Defend_R"],"damage_healed":0.0,"max_hp_gain":0.0,"max_hp_loss":0.0,"gold_gain":0.0,"event_name":"Beggar","player_choice":"Gave Gold","floor":27.0,"gold_loss":75.0,"damage_taken":0.0},{"damage_healed":0.0,"max_hp_gain":0.0,"max_hp_loss":0.0,"gold_gain":0.0,"event_name":"Ghosts","player_choice":"Ignored","floor":28.0,"gold_loss":0.0,"damage_taken":0.0},{"damage_healed":0.0,"max_hp_gain":0.0,"max_hp_loss":0.0,"gold_gain":0.0,"event_name":"Masked Bandits","player_choice":"Fought Bandits","floor":30.0,"gold_loss":0.0,"damage_taken":0.0},{"damage_healed":0.0,"max_hp_gain":0.0,"max_hp_loss":0.0,"gold_gain":0.0,"event_name":"Duplicator","player_choice":"Copied","floor":36.0,"gold_loss":0.0,"damage_taken":0.0,"cards_obtained":["Shrug It Off"]},{"damage_healed":67,"gold_gain":0,"player_choice":"Heal","damage_taken":0,"max_hp_gain":0,"max_hp_loss":10,"event_name":"The Moai Head","floor":46,"gold_loss":0},{"damage_healed":0,"gold_gain":0,"player_choice":"Upgrade","damage_taken":0,"relics_obtained":["Mark of the Bloom"],"max_hp_gain":0,"max_hp_loss":0,"event_name":"MindBloom","floor":48,"gold_loss":0,"cards_upgraded":["Strike_R","Strike_R","Defend_R","Defend_R","Bash","Thunderclap","Anger","Shrug It Off","Clothesline","Twin Strike","Demon Form","Flame Barrier","Power Through","Pommel Strike","Limit Break","Offering","Shrug It Off","Second Wind","Fire Breathing"]}],"is_beta":false,"boss_relics":[{"not_picked":["Black Blood","Fusion Hammer"],"picked":"Philosopher\u0027s Stone"},{"not_picked":["Runic Dome","SlaversCollar"],"picked":"Mark of Pain"}],"items_purged_floors":[2,20,38],"is_endless":false,"potions_floor_spawned":[3,7,18,29,30,31,37],"killed_by":"Shield and Spear","ascension_level":3}}