{"host":"5dhwd44u3dydylwe","time":1614414251,"event":{"mods":["AchievementEnabler","BaseMod","BetterRewards","Dota2Spire","Duelist Mod","GifTheSpireLib","Hubris","Minty Spire (QoL Compilation)","Shop Mod","StSLib","Wandering Minibosses"],"gold_per_floor":[144,144,156,156,156,185,185,196,224,224,224,243,255,280,312,330,463,463,537,537,537,613,613,625,655,372,384,401,432,432,458,458,505,518,518,568,578,609,609,609,687,687,707,719,239,239,73,73,102,117,117,142,154,154,154,181,181,209,109,109,109,109,109,109,109,109,138,138],"floor_reached":69,"language":"ENG","playtime":2913,"items_purged":["theDuelist:CastleWalls","theDuelist:CastleWalls","theDuelist:Sparks","theDuelist:Sparks"],"score":5330,"play_id":"3c52e2c5-2125-44b6-99f1-6ee89fae5e43","local_time":"20210227162411","is_ascension_mode":true,"campfire_choices":[{"data":"Apotheosis","floor":7,"key":"SMITH"},{"data":"theDuelist:PyramidWonders","floor":18,"key":"SMITH"},{"data":"theDuelist:YukiOnnaAbsolute","floor":21,"key":"SMITH"},{"data":"theDuelist:CallGrave","floor":30,"key":"SMITH"},{"data":"theDuelist:VampireFamiliar","floor":39,"key":"SMITH"},{"data":"theDuelist:BeaverWarrior","floor":40,"key":"SMITH"},{"data":"theDuelist:FeatherShot","floor":54,"key":"SMITH"},{"floor":60,"key":"RECALL"},{"data":"theDuelist:FeatherShot+1","floor":61,"key":"SMITH"},{"data":"theDuelist:FeatherShot+2","floor":65,"key":"SMITH"}],"circlet_count":0,"master_deck":["theDuelist:GiantSoldier+1","theDuelist:VampireFamiliar+1","theDuelist:PyramidWonders+1","theDuelist:CallGrave+1","theDuelist:BeaverWarrior","theDuelist:BerserkerCrush","theDuelist:GiantSoldier+1","Apotheosis+1","theDuelist:FinalFlame","theDuelist:ScrapFactory+1","theDuelist:SouleatingOviraptor","theDuelist:Relinkuriboh","AscendersBane","theDuelist:FeatherShot+3","theDuelist:YukiOnnaAbsolute+1","theDuelist:VendreadCharge+1"],"relics":["theDuelist:MillenniumPuzzle","theDuelist:CardPoolRelic","theDuelist:CardPoolBasicRelic","theDuelist:BoosterPackPoolRelic","theDuelist:CardPoolAddRelic","theDuelist:CardPoolMinusRelic","theDuelist:CardPoolSaveRelic","theDuelist:CardPoolOptionsRelic","Omamori","HornCleat","Anchor","hubris:OldNail","PrismaticShard","Lantern","Dota2Spire:Vanguard","Dota2Spire:HeartOfTarrasque","hubris:CuriousFeather","Juzu Bracelet","FossilizedHelix","Ice Cream","Dota2Spire:AghanimScepter","Question Card","Bird Faced Urn","PreservedInsect","Dota2Spire:Desolator","hubris:Towel","theDuelist:MetronomeRelicB","Snake Skull","theDuelist:ZoneToken","Strawberry","Odd Mushroom","Dota2Spire:MantaStyle","theDuelist:MillenniumCoin","hubris:ScarierMask","Dota2Spire:Bloodstone","Red Mask","Mercury Hourglass","wanderingMiniBosses:Inkheart","theDuelist:ElectricBurst","hubris:MysteriousPyramids","theDuelist:DuelistOrichalcum","Oddly Smooth Stone","Calling Bell","Blood Vial","Pantograph","Du-Vu Doll","Ginger","Dota2Spire:EchoSabre","Medical Kit","Gremlin Horn","theDuelist:MonsterEggRelic","theDuelist:MerchantNecklace","War Paint","Dota2Spire:DrumOfEndurance","Vajra","Bag of Preparation","Bottled Lightning"],"acts_visited":["Exordium","TheCity","TheBeyond","TheEnding"],"potions_floor_usage":[68],"damage_taken":[{"damage":0.0,"enemies":"Small Slimes","floor":1.0,"turns":7.0},{"damage":0.0,"enemies":"Cultist","floor":3.0,"turns":2.0},{"damage":0,"enemies":"Gremlin Nob","floor":6,"turns":2},{"damage":0,"enemies":"2 Louse","floor":8,"turns":5},{"damage":0,"enemies":"3 Sentries","floor":9,"turns":4},{"damage":0,"enemies":"Looter","floor":12,"turns":5},{"damage":0,"enemies":"3 Louse","floor":13,"turns":7},{"damage":0,"enemies":"The Mushroom Lair","floor":14,"turns":4},{"damage":0,"enemies":"Gremlin Nob","floor":15,"turns":2},{"damage":0,"enemies":"Exordium Thugs","floor":16,"turns":3},{"damage":0,"enemies":"Lagavulin","floor":17,"turns":4},{"damage":0,"enemies":"Slime Boss","floor":19,"turns":2},{"damage":0,"enemies":"Slime Boss","floor":22,"turns":5},{"damage":0,"enemies":"2 Thieves","floor":24,"turns":1},{"damage":0,"enemies":"Masked Bandits","floor":25,"turns":2},{"damage":0,"enemies":"Shell Parasite","floor":27,"turns":5},{"damage":0,"enemies":"Cultist and Chosen","floor":28,"turns":3},{"damage":0,"enemies":"Gremlin Leader","floor":29,"turns":3},{"damage":0,"enemies":"theDuelist:KaibaA2","floor":31,"turns":3},{"damage":0,"enemies":"Snake Plant","floor":34,"turns":2},{"damage":0,"enemies":"3 Cultists","floor":37,"turns":2},{"damage":14,"enemies":"Gremlin Leader","floor":38,"turns":4},{"damage":0,"enemies":"Automaton","floor":41,"turns":5},{"damage":0,"enemies":"3 Darklings","floor":43,"turns":2},{"damage":0,"enemies":"Orb Walker","floor":44,"turns":2},{"damage":0,"enemies":"Reptomancer","floor":49,"turns":2},{"damage":0,"enemies":"Spire Growth","floor":50,"turns":3},{"damage":0,"enemies":"4 Shapes","floor":53,"turns":3},{"damage":0,"enemies":"Nemesis","floor":56,"turns":3},{"damage":0,"enemies":"Giant Head","floor":58,"turns":2},{"damage":0,"enemies":"Time Eater","floor":62,"turns":1},{"damage":0,"enemies":"Donu and Deca","floor":63,"turns":1},{"damage":0,"enemies":"Shield and Spear","floor":67,"turns":2},{"damage":0,"enemies":"The Heart","floor":68,"turns":5}],"seed_played":"8288249804940102003","potions_obtained":[{"floor":6,"key":"CunningPotion"},{"floor":9,"key":"BlessingOfTheForge"},{"floor":25,"key":"LiquidMemories"},{"floor":44,"key":"DistilledChaos"}],"is_trial":false,"path_per_floor":["M","?","M","?","?","E","R","M","E","T","T","M","M","?","E","M","E","R","B",null,"R","B",null,"M","?","$","M","M","E","R","E","?","T","M","?","?","M","E","R","R","B",null,"M","M","$","?","$","?","E","M","?","T","M","R","$","E","?","E","NS","R","R","B","B",null,"R","$","E","B",null],"character_chosen":"THE_DUELIST","items_purchased":["Omamori","HornCleat","Anchor","hubris:OldNail","PrismaticShard","Lantern","Dota2Spire:Vanguard","Dota2Spire:HeartOfTarrasque","Apotheosis","hubris:CuriousFeather","Juzu Bracelet","FossilizedHelix","Ice Cream","Dota2Spire:AghanimScepter","Question Card","Bird Faced Urn","PreservedInsect","Mercury Hourglass","Ginger","Dota2Spire:EchoSabre","Medical Kit","theDuelist:MonsterEggRelic","theDuelist:MerchantNecklace","War Paint","Dota2Spire:DrumOfEndurance"],"campfire_rested":0,"item_purchase_floors":[0,0,0,0,0,0,0,0,0,0,0,0,0,0,0,0,0,26,45,45,47,55,55,55,55],"current_hp_per_floor":[45,45,45,45,45,45,45,53,57,57,64,72,85,85,85,85,85,85,85,85,85,85,85,85,85,85,85,85,85,85,85,85,85,85,85,85,85,71,71,71,85,85,85,85,85,85,85,85,85,85,85,85,85,85,33,41,41,49,49,49,49,82,85,85,85,85,85,85],"gold":138,"neow_bonus":"","is_daily":false,"chose_seed":false,"campfire_upgraded":9,"win_rate":0.0,"timestamp":1614414251,"path_taken":["M","?","M","?","?","E","R","M","E","T","T","M","M","?","E","M","E","R","BOSS","R","BOSS","M","?","$","M","M","E","R","E","?","T","M","?","?","M","E","R","R","BOSS","M","M","$","?","$","?","E","M","?","T","M","R","?","E","?","E","NS","R","R","BOSS","BOSS","R","$","E","BOSS"],"items_purchased_type":["Relic","Relic","Relic","Relic","Relic","Relic","Relic","Relic","Card","Relic","Relic","Relic","Relic","Relic","Relic","Relic","Relic","Relic","Relic","Relic","Relic","Relic","Relic","Relic","Relic"],"build_version":"2020-12-22","purchased_purges":4,"victory":true,"max_hp_per_floor":[78,78,78,78,78,78,78,78,78,78,85,85,85,85,85,85,85,85,85,85,85,85,85,85,85,85,85,85,85,85,85,85,85,85,85,85,85,85,85,85,85,85,85,85,85,85,85,85,85,85,85,85,85,85,85,85,85,85,85,85,85,85,85,85,85,85,85,85],"card_choices":[{"not_picked":["theDuelist:VendreadRevenants","theDuelist:VendreadCore","theDuelist:VendreadAnima","theDuelist:RevendreadExecutor","theDuelist:AvendreadSavior"],"picked":"SKIP","floor":1.0},{"not_picked":["theDuelist:CyberArchfiend","theDuelist:BoneMouse","theDuelist:UmbralHorrorUniform","theDuelist:NightmareHorse"],"picked":"theDuelist:Chewbone","floor":3.0},{"not_picked":["theDuelist:WanderingKing","theDuelist:DoubleCoston","theDuelist:DoomkingBalerdroch","theDuelist:Bonecrusher","theDuelist:VampireDomain"],"picked":"SKIP","floor":6},{"not_picked":["theDuelist:DrivenDaredevil","theDuelist:Mezuki","theDuelist:GiantOrc","theDuelist:ArchfiendSoldier","theDuelist:VampireSucker"],"picked":"SKIP","floor":8},{"not_picked":["theDuelist:Tierra","theDuelist:FabledGallabas","theDuelist:ZombieMaster","theDuelist:VendreadNightmare","theDuelist:DecayedCommander"],"picked":"SKIP","floor":9},{"not_picked":["theDuelist:GiantOrc","theDuelist:TerraTerrible","theDuelist:DarkFusion","theDuelist:Hajun"],"picked":"theDuelist:SouleatingOviraptor","floor":12},{"not_picked":["theDuelist:VampireScarletScourge","theDuelist:VampireLady","theDuelist:GhostrickWarwolf","theDuelist:GhostrickSkeleton","theDuelist:YukiOnnaAbsolute"],"picked":"SKIP","floor":13},{"not_picked":["theDuelist:VampireScarletScourge","theDuelist:VampireLady","theDuelist:GhostrickWarwolf","theDuelist:GhostrickSkeleton"],"picked":"theDuelist:YukiOnnaAbsolute","floor":13},{"not_picked":["theDuelist:ParallelWorldFusion","theDuelist:DesLacooda","theDuelist:PortraitSecret","theDuelist:VampireGenesis"],"picked":"theDuelist:Relinkuriboh","floor":15},{"not_picked":["theDuelist:RedMirror","theDuelist:ZombiePowerStruggle","theDuelist:VendreadReunion"],"picked":"theDuelist:PyramidWonders","floor":16},{"not_picked":["theDuelist:BeaverWarrior","theDuelist:GiantSoldier","theDuelist:Chewbone","theDuelist:SouleatingOviraptor","theDuelist:YukiOnnaAbsolute+1"],"picked":"SKIP","floor":17},{"not_picked":["theDuelist:ArchfiendCommander","theDuelist:VendreadStriges","theDuelist:Scapeghost","theDuelist:OverpoweringEye"],"picked":"theDuelist:FeatherShot","floor":19},{"not_picked":["theDuelist:DarkCubicLord","theDuelist:Wildfire","theDuelist:VendreadDaybreak","theDuelist:OverpoweringEye"],"picked":"theDuelist:CallGrave","floor":22},{"not_picked":["theDuelist:GoblinZombie","theDuelist:GracefulCharity","theDuelist:UniZombie","theDuelist:VampireDomination","theDuelist:PyramidTurtle"],"picked":"SKIP","floor":24},{"not_picked":["theDuelist:ZombieWorld","theDuelist:MayakashiReturn+1","theDuelist:CardSafeReturn","theDuelist:ZombieNecronize+1"],"picked":"theDuelist:BerserkerCrush","floor":25},{"not_picked":["theDuelist:ZombiePowerStruggle+1","theDuelist:VendreadReunion+1","theDuelist:CardSafeReturn+1","theDuelist:MayakashiWinter+1","theDuelist:GhostrickScare+1"],"picked":"SKIP","floor":27},{"not_picked":["theDuelist:UnderworldCannon","theDuelist:FusionWeapon","theDuelist:RevendreadEvolution","theDuelist:BrilliantFusion+1","theDuelist:Wildfire"],"picked":"SKIP","floor":28},{"not_picked":["Blind","Forethought","Jack Of All Trades","Magnetism"],"picked":"SKIP","floor":29},{"not_picked":["theDuelist:SouleatingOviraptor","theDuelist:Skelesaurus+1","theDuelist:OvertexQoatlus","theDuelist:FossilSkullknight","theDuelist:Chewbone"],"picked":"SKIP","floor":31},{"not_picked":["theDuelist:GhostrickYeti","theDuelist:FireReaper","theDuelist:Hajun","theDuelist:GhostrickGhoul","theDuelist:Wightprince"],"picked":"SKIP","floor":34},{"not_picked":["theDuelist:SummonedSkull","theDuelist:AmbitiousGofer","theDuelist:Chewbone","theDuelist:VendreadRevolution","theDuelist:UmbralHorrorWilloWisp"],"picked":"SKIP","floor":37},{"not_picked":["theDuelist:TwinHeadedWolf","theDuelist:Zombyra+1","theDuelist:VampireFraulein+1","theDuelist:GhostrickJiangshi+1","theDuelist:VampireFamiliar"],"picked":"SKIP","floor":38},{"not_picked":["theDuelist:TwinHeadedWolf","theDuelist:Zombyra+1","theDuelist:VampireFraulein+1","theDuelist:GhostrickJiangshi+1"],"picked":"theDuelist:VampireFamiliar","floor":38},{"not_picked":["theDuelist:Miscellaneousaurus","theDuelist:VendreadRevenants","theDuelist:VendreadNights+1","theDuelist:ZombieMaster"],"picked":"theDuelist:VendreadCharge+1","floor":43},{"not_picked":["theDuelist:SummonedSkull","theDuelist:NightmareHorse","theDuelist:VampireVamp","theDuelist:RegenMummy","theDuelist:PyramidTurtle"],"picked":"SKIP","floor":44},{"not_picked":["theDuelist:GhostReaper","theDuelist:DarkFusion","theDuelist:CheerfulCoffin+1","theDuelist:Yasha"],"picked":"theDuelist:Tengu+1","floor":49},{"not_picked":["theDuelist:ZombieMaster","theDuelist:VendreadDaybreak","theDuelist:VampireGrace+1"],"picked":"SKIP","floor":50},{"not_picked":["theDuelist:ImmortalRuler+1","theDuelist:SkullConductor","theDuelist:Pumprincess","theDuelist:GhostBelle+1","theDuelist:OboroGuruma"],"picked":"SKIP","floor":53},{"not_picked":["theDuelist:VampireFamiliar","theDuelist:Tengu","theDuelist:DrivenDaredevil+1","theDuelist:ParallelWorldFusion","theDuelist:Yasha"],"picked":"SKIP","floor":56},{"not_picked":["theDuelist:Pumprincess","theDuelist:PoisonMummy","theDuelist:GhostrickSpecter","theDuelist:FragmentFusion","theDuelist:GrossGhost"],"picked":"SKIP","floor":58},{"not_picked":["theDuelist:Zombyra+1","theDuelist:SummonedSkull+1","theDuelist:VampireFraulein+1","theDuelist:BattleFusion+1","theDuelist:PoisonMummy+1"],"picked":"SKIP","floor":67}],"player_experience":328125,"relics_obtained":[{"floor":2.0,"key":"Dota2Spire:Desolator"},{"floor":6,"key":"theDuelist:MetronomeRelicB"},{"floor":9,"key":"Snake Skull"},{"floor":10,"key":"theDuelist:ZoneToken"},{"floor":11,"key":"Strawberry"},{"floor":14,"key":"Odd Mushroom"},{"floor":15,"key":"Dota2Spire:MantaStyle"},{"floor":17,"key":"theDuelist:MillenniumCoin"},{"floor":25,"key":"Red Mask"},{"floor":27,"key":"wanderingMiniBosses:Inkheart"},{"floor":29,"key":"theDuelist:ElectricBurst"},{"floor":31,"key":"hubris:MysteriousPyramids"},{"floor":33,"key":"theDuelist:DuelistOrichalcum"},{"floor":38,"key":"Oddly Smooth Stone"},{"floor":42,"key":"Blood Vial"},{"floor":42,"key":"Pantograph"},{"floor":42,"key":"Du-Vu Doll"},{"floor":49,"key":"Gremlin Horn"},{"floor":56,"key":"Vajra"},{"floor":58,"key":"Bag of Preparation"},{"floor":67,"key":"Bottled Lightning"}],"event_choices":[{"damage_healed":0.0,"max_hp_gain":0.0,"max_hp_loss":0.0,"gold_gain":0.0,"event_name":"Wheel of Change","player_choice":"Relic","floor":2.0,"gold_loss":0.0,"damage_taken":0.0},{"damage_healed":0,"gold_gain":0,"player_choice":"Leave","duelist":true,"damage_taken":0,"max_hp_gain":0,"max_hp_loss":0,"event_name":"Battle City","floor":4,"gold_loss":0},{"damage_healed":0,"gold_gain":0,"player_choice":"Fought Mushrooms","damage_taken":0,"max_hp_gain":0,"max_hp_loss":0,"event_name":"Mushrooms","floor":14,"gold_loss":0},{"damage_healed":0,"gold_gain":0,"player_choice":"Fought Bandits","damage_taken":0,"max_hp_gain":0,"max_hp_loss":0,"event_name":"Masked Bandits","floor":25,"gold_loss":0},{"cards_removed":["theDuelist:Chewbone"],"damage_healed":5,"gold_gain":0,"player_choice":"Offered Common","damage_taken":0,"max_hp_gain":0,"max_hp_loss":0,"event_name":"Bonfire Elementals","floor":32,"gold_loss":0},{"cards_removed":["theDuelist:Chewbone"],"damage_healed":5,"gold_gain":0,"player_choice":"Offered Special","damage_taken":0,"max_hp_gain":0,"max_hp_loss":0,"event_name":"Bonfire Elementals","floor":32,"gold_loss":0},{"damage_healed":0,"gold_gain":0,"player_choice":"Ignored","damage_taken":0,"max_hp_gain":0,"max_hp_loss":0,"event_name":"Vampires","floor":35,"gold_loss":0},{"damage_healed":0,"gold_gain":50,"player_choice":"Stole From Cult","damage_taken":0,"max_hp_gain":0,"max_hp_loss":0,"event_name":"Nest","floor":36,"gold_loss":0},{"total_magic_score":38,"gold_gain":0,"duelist":true,"damage_taken":0,"relics_obtained":[],"points":4,"max_hp_gain":0,"max_hp_loss":0,"spent_points":{"magic":0,"greed":0,"war":0,"power":4,"hunger":0},"event_name":"Nameless Tomb","floor":48,"gold_loss":0,"cards_obtained":[]},{"damage_healed":0,"gold_gain":0,"player_choice":"Memory 1","damage_taken":0,"max_hp_gain":0,"max_hp_loss":0,"event_name":"SensoryStone","floor":51,"gold_loss":0},{"damage_healed":0,"gold_gain":0,"player_choice":"1 cards matched","damage_taken":0,"max_hp_gain":0,"max_hp_loss":0,"event_name":"Match and Keep!","floor":57,"gold_loss":0,"cards_obtained":["theDuelist:VampireCurse"]}],"is_beta":false,"boss_relics":[{"not_picked":["Ectoplasm","hubris:VirtuousBlindfold"],"picked":"hubris:ScarierMask"},{"not_picked":["Busted Crown","SlaversCollar"],"picked":"Dota2Spire:Bloodstone"},{"not_picked":["Fusion Hammer","Empty Cage"],"picked":"Calling Bell"}],"items_purged_floors":[0,0,0,0],"is_endless":false,"potions_floor_spawned":[6,9,13,17,19,24,25,27,29,37,41,44,49,58],"ascension_level":20}}