{"host":"rmsq46plbpwfbxcc","time":1614437824,"event":{"mods":["AchievementEnabler","BaseMod","Colored Map","Colored Powertips","DeckTracker","KOR Keyword Fix","Minty Spire (QoL Compilation)","Permanent Neow","Quick Restart","SuperFastMode"],"gold_per_floor":[117,130,149,161,161,161,186,186,212,241,255,255,255,265,265,343,343,360,371,371,296,306,306,306],"floor_reached":23,"language":"KOR","playtime":752,"items_purged":["Strike_G"],"score":376,"play_id":"7472fe28-d90d-4849-a0b0-0e4d7e972e1e","local_time":"20210227235704","is_ascension_mode":true,"campfire_choices":[{"data":"Noxious Fumes","floor":6,"key":"SMITH"},{"data":"Blade Dance","floor":12,"key":"SMITH"},{"data":"Envenom","floor":15,"key":"SMITH"}],"circlet_count":0,"master_deck":["AscendersBane","Strike_G","Strike_G","Defend_G+1","Defend_G","Defend_G+1","Defend_G","Survivor","Neutralize","Underhanded Strike+1","Blade Dance+1","Noxious Fumes+1","PiercingWail","Burst","Envenom+1","After Image","Cloak And Dagger","Well Laid Plans"],"relics":["Astrolabe","Boot","Omamori","War Paint","Akabeko","Gambling Chip","Philosopher\u0027s Stone","HornCleat"],"acts_visited":["Exordium","TheCity"],"potions_floor_usage":[3,10],"damage_taken":[{"damage":4,"enemies":"Cultist","floor":1,"turns":5},{"damage":0,"enemies":"Small Slimes","floor":2,"turns":3},{"damage":5,"enemies":"2 Louse","floor":3,"turns":3},{"damage":7,"enemies":"Looter","floor":4,"turns":4},{"damage":17,"enemies":"Lagavulin","floor":7,"turns":6},{"damage":17,"enemies":"Gremlin Nob","floor":10,"turns":4},{"damage":0,"enemies":"Lots of Slimes","floor":11,"turns":3},{"damage":2,"enemies":"3 Louse","floor":14,"turns":3},{"damage":30,"enemies":"Slime Boss","floor":16,"turns":8},{"damage":9,"enemies":"Spheric Guardian","floor":18,"turns":5},{"damage":6,"enemies":"2 Thieves","floor":19,"turns":4},{"damage":23,"enemies":"Snecko","floor":22,"turns":7},{"damage":11,"enemies":"Slavers","floor":23,"turns":4}],"seed_played":"-2501130048020234818","potions_obtained":[{"floor":2,"key":"FairyPotion"},{"floor":3,"key":"Fruit Juice"},{"floor":7,"key":"Poison Potion"},{"floor":19,"key":"EssenceOfSteel"},{"floor":22,"key":"LiquidBronze"}],"is_trial":false,"path_per_floor":["M","M","M","M","?","R","E","?","T","E","M","R","?","M","R","B",null,"M","M","T","$","M","E"],"character_chosen":"THE_SILENT","items_purchased":[],"campfire_rested":0,"item_purchase_floors":[],"current_hp_per_floor":[55,55,55,48,48,48,31,26,26,9,9,9,9,7,7,9,56,47,41,41,41,18,7,7],"gold":306,"neow_bonus":"BOSS_RELIC","is_daily":false,"chose_seed":false,"campfire_upgraded":3,"win_rate":0.0,"timestamp":1614437824,"path_taken":["M","M","?","M","?","R","E","?","T","E","M","R","?","M","R","BOSS","M","M","?","$","M","E"],"items_purchased_type":[],"build_version":"2020-12-22","purchased_purges":1,"victory":false,"max_hp_per_floor":[66,66,71,71,71,71,71,71,71,71,71,71,71,71,71,71,71,71,71,71,71,71,71,71],"card_choices":[{"not_picked":["Dagger Throw","PiercingWail"],"picked":"Blade Dance","floor":1},{"not_picked":["Crippling Poison","Sucker Punch","Blade Dance"],"picked":"SKIP","floor":2},{"not_picked":["Tactician","Dodge and Roll"],"picked":"Noxious Fumes","floor":3},{"not_picked":["Quick Slash","Blade Dance","Dagger Throw"],"picked":"SKIP","floor":4},{"not_picked":["Dagger Spray","Dodge and Roll"],"picked":"PiercingWail","floor":7},{"not_picked":["Flechettes","Backflip"],"picked":"Burst","floor":10},{"not_picked":["Reflex","Dodge and Roll","Dagger Spray"],"picked":"SKIP","floor":11},{"not_picked":["Dagger Spray","Poisoned Stab"],"picked":"Envenom","floor":14},{"not_picked":["Phantasmal Killer","Burst"],"picked":"After Image","floor":16},{"not_picked":["Poisoned Stab","Backflip+1"],"picked":"Cloak And Dagger","floor":18},{"not_picked":["Catalyst","Die Die Die"],"picked":"Well Laid Plans","floor":19},{"not_picked":["Deadly Poison","Slice","Flying Knee"],"picked":"SKIP","floor":22}],"player_experience":675033,"relics_obtained":[{"floor":7,"key":"Boot"},{"floor":9,"key":"War Paint"},{"floor":10,"key":"Akabeko"},{"floor":20,"key":"HornCleat"}],"event_choices":[{"cards_removed":["Night Terror"],"damage_healed":0,"gold_gain":0,"player_choice":"Forget","damage_taken":0,"max_hp_gain":0,"max_hp_loss":0,"event_name":"Living Wall","floor":5,"gold_loss":0},{"damage_healed":0,"gold_gain":0,"player_choice":"Success","damage_taken":5,"relics_obtained":["Omamori"],"max_hp_gain":0,"max_hp_loss":0,"event_name":"Scrap Ooze","floor":8,"gold_loss":0},{"cards_removed":["Expertise"],"damage_healed":0,"gold_gain":0,"player_choice":"Gave Card","damage_taken":0,"relics_obtained":["Gambling Chip"],"max_hp_gain":0,"max_hp_loss":0,"event_name":"WeMeetAgain","floor":13,"gold_loss":0}],"is_beta":false,"boss_relics":[{"not_picked":["Sozu","Busted Crown"],"picked":"Philosopher\u0027s Stone"}],"items_purged_floors":[21],"is_endless":false,"potions_floor_spawned":[2,3,7,19,22],"killed_by":"Slavers","ascension_level":17}}