{"host":"gjwzgdilc53yxmt0","time":1614399308,"event":{"mods":["2.2 Compatiblity","BaseMod","Bestiary","Highlight Path","Minty Spire (QoL Compilation)","Relic Stats","StSLib","ojb\u0027s Info Mod"],"gold_per_floor":[119,135,41,55,69,99,116,147,147,164,31,31,66,84,84,158,158,173,5,5,5,5,60,60,80,132,186,186,186,186],"floor_reached":29,"language":"ENG","playtime":1386,"items_purged":[],"score":616,"play_id":"3e162d25-155b-4170-8a2a-cedf3a657806","local_time":"20210226231508","is_ascension_mode":true,"campfire_choices":[{"data":"Blasphemy","floor":12.0,"key":"SMITH"},{"data":"Ragnarok","floor":15.0,"key":"SMITH"},{"data":"Wish","floor":28,"key":"SMITH"}],"circlet_count":0,"master_deck":["AscendersBane","Strike_P","Defend_P","Defend_P","Defend_P","Defend_P","Eruption","Vigilance","WreathOfFlame","Crescendo","EmptyFist","FlurryOfBlows","Adaptation","Halt","Wallop","Ragnarok+1","Wireheading","Swivel","Blasphemy+1","Wireheading","FlurryOfBlows","Wish+1","Halt","MentalFortress","Ghostly","Ghostly","Ghostly","EmptyBody","Meditate","Tantrum","FearNoEvil","Indignation"],"relics":["PureWater","Calipers","CaptainsWheel","The Courier","Bronze Scales","Philosopher\u0027s Stone","Membership Card","Bird Faced Urn","Happy Flower","Peace Pipe"],"acts_visited":["Exordium","TheCity"],"potions_floor_usage":[23,27,29],"damage_taken":[{"damage":7.0,"enemies":"Cultist","floor":1.0,"turns":3.0},{"damage":0.0,"enemies":"Jaw Worm","floor":2.0,"turns":4.0},{"damage":9.0,"enemies":"2 Louse","floor":4.0,"turns":2.0},{"damage":0.0,"enemies":"Red Slaver","floor":5.0,"turns":3.0},{"damage":0.0,"enemies":"Lagavulin","floor":6.0,"turns":4.0},{"damage":0.0,"enemies":"2 Fungi Beasts","floor":7.0,"turns":2.0},{"damage":17.0,"enemies":"3 Sentries","floor":8.0,"turns":5.0},{"damage":4.0,"enemies":"Large Slime","floor":10.0,"turns":6.0},{"damage":2.0,"enemies":"Lagavulin","floor":13.0,"turns":5.0},{"damage":5.0,"enemies":"Lots of Slimes","floor":14.0,"turns":3.0},{"damage":3.0,"enemies":"Hexaghost","floor":16.0,"turns":6.0},{"damage":21.0,"enemies":"2 Thieves","floor":18.0,"turns":4.0},{"damage":3,"enemies":"Gremlin Leader","floor":23,"turns":8},{"damage":1,"enemies":"3 Byrds","floor":25,"turns":2},{"damage":8,"enemies":"Slavers","floor":27,"turns":5},{"damage":22,"enemies":"Shelled Parasite and Fungi","floor":29,"turns":1}],"seed_played":"4229835285026584043","potions_obtained":[{"floor":1.0,"key":"ColorlessPotion"},{"floor":4.0,"key":"Energy Potion"},{"floor":8.0,"key":"Dexterity Potion"},{"floor":13.0,"key":"GamblersBrew"},{"floor":18.0,"key":"PowerPotion"},{"floor":23,"key":"Weak Potion"},{"floor":25,"key":"AttackPotion"}],"is_trial":false,"path_per_floor":["M","M","$","M","M","E","M","E","T","M","$","R","E","M","R","B",null,"M","$","?","$","?","E","?","M","T","E","R","M"],"character_chosen":"WATCHER","items_purchased":["FlurryOfBlows","Adaptation","Blasphemy","Membership Card","MentalFortress"],"campfire_rested":0,"item_purchase_floors":[3,3,11,19,19],"current_hp_per_floor":[54,54,54,45,45,45,45,28,28,24,24,24,22,17,17,14,55,34,34,34,34,34,31,29,28,28,22,22,0,0],"gold":186,"neow_bonus":"TRANSFORM_CARD","is_daily":false,"chose_seed":false,"campfire_upgraded":3,"win_rate":0.0,"timestamp":1614399308,"path_taken":["M","M","$","M","M","E","M","E","T","?","?","R","E","M","R","BOSS","M","$","?","$","?","E","?","M","T","E","R","M"],"items_purchased_type":["Card","Card","Card","Relic","Card"],"build_version":"2020-12-22","purchased_purges":0,"victory":false,"max_hp_per_floor":[68,68,68,68,68,68,68,68,68,68,68,68,68,68,68,68,68,68,68,34,34,34,34,34,34,34,34,34,34,34],"relic_stats":{"Peace Pipe":0,"Happy Flower":[2],"counters":[16,63],"Bronze Scales":[136],"Bird Faced Urn":[2],"obtain_stats":[{"Peace Pipe":27,"CaptainsWheel":8,"Calipers":6,"Happy Flower":26,"Bronze Scales":13,"Bird Faced Urn":23,"Philosopher\u0027s Stone":17,"The Courier":9,"Membership Card":19,"PureWater":0},{"Peace Pipe":15,"CaptainsWheel":7,"Calipers":5,"Happy Flower":14,"Bronze Scales":9,"Bird Faced Urn":13,"Philosopher\u0027s Stone":11,"The Courier":7,"Membership Card":12,"PureWater":0},{"Peace Pipe":62,"CaptainsWheel":23,"Calipers":16,"Happy Flower":57,"Bronze Scales":34,"Bird Faced Urn":55,"Philosopher\u0027s Stone":43,"The Courier":23,"Membership Card":47,"PureWater":0}]},"card_choices":[{"not_picked":["ForeignInfluence","Evaluate"],"picked":"Crescendo","floor":1.0},{"not_picked":["Collect","Protect"],"picked":"EmptyFist","floor":2.0},{"not_picked":["Protect","Wallop"],"picked":"Halt","floor":4.0},{"not_picked":["LikeWater","BowlingBash"],"picked":"Wallop","floor":5.0},{"not_picked":["JustLucky","Brilliance"],"picked":"Ragnarok","floor":6.0},{"not_picked":["Protect","PathToVictory","Collect"],"picked":"SKIP","floor":7.0},{"not_picked":["Swivel","Wallop"],"picked":"Wireheading","floor":8.0},{"not_picked":["ClearTheMind","Conclude"],"picked":"Swivel","floor":10.0},{"not_picked":["FlyingSleeves","CrushJoints"],"picked":"Wireheading","floor":13.0},{"not_picked":["Prostrate","Worship"],"picked":"FlurryOfBlows","floor":14.0},{"not_picked":["SpiritShield","Omniscience"],"picked":"Wish","floor":16.0},{"not_picked":["ForeignInfluence","FollowUp"],"picked":"Halt","floor":18.0},{"not_picked":["EmptyBody","WheelKick"],"picked":"Tantrum","floor":23},{"not_picked":["ForeignInfluence","ThirdEye"],"picked":"FearNoEvil","floor":25},{"not_picked":["Vengeance","ClearTheMind"],"picked":"Indignation","floor":27}],"player_experience":5009381,"relics_obtained":[{"floor":6.0,"key":"Calipers"},{"floor":8.0,"key":"CaptainsWheel"},{"floor":9.0,"key":"The Courier"},{"floor":13.0,"key":"Bronze Scales"},{"floor":23,"key":"Bird Faced Urn"},{"floor":26,"key":"Happy Flower"},{"floor":27,"key":"Peace Pipe"}],"event_choices":[{"damage_healed":0.0,"max_hp_gain":0.0,"max_hp_loss":34.0,"gold_gain":0.0,"event_name":"Ghosts","player_choice":"Became a Ghost","floor":20.0,"gold_loss":0.0,"damage_taken":0.0,"cards_obtained":["Ghostly","Ghostly","Ghostly"]},{"damage_healed":0.0,"max_hp_gain":0.0,"max_hp_loss":0.0,"gold_gain":0.0,"cards_transformed":["Strike_P","Strike_P"],"event_name":"Drug Dealer","player_choice":"Became Test Subject","floor":22.0,"gold_loss":0.0,"damage_taken":0.0,"cards_obtained":["EmptyBody","Meditate"]},{"damage_healed":0,"gold_gain":0,"player_choice":"Bought 0 Potions","damage_taken":0,"max_hp_gain":0,"max_hp_loss":0,"event_name":"The Woman in Blue","floor":24,"gold_loss":0}],"is_beta":false,"boss_relics":[{"not_picked":["HolyWater","Tiny House"],"picked":"Philosopher\u0027s Stone"}],"items_purged_floors":[],"is_endless":false,"potions_floor_spawned":[1,4,5,8,13,14,18,23,25],"killed_by":"Shelled Parasite and Fungi","ascension_level":20}}