{"host":"caz9phlr9zt22rnt","time":1614455607,"event":{"mods":["AchievementEnabler","BaseMod","Colored Map","Custom Start","Minty Spire (QoL Compilation)","Rare Cards Sparkle","Relic Stats","StSLib"],"gold_per_floor":[115,82,7,25,41,41,69,69,95,60,60,20,40,73,73,73,73],"floor_reached":16,"language":"ENG","playtime":996,"items_purged":["Strike_P"],"score":113,"play_id":"b1eca430-de44-453d-9ad6-cb8bdb8895ee","local_time":"20210227135327","is_ascension_mode":true,"campfire_choices":[{"data":"Eruption","floor":6,"key":"SMITH"},{"floor":8,"key":"REST"},{"floor":15,"key":"REST"}],"circlet_count":0,"master_deck":["Strike_P","Strike_P","Strike_P","Defend_P","Defend_P","Defend_P","Eruption+1","Vigilance","Adaptation","EmptyBody","Crescendo","Conclude","EmptyFist"],"relics":["PureWater","Happy Flower","Turnip"],"acts_visited":["Exordium"],"potions_floor_usage":[7,16],"damage_taken":[{"damage":0,"enemies":"2 Louse","floor":1,"turns":2},{"damage":9,"enemies":"Jaw Worm","floor":4,"turns":3},{"damage":0,"enemies":"Small Slimes","floor":5,"turns":2},{"damage":28,"enemies":"Gremlin Nob","floor":7,"turns":3},{"damage":13,"enemies":"Exordium Thugs","floor":13,"turns":4},{"damage":26,"enemies":"3 Sentries","floor":14,"turns":6},{"damage":72,"enemies":"Hexaghost","floor":16,"turns":11}],"seed_played":"-405095631166095510","potions_obtained":[{"floor":1,"key":"PowerPotion"},{"floor":5,"key":"Ancient Potion"},{"floor":14,"key":"Regen Potion"}],"is_trial":false,"path_per_floor":["M","?","$","M","M","R","E","R","T","?","$","$","M","E","R","B"],"character_chosen":"WATCHER","items_purchased":["Conclude"],"campfire_rested":2,"item_purchase_floors":[12],"current_hp_per_floor":[72,72,72,63,63,63,35,56,56,72,72,72,59,33,54,0,0],"gold":73,"neow_bonus":"REMOVE_CARD","is_daily":false,"chose_seed":false,"campfire_upgraded":1,"win_rate":0.0,"timestamp":1614455607,"path_taken":["M","?","$","M","M","R","E","R","T","?","?","$","M","E","R","BOSS"],"items_purchased_type":["Card"],"build_version":"2020-12-22","purchased_purges":1,"victory":false,"max_hp_per_floor":[72,72,72,72,72,72,72,72,72,72,72,72,72,72,72,72,72],"relic_stats":{"Happy Flower":[7],"counters":[7,31],"Turnip":[0],"obtain_stats":[{"Happy Flower":7,"Turnip":14,"PureWater":0},{"Happy Flower":4,"Turnip":6,"PureWater":0},{"Happy Flower":10,"Turnip":20,"PureWater":0}]},"card_choices":[{"not_picked":["Fasting2","SandsOfTime"],"picked":"Adaptation","floor":1},{"not_picked":["FlurryOfBlows","LikeWater"],"picked":"EmptyBody","floor":4},{"not_picked":["Protect","CrushJoints"],"picked":"Crescendo","floor":5},{"not_picked":["SandsOfTime","FollowUp","Protect"],"picked":"SKIP","floor":7},{"not_picked":["CutThroughFate","TalkToTheHand"],"picked":"EmptyFist","floor":13},{"not_picked":["Fasting2","Crescendo","PathToVictory"],"picked":"SKIP","floor":14}],"player_experience":467139,"relics_obtained":[{"floor":7,"key":"Happy Flower"},{"floor":14,"key":"Turnip"}],"event_choices":[{"damage_healed":0,"gold_gain":0,"player_choice":"Left Gold","damage_taken":0,"max_hp_gain":0,"max_hp_loss":0,"event_name":"World of Goop","floor":2,"gold_loss":33},{"damage_healed":18,"gold_gain":0,"player_choice":"Healed","damage_taken":0,"max_hp_gain":0,"max_hp_loss":0,"event_name":"The Cleric","floor":10,"gold_loss":35}],"is_beta":false,"boss_relics":[],"items_purged_floors":[3],"is_endless":false,"potions_floor_spawned":[1,5,14],"killed_by":"Hexaghost","ascension_level":1}}