{"host":"6xghz2lkudss8si6","time":1614421292,"event":{"mods":["AchievementEnabler","BaseMod","Colored Map","DeckTracker","Minty Spire (QoL Compilation)","Quick Restart","StSLib","SuperFastMode"],"gold_per_floor":[111,61,71,71,89,89,104,104,173,188,188,215,215,243,243,347,347,336,251,251,15,15,15,29,40,40,60,75,75,75,88,88,191,191,207,207,207,224,239,239,274,274,274,199,199,199,199],"floor_reached":46,"language":"KOR","playtime":1542,"items_purged":["Writhe"],"score":687,"play_id":"b7746727-6e8c-4b4e-a94c-cb131afa6a7c","local_time":"20210227192132","is_ascension_mode":true,"campfire_choices":[{"data":"Go for the Eyes","floor":6.0,"key":"SMITH"},{"data":"Beam Cell","floor":8.0,"key":"SMITH"},{"data":"Blizzard","floor":11.0,"key":"SMITH"},{"data":"Cold Snap","floor":13.0,"key":"SMITH"},{"data":"Cold Snap","floor":15.0,"key":"SMITH"},{"data":"Apotheosis","floor":23.0,"key":"SMITH"},{"floor":32.0,"key":"REST"},{"floor":40,"key":"REST"},{"data":"Writhe","floor":42,"key":"PURGE"},{"floor":45,"key":"REST"}],"circlet_count":0,"master_deck":["AscendersBane","Strike_B","Defend_B","Defend_B","Defend_B","Defend_B","Zap","Dualcast+1","Cold Snap+1","Go for the Eyes+1","Blizzard+1","Beam Cell+1","Cold Snap+1","Coolheaded","Capacitor","Conserve Battery","Defragment","Apotheosis+1","Coolheaded","Barrage","Barrage","Cold Snap","Loop","Machine Learning","Capacitor","Chill+1","Defragment+1","Recycle+1","Loop+1"],"relics":["FrozenCore","Meat on the Bone","Happy Flower","Dream Catcher","Empty Cage","Ornamental Fan","Peace Pipe","StrikeDummy","Nunchaku","Potion Belt"],"acts_visited":["Exordium","TheCity","TheBeyond"],"potions_floor_usage":[33,33,35,39],"damage_taken":[{"damage":0.0,"enemies":"Small Slimes","floor":1.0,"turns":3.0},{"damage":5.0,"enemies":"Jaw Worm","floor":3.0,"turns":4.0},{"damage":0.0,"enemies":"2 Louse","floor":5.0,"turns":2.0},{"damage":0.0,"enemies":"Exordium Wildlife","floor":7.0,"turns":4.0},{"damage":4.0,"enemies":"Lots of Slimes","floor":10.0,"turns":4.0},{"damage":12.0,"enemies":"Gremlin Nob","floor":12.0,"turns":4.0},{"damage":1.0,"enemies":"Lagavulin","floor":14.0,"turns":7.0},{"damage":16.0,"enemies":"Hexaghost","floor":16.0,"turns":10.0},{"damage":14.0,"enemies":"2 Thieves","floor":18.0,"turns":4.0},{"damage":17.0,"enemies":"3 Byrds","floor":24.0,"turns":5.0},{"damage":6.0,"enemies":"3 Cultists","floor":25.0,"turns":6.0},{"damage":34.0,"enemies":"Snake Plant","floor":27.0,"turns":5.0},{"damage":1.0,"enemies":"Snecko","floor":28.0,"turns":7.0},{"damage":2.0,"enemies":"Chosen and Byrds","floor":31.0,"turns":6.0},{"damage":14,"enemies":"Champ","floor":33,"turns":14},{"damage":13,"enemies":"3 Darklings","floor":35,"turns":7},{"damage":12,"enemies":"Orb Walker","floor":38,"turns":7},{"damage":28,"enemies":"Jaw Worm Horde","floor":39,"turns":7},{"damage":29,"enemies":"Nemesis","floor":41,"turns":9},{"damage":91,"enemies":"Transient","floor":46,"turns":5}],"seed_played":"-4904510455675715964","potions_obtained":[{"floor":3.0,"key":"SteroidPotion"},{"floor":7.0,"key":"SkillPotion"},{"floor":12.0,"key":"EntropicBrew"},{"floor":16.0,"key":"CultistPotion"},{"floor":18.0,"key":"ColorlessPotion"},{"floor":28.0,"key":"Swift Potion"},{"floor":33,"key":"Strength Potion"},{"floor":38,"key":"DuplicationPotion"},{"floor":39,"key":"LiquidBronze"}],"is_trial":false,"path_per_floor":["M","?","M","?","M","R","M","R","T","M","R","E","R","E","R","B",null,"M","?","?","$","$","R","M","M","T","M","M","?","?","M","R","B",null,"M","?","?","M","M","R","E","R","T","$","R","M"],"character_chosen":"DEFECT","items_purchased":["Defragment","Apotheosis"],"campfire_rested":3,"item_purchase_floors":[21,21],"current_hp_per_floor":[68,68,63,68,68,68,68,68,68,64,64,52,52,51,51,47,72,58,58,58,58,58,58,41,47,47,25,36,36,21,31,56,54,77,64,85,85,73,45,70,53,53,53,53,78,0,0],"gold":199,"neow_bonus":"UPGRADE_CARD","is_daily":false,"chose_seed":false,"campfire_upgraded":6,"win_rate":0.0,"timestamp":1614421292,"path_taken":["M","?","M","?","M","R","M","R","T","M","R","E","R","E","R","BOSS","M","?","?","?","$","R","M","M","T","?","?","?","?","M","R","BOSS","M","?","?","M","M","R","E","R","T","$","R","M"],"items_purchased_type":["Card","Card"],"build_version":"2020-12-22","purchased_purges":1,"victory":false,"max_hp_per_floor":[75,75,75,80,80,80,80,80,80,80,80,80,80,80,80,80,80,80,80,80,80,80,80,80,80,80,80,80,80,85,85,85,85,85,85,85,85,85,85,85,85,85,85,85,85,85,85],"card_choices":[{"not_picked":["Rebound","Hologram"],"picked":"Cold Snap","floor":1.0},{"not_picked":["Stack","Beam Cell"],"picked":"Go for the Eyes","floor":3.0},{"not_picked":["Static Discharge","Go for the Eyes"],"picked":"Blizzard","floor":5.0},{"not_picked":["Turbo","Gash"],"picked":"Beam Cell","floor":7.0},{"not_picked":["Storm","Machine Learning"],"picked":"Cold Snap","floor":10.0},{"not_picked":["Ball Lightning","Hyperbeam"],"picked":"Coolheaded","floor":12.0},{"not_picked":["Hologram","Go for the Eyes"],"picked":"Capacitor","floor":14.0},{"not_picked":["Seek","Core Surge"],"picked":"All For One","floor":16.0},{"not_picked":["Darkness","Go for the Eyes"],"picked":"Conserve Battery","floor":18.0},{"not_picked":["BootSequence","Compile Driver"],"picked":"Coolheaded","floor":24.0},{"not_picked":["Static Discharge","Genetic Algorithm+1"],"picked":"Barrage","floor":25.0},{"not_picked":["Fusion+1","Steam"],"picked":"Barrage","floor":27.0},{"not_picked":["Rebound","Stack"],"picked":"Cold Snap","floor":28.0},{"not_picked":["Reinforced Body+1","Static Discharge"],"picked":"Loop","floor":31.0},{"not_picked":["Biased Cognition","Fission"],"picked":"Machine Learning","floor":33},{"not_picked":["Ball Lightning","Rip and Tear+1"],"picked":"Capacitor","floor":35},{"not_picked":["Conserve Battery+1","Fusion"],"picked":"Chill+1","floor":38},{"not_picked":["Cold Snap+1","Reprogram"],"picked":"Defragment+1","floor":39},{"not_picked":["Coolheaded","Chill"],"picked":"Recycle+1","floor":40},{"not_picked":["Chaos","Hello World"],"picked":"Loop+1","floor":41}],"player_experience":268705,"relics_obtained":[{"floor":9.0,"key":"Meat on the Bone"},{"floor":12.0,"key":"Happy Flower"},{"floor":14.0,"key":"Dream Catcher"},{"floor":26.0,"key":"StrikeDummy"},{"floor":41,"key":"Nunchaku"},{"floor":43,"key":"Potion Belt"}],"event_choices":[{"cards_removed":["Strike_B"],"damage_healed":0.0,"max_hp_gain":0.0,"max_hp_loss":0.0,"gold_gain":0.0,"event_name":"The Cleric","player_choice":"Card Removal","floor":2.0,"gold_loss":50.0,"damage_taken":0.0},{"damage_healed":0.0,"max_hp_gain":5.0,"max_hp_loss":0.0,"gold_gain":0.0,"event_name":"Big Fish","player_choice":"Donut","floor":4.0,"gold_loss":0.0,"damage_taken":0.0},{"damage_healed":0.0,"max_hp_gain":0.0,"max_hp_loss":0.0,"gold_gain":0.0,"event_name":"Addict","player_choice":"Obtained Relic","floor":19.0,"gold_loss":85.0,"damage_taken":0.0,"relics_obtained":["Ornamental Fan"]},{"damage_healed":0.0,"max_hp_gain":0.0,"max_hp_loss":0.0,"gold_gain":0.0,"event_name":"The Mausoleum","player_choice":"Opened","floor":20.0,"gold_loss":0.0,"damage_taken":0.0,"relics_obtained":["Peace Pipe"],"cards_obtained":["Writhe"]},{"damage_healed":0.0,"max_hp_gain":0.0,"max_hp_loss":0.0,"gold_gain":0.0,"event_name":"Cursed Tome","player_choice":"Ignored","floor":29.0,"gold_loss":0.0,"damage_taken":0.0},{"damage_healed":0.0,"max_hp_gain":5.0,"max_hp_loss":0.0,"gold_gain":0.0,"event_name":"Forgotten Altar","player_choice":"Shed Blood","floor":30.0,"gold_loss":0.0,"damage_taken":20.0},{"damage_healed":21,"gold_gain":0,"player_choice":"Writhe","damage_taken":0,"max_hp_gain":0,"max_hp_loss":0,"event_name":"Winding Halls","floor":36,"gold_loss":0,"cards_obtained":["Writhe"]},{"cards_removed":["All For One"],"damage_healed":0,"gold_gain":0,"player_choice":"Removed Attack","damage_taken":0,"max_hp_gain":0,"max_hp_loss":0,"event_name":"Falling","floor":37,"gold_loss":0}],"is_beta":false,"boss_relics":[{"not_picked":["Coffee Dripper","SlaversCollar"],"picked":"Empty Cage"},{"not_picked":["Runic Dome","Pandora\u0027s Box"],"picked":"FrozenCore"}],"items_purged_floors":[44],"is_endless":false,"potions_floor_spawned":[3,7,12,16,18,28,33,38,39],"killed_by":"Transient","ascension_level":10}}