{"host":"id23shmscryl4psl","time":1614431890,"event":{"mods":["BaseMod","Better Altar","Better Match","Better Note","Better Sensory Stone","Better Skull","Better Third Choice","Colored Map","Colored Powertips","Dark Map","Downfall","FTL Soundtrack","Minty Spire (QoL Compilation)","Rare Cards Sparkle","Relic Stats","Robot Space Explorer","StSLib"],"gold_per_floor":[99,115,115,115,115,128,128,156,156,170,170,187,203,230,247,347,347,47,64,64,75,151,181,181,181,195,195,222,233,233,233,253,353,353,353,363,379,479,489,502,527,552,607,627,627,643,643,660,670,670,670,699,10,10,10,10,10],"floor_reached":55,"language":"ENG","playtime":3493,"items_purged":["downfall:Bewildered"],"score":869,"play_id":"c4fdccd6-6e68-4d4c-9a8b-bd86008bad33","local_time":"20210227061810","is_ascension_mode":true,"campfire_choices":[{"floor":1.0,"key":"RECALL"},{"floor":9.0,"key":"REST"},{"data":"Slimebound:Grow","floor":11.0,"key":"SMITH"},{"data":"Slimebound:TagTeam","floor":18.0,"key":"SMITH"},{"data":"Slimebound:CorrosiveSpit","floor":25.0,"key":"SMITH"},{"data":"Slimebound:SplitSpecialist","floor":27.0,"key":"SMITH"},{"data":"Slimebound:LivingWall","floor":30.0,"key":"SMITH"},{"data":"Slimebound:ItLooksTasty","floor":35.0,"key":"SMITH"},{"data":"1","floor":45.0,"key":"LIFT"},{"data":"2","floor":47.0,"key":"LIFT"},{"data":"3","floor":54,"key":"LIFT"}],"circlet_count":0,"master_deck":["Slimebound:Strike_Slimebound","Slimebound:Strike_Slimebound","Slimebound:Tackle","Slimebound:Defend_Slimebound","Slimebound:Defend_Slimebound","Slimebound:Defend_Slimebound","Slimebound:Defend_Slimebound","Slimebound:Split","Slimebound:CorrosiveSpit+1","Slimebound:SlimeSpikes","Slimebound:Grow+1","Slimebound:HauntingLick","Slimebound:SplitSpecialist+1","Slimebound:ItLooksTasty+1","Slimebound:LivingWall+1","Slimebound:ProtectTheBoss+1","Slimebound:TagTeam+1","Slimebound:Equalize","Slimebound:LevelUp+1","Slimebound:Gluttony+1","Slimebound:SamplingLick","Slimebound:LeechLife","Slimebound:LivingWall+1","Slimebound:RainOfGoop+1","Slimebound:DisruptingSlam+1","Slimebound:SplitSpecialist+1","Slimebound:MegaLick+1","Slimebound:Repurpose+1","Slimebound:LeadByExample+1","Bandage Up"],"relics":["Slimebound:AbsorbEndCombat","downfall:ShatteredFragment","Frozen Egg 2","Oddly Smooth Stone","Busted Crown","downfall:HeartBlessingRed","downfall:HeartBlessingGreen","downfall:HeartBlessingBlue","sneckomod:BabySnecko","HornCleat","Ancient Tea Set","Torii","Lantern","Bloody Idol","Blood Vial","Slimebound:TarBlob","Potion Belt","Blood Vial","Shuriken","Girya","Vajra","Sling","Boot","Centennial Puzzle"],"acts_visited":["Exordium","TheCity","TheBeyond","TheEnding"],"potions_floor_usage":[50,52,55,55],"damage_taken":[{"damage":14.0,"enemies":"Small Slimes","floor":2.0,"turns":5.0},{"damage":0.0,"enemies":"Jaw Worm","floor":6.0,"turns":4.0},{"damage":19.0,"enemies":"3 Sentries","floor":8.0,"turns":7.0},{"damage":0.0,"enemies":"2 Louse","floor":10.0,"turns":3.0},{"damage":4.0,"enemies":"Large Slime","floor":12.0,"turns":5.0},{"damage":11.0,"enemies":"Exordium Thugs","floor":13.0,"turns":5.0},{"damage":16.0,"enemies":"Lagavulin","floor":14.0,"turns":5.0},{"damage":0.0,"enemies":"Blue Slaver","floor":15.0,"turns":4.0},{"damage":25.0,"enemies":"IC_STATUS_ARCHETYPE","floor":16.0,"turns":9.0},{"damage":0.0,"enemies":"Spheric Guardian","floor":19.0,"turns":4.0},{"damage":13.0,"enemies":"downfall:LooterAlt2","floor":21.0,"turns":4.0},{"damage":17.0,"enemies":"Gremlin Leader","floor":23.0,"turns":6.0},{"damage":20.0,"enemies":"Shelled Parasite and Fungi","floor":26.0,"turns":4.0},{"damage":20.0,"enemies":"Slavers","floor":28.0,"turns":3.0},{"damage":0.0,"enemies":"Cultist and Chosen","floor":29.0,"turns":5.0},{"damage":0.0,"enemies":"Snake Plant","floor":32.0,"turns":3.0},{"damage":35.0,"enemies":"DF_ARCHETYPE_CLAW","floor":33.0,"turns":11.0},{"damage":11.0,"enemies":"3 Shapes","floor":36.0,"turns":3.0},{"damage":6.0,"enemies":"3 Darklings","floor":37.0,"turns":5.0},{"damage":0.0,"enemies":"downfall:LadyInBlue","floor":38.0,"turns":9.0},{"damage":6.0,"enemies":"Maw","floor":39.0,"turns":7.0},{"damage":0.0,"enemies":"Spire Growth","floor":40.0,"turns":4.0},{"damage":15.0,"enemies":"Reptomancer","floor":42.0,"turns":6.0},{"damage":17.0,"enemies":"2 Orb Walkers","floor":43.0,"turns":4.0},{"damage":1.0,"enemies":"Transient","floor":44.0,"turns":5.0},{"damage":1.0,"enemies":"4 Shapes","floor":46.0,"turns":4.0},{"damage":11.0,"enemies":"Jaw Worm Horde","floor":48.0,"turns":3.0},{"damage":1.0,"enemies":"Spire Growth","floor":49.0,"turns":3.0},{"damage":94,"enemies":"WA_ARCHETYPE_DIVINITY","floor":50,"turns":12},{"damage":121,"enemies":"downfall:CharBossMerchant","floor":52,"turns":7},{"damage":49,"enemies":"downfall:NeowBoss","floor":55,"turns":8}],"seed_played":"-5066126310830655345","potions_obtained":[{"floor":6.0,"key":"GamblersBrew"},{"floor":8.0,"key":"Block Potion"},{"floor":10.0,"key":"Slimebound:SlimedPotion"},{"floor":21.0,"key":"Block Potion"},{"floor":23.0,"key":"Explosive Potion"},{"floor":26.0,"key":"DistilledChaos"},{"floor":32.0,"key":"champ:CounterPotion"},{"floor":36.0,"key":"sneckomod:MuddlingPotion"},{"floor":38.0,"key":"FairyPotion"},{"floor":38.0,"key":"Slimebound:SlimedPotion"},{"floor":38.0,"key":"Slimebound:SpawnSlimePotion"},{"floor":39.0,"key":"sneckomod:MuddlingPotion"},{"floor":40.0,"key":"ColorlessPotion"},{"floor":44.0,"key":"DistilledChaos"},{"floor":46.0,"key":"FearPotion"},{"floor":52,"key":"Block Potion"}],"is_trial":false,"path_per_floor":["R","M","?","?","?","M","T","E","R","M","R","M","M","E","M","B",null,"R","M","?","M","T","E","T","R","M","R","E","M","R","?","M","B",null,"R","M","M","?","M","M","T","E","?","M","R","M","R","M","M","B",null,"E","$","R","B"],"character_chosen":"SLIMEBOUND","items_purchased":["Sling","Boot","Centennial Puzzle","Slimebound:LeadByExample+1","Bandage Up"],"campfire_rested":1,"item_purchase_floors":[53,53,53,53,53],"current_hp_per_floor":[71,61,43,48,48,54,54,35,57,59,59,63,58,50,54,37,76,86,86,86,83,83,74,74,74,66,66,62,68,68,3,22,10,86,86,86,86,86,85,86,86,86,86,86,86,86,86,86,86,12,86,30,30,30,0,0,0],"gold":10,"neow_bonus":"TEN_PERCENT_HP_BONUS","is_daily":false,"chose_seed":false,"campfire_upgraded":6,"win_rate":0.0,"timestamp":1614431890,"path_taken":["R","M","?","?","?","M","T","E","R","M","R","M","M","E","M","BOSS","R","M","?","M","?","E","T","R","M","R","E","M","R","?","M","BOSS","R","M","M","?","?","?","T","E","?","M","R","M","R","M","M","BOSS","E","$","R","BOSS"],"items_purchased_type":["Relic","Relic","Relic","Card","Card"],"build_version":"2020-12-22","purchased_purges":1,"victory":false,"max_hp_per_floor":[71,71,71,76,76,76,76,76,76,76,76,76,76,76,76,76,76,86,86,86,86,86,86,86,86,86,86,86,86,86,86,86,86,86,86,86,86,86,86,86,86,86,86,86,86,86,86,86,86,86,86,86,86,86,86,86,86],"relic_stats":{"Blood Vial":9,"Centennial Puzzle":[3],"Busted Crown":40,"Torii":23,"counters":[31,163],"Shuriken":[10],"Bloody Idol":27,"Boot":[0],"obtain_stats":[{"Potion Belt":38,"Girya":43,"Lantern":28,"downfall:ShatteredFragment":3,"downfall:HeartBlessingRed":18,"Torii":24,"Oddly Smooth Stone":14,"Vajra":52,"downfall:HeartBlessingGreen":18,"Frozen Egg 2":8,"Ancient Tea Set":23,"Sling":53,"Boot":53,"Slimebound:TarBlob":34,"Blood Vial":31,"sneckomod:BabySnecko":20,"Centennial Puzzle":53,"Busted Crown":17,"HornCleat":22,"downfall:HeartBlessingBlue":18,"Shuriken":42,"Bloody Idol":31,"Slimebound:AbsorbEndCombat":0},{"Potion Belt":20,"Girya":24,"Lantern":14,"downfall:ShatteredFragment":1,"downfall:HeartBlessingRed":9,"Torii":12,"Oddly Smooth Stone":7,"Vajra":30,"downfall:HeartBlessingGreen":9,"Frozen Egg 2":3,"Ancient Tea Set":12,"Sling":30,"Boot":30,"Slimebound:TarBlob":17,"Blood Vial":15,"sneckomod:BabySnecko":10,"Centennial Puzzle":30,"Busted Crown":9,"HornCleat":11,"downfall:HeartBlessingBlue":9,"Shuriken":23,"Bloody Idol":15,"Slimebound:AbsorbEndCombat":0},{"Potion Belt":100,"Girya":121,"Lantern":64,"downfall:ShatteredFragment":4,"downfall:HeartBlessingRed":43,"Torii":57,"Oddly Smooth Stone":31,"Vajra":155,"downfall:HeartBlessingGreen":43,"Frozen Egg 2":15,"Ancient Tea Set":57,"Sling":155,"Boot":155,"Slimebound:TarBlob":83,"Blood Vial":69,"sneckomod:BabySnecko":47,"Centennial Puzzle":155,"Busted Crown":43,"HornCleat":51,"downfall:HeartBlessingBlue":43,"Shuriken":117,"Bloody Idol":69,"Slimebound:AbsorbEndCombat":0}]},"card_choices":[{"not_picked":["Slimebound:LeechEnergy","Slimebound:SplitBruiser"],"picked":"Slimebound:SlimeSpikes","floor":2.0},{"not_picked":["Slimebound:PressTheAttack","Slimebound:Dissolve"],"picked":"Slimebound:Grow","floor":6.0},{"not_picked":["Slimebound:SplitAcid","Slimebound:DuplicatedForm+1"],"picked":"Slimebound:HauntingLick","floor":8.0},{"not_picked":["Slimebound:Recollect","Slimebound:Equalize"],"picked":"Slimebound:SplitSpecialist","floor":10.0},{"not_picked":["Slimebound:Grow+1","Slimebound:Nibble"],"picked":"Slimebound:ItLooksTasty","floor":12.0},{"not_picked":["Slimebound:PressTheAttack","Slimebound:SlimeTap"],"picked":"Slimebound:LivingWall","floor":13.0},{"not_picked":["Slimebound:LeechEnergy","Slimebound:SplitBruiser"],"picked":"Slimebound:ProtectTheBoss+1","floor":14.0},{"not_picked":["Slimebound:FirmFortitude","Slimebound:LeechingTouch","Slimebound:GoopTackle"],"picked":"SKIP","floor":15.0},{"not_picked":["Slimebound:MassRepurpose","Slimebound:RallyTheTroops"],"picked":"Slimebound:TagTeam","floor":16.0},{"not_picked":[],"picked":"Slimebound:Equalize","floor":19.0},{"not_picked":["Slimebound:SplitBruiser+1"],"picked":"SKIP","floor":21.0},{"not_picked":["Slimebound:GoopTackle"],"picked":"SKIP","floor":23.0},{"not_picked":["Slimebound:FinishingTackle"],"picked":"SKIP","floor":26.0},{"not_picked":[],"picked":"Slimebound:LevelUp+1","floor":28.0},{"not_picked":[],"picked":"Slimebound:Gluttony+1","floor":29.0},{"not_picked":[],"picked":"Slimebound:SamplingLick","floor":32.0},{"not_picked":[],"picked":"Slimebound:LeechLife","floor":33.0},{"not_picked":["Slimebound:ComboTackle"],"picked":"SKIP","floor":36.0},{"not_picked":[],"picked":"Slimebound:LivingWall+1","floor":37.0},{"not_picked":[],"picked":"Slimebound:RainOfGoop+1","floor":38.0},{"not_picked":[],"picked":"Slimebound:DisruptingSlam+1","floor":39.0},{"not_picked":["Slimebound:LeechEnergy"],"picked":"SKIP","floor":40.0},{"not_picked":["Slimebound:FlameTackle"],"picked":"SKIP","floor":42.0},{"not_picked":[],"picked":"Slimebound:SplitSpecialist+1","floor":44.0},{"not_picked":["Slimebound:SplitBruiser"],"picked":"SKIP","floor":46.0},{"not_picked":[],"picked":"Slimebound:MegaLick+1","floor":48.0},{"not_picked":["Slimebound:ItLooksTasty"],"picked":"SKIP","floor":49.0},{"not_picked":[],"picked":"Slimebound:Repurpose+1","floor":52}],"player_experience":117882,"relics_obtained":[{"floor":8.0,"key":"Frozen Egg 2"},{"floor":14.0,"key":"Oddly Smooth Stone"},{"floor":22.0,"key":"HornCleat"},{"floor":23.0,"key":"Ancient Tea Set"},{"floor":24.0,"key":"Torii"},{"floor":28.0,"key":"Lantern"},{"floor":38.0,"key":"Potion Belt"},{"floor":41.0,"key":"Blood Vial"},{"floor":42.0,"key":"Shuriken"},{"floor":43.0,"key":"Girya"},{"floor":52,"key":"Vajra"}],"event_choices":[{"damage_healed":0.0,"max_hp_gain":5.0,"max_hp_loss":0.0,"gold_gain":0.0,"event_name":"Big Fish","player_choice":"Donut","floor":4.0,"gold_loss":0.0,"damage_taken":0.0},{"damage_healed":0.0,"max_hp_gain":68.0,"max_hp_loss":3.0,"gold_gain":0.0,"event_name":"betterAltar:BetterAltar","player_choice":" Idol Vial ","floor":31.0,"potions_obtained":[],"relics_lost":[],"gold_loss":0.0,"damage_taken":65.0,"relics_obtained":["Bloody Idol","Blood Vial"]},{"damage_healed":0.0,"max_hp_gain":0.0,"max_hp_loss":0.0,"gold_gain":0.0,"event_name":"Mysterious Sphere","player_choice":"Fight","floor":43.0,"gold_loss":0.0,"damage_taken":0.0}],"is_beta":false,"boss_relics":[{"not_picked":["Runic Dome","Coffee Dripper"],"picked":"Busted Crown"},{"not_picked":["bronze:MakeshiftBattery","Snecko Eye"],"picked":"Slimebound:TarBlob"}],"items_purged_floors":[53],"is_endless":false,"potions_floor_spawned":[6,8,10,21,23,26,32,36,39,40,44,46,52],"killed_by":"downfall:NeowBoss","ascension_level":4}}