{"host":"ur0n4z0x1lffzzdd","time":1614406903,"event":{"mods":["AchievementEnabler","BaseMod","Bestiary","Better Third Choice","BetterRewards","Colored Powertips","Downfall","Hermit","Infinite Spire","Minty Spire (QoL Compilation)","StSLib","The Cursed","The Jungle","The Runesmith"],"gold_per_floor":[109,109,59,25,25,25,53,70,70,81,112,112,127,140,140,242,242,259,76,96,111,111,111],"floor_reached":22,"language":"ENG","playtime":1954,"items_purged":[],"score":271,"play_id":"6e9915e8-82a0-435e-bb7d-06db0f8860f9","local_time":"20210227002143","is_ascension_mode":false,"campfire_choices":[{"data":"hermit:Determination","floor":6.0,"key":"SMITH"},{"floor":12.0,"key":"RECALL"},{"data":"hermit:Covet","floor":15,"key":"SMITH"}],"circlet_count":0,"master_deck":["hermit:Strike_Hermit","hermit:Strike_Hermit","hermit:Strike_Hermit","hermit:Defend_Hermit","hermit:Defend_Hermit","hermit:Defend_Hermit","hermit:Snapshot","hermit:Covet+1","hermit:Misfire","Regret","hermit:Determination+1","hermit:Headshot","hermit:Glare","hermit:Coalescence","hermit:Desperado","hermit:Determination","hermit:Snipe","hermit:HoleUp","hermit:FlashPowder","hermit:Cheat"],"relics":["hermit:Momento","NeowsBlessing","hermit:RedScarf","Singing Bowl","Art of War","Cursed Key","ClockworkSouvenir"],"acts_visited":["Exordium","TheCity"],"potions_floor_usage":[16,22],"damage_taken":[{"damage":0.0,"enemies":"Small Slimes","floor":1.0,"turns":1.0},{"damage":0.0,"enemies":"Gremlin Nob","floor":7.0,"turns":1.0},{"damage":0.0,"enemies":"Jaw Worm","floor":8.0,"turns":1.0},{"damage":0.0,"enemies":"Cultist","floor":10.0,"turns":3.0},{"damage":21.0,"enemies":"Lagavulin","floor":11.0,"turns":5.0},{"damage":4.0,"enemies":"Red Slaver","floor":13.0,"turns":2.0},{"damage":6,"enemies":"Exordium Wildlife","floor":14,"turns":2},{"damage":0,"enemies":"Slime Boss","floor":16,"turns":5},{"damage":40,"enemies":"3 Byrds","floor":18,"turns":5},{"damage":0,"enemies":"Chosen","floor":20,"turns":4},{"damage":18,"enemies":"Sentry and Sphere","floor":21,"turns":5},{"damage":29,"enemies":"Cultist and Chosen","floor":22,"turns":5}],"seed_played":"6461761034074136839","potions_obtained":[{"floor":1.0,"key":"Dexterity Potion"},{"floor":11.0,"key":"hermit:BlackBile"},{"floor":14,"key":"Strength Potion"},{"floor":18,"key":"hexamod:SoulburnPotion"}],"is_trial":false,"path_per_floor":["M","?","?","$","?","R","E","M","T","M","E","R","M","M","R","B",null,"M","$","M","M","M"],"character_chosen":"HERMIT","items_purchased":["hermit:Determination","ClockworkSouvenir","hermit:FlashPowder"],"campfire_rested":0,"item_purchase_floors":[4,19,19],"current_hp_per_floor":[75,75,75,75,75,75,75,75,75,75,54,54,50,44,44,46,77,37,37,37,21,0,0],"gold":111,"neow_bonus":"THREE_ENEMY_KILL","is_daily":false,"chose_seed":false,"campfire_upgraded":2,"win_rate":0.0,"timestamp":1614406903,"path_taken":["M","?","?","$","?","R","E","M","T","M","E","R","?","M","R","BOSS","M","$","M","M","M"],"items_purchased_type":["Card","Relic","Card"],"build_version":"2020-12-22","purchased_purges":0,"victory":false,"max_hp_per_floor":[75,75,75,75,75,75,75,75,75,75,75,75,75,75,75,77,77,77,77,77,79,79,79],"card_choices":[{"not_picked":["hermit:Midnight","hermit:Vantage"],"picked":"hermit:Misfire","floor":1.0},{"not_picked":["hermit:Glare","hermit:Dissolve"],"picked":"hermit:Headshot","floor":7.0},{"not_picked":["hermit:GoldenBullet","hermit:Headshot"],"picked":"hermit:Glare","floor":8.0},{"not_picked":["hermit:GoldenBullet","hermit:Deadeye"],"picked":"hermit:Coalescence","floor":10.0},{"not_picked":["hermit:Glare","hermit:OverwhelmingPower"],"picked":"hermit:Desperado","floor":11.0},{"not_picked":["hermit:Midnight","hermit:Glare"],"picked":"hermit:Determination","floor":13.0},{"not_picked":["hermit:NoHoldsBarred","hermit:Combo"],"picked":"hermit:Snipe","floor":14},{"not_picked":["hermit:Reprieve","hermit:Roughhouse","hermit:HighNoon"],"picked":"Singing Bowl","floor":16},{"not_picked":["hermit:Vantage","hermit:TrackingShot"],"picked":"hermit:HoleUp","floor":18},{"not_picked":["hermit:LoneWolf","hermit:GhostlyPresence"],"picked":"hermit:Cheat","floor":20},{"not_picked":["hermit:Desperado","hermit:ItchyTrigger+1","hermit:Showdown"],"picked":"Singing Bowl","floor":21}],"player_experience":404360,"relics_obtained":[{"floor":7.0,"key":"Singing Bowl"},{"floor":11.0,"key":"Art of War"}],"event_choices":[{"damage_healed":0.0,"max_hp_gain":0.0,"max_hp_loss":0.0,"gold_gain":0.0,"event_name":"Big Fish","player_choice":"Box","floor":2.0,"gold_loss":0.0,"damage_taken":0.0,"relics_obtained":["hermit:RedScarf"],"cards_obtained":["Regret"]},{"cards_removed":["hermit:Strike_Hermit"],"damage_healed":0.0,"max_hp_gain":0.0,"max_hp_loss":0.0,"gold_gain":0.0,"event_name":"The Cleric","player_choice":"Card Removal","floor":3.0,"gold_loss":50.0,"damage_taken":0.0},{"cards_removed":["hermit:Defend_Hermit"],"damage_healed":0.0,"max_hp_gain":0.0,"max_hp_loss":0.0,"gold_gain":0.0,"event_name":"Bonfire Elementals","player_choice":"Offered Basic","floor":5.0,"gold_loss":0.0,"damage_taken":0.0}],"is_beta":false,"boss_relics":[{"not_picked":["SacredBark","Empty Cage"],"picked":"Cursed Key"}],"items_purged_floors":[],"is_endless":false,"potions_floor_spawned":[1,11,14,18],"killed_by":"Cultist and Chosen","ascension_level":0}}