{"host":"avslt7aiq2nxuk8h","time":1614407766,"event":{"mods":["AchievementEnabler","BaseMod","Better Match","Better Skull","Colored Map","Colored Powertips","Downfall","GifTheSpireLib","Minty Spire (QoL Compilation)","Quick Restart","Random Character Button","Rare Cards Sparkle","Relic Stats","StSLib","SuperFastMode"],"gold_per_floor":[199,211,226,15,190,190,216,216,216,216],"floor_reached":8,"language":"ENG","playtime":982,"items_purged":["Slimebound:Strike_Slimebound"],"score":44,"play_id":"c5ca4ee3-e704-42e3-a54d-9b20799a801a","local_time":"20210227013606","is_ascension_mode":false,"campfire_choices":[{"data":"Slimebound:CorrosiveSpit","floor":1,"key":"SMITH"},{"data":"Slimebound:GoopSpray","floor":6,"key":"SMITH"}],"circlet_count":0,"master_deck":["Slimebound:Strike_Slimebound","Slimebound:Strike_Slimebound","Slimebound:Tackle","Slimebound:Defend_Slimebound","Slimebound:Defend_Slimebound","Slimebound:Defend_Slimebound","Slimebound:Defend_Slimebound","Slimebound:Split","Slimebound:CorrosiveSpit+1","Slimebound:DisruptingSlam","Slimebound:LevelUp","Slimebound:LivingWall","Slimebound:GrowthPunch","Slimebound:GoopSpray+1","Doubt"],"relics":["Slimebound:AbsorbEndCombat","Vajra"],"acts_visited":["Exordium"],"potions_floor_usage":[],"damage_taken":[{"damage":0,"enemies":"Cultist","floor":2,"turns":4},{"damage":2,"enemies":"2 Louse","floor":3,"turns":2},{"damage":0,"enemies":"downfall:FleeingMerchant","floor":4,"turns":4},{"damage":10,"enemies":"3 Sentries","floor":8,"turns":9}],"seed_played":"6189340521139815691","potions_obtained":[{"floor":2,"key":"DistilledChaos"},{"floor":3,"key":"ColorlessPotion"}],"is_trial":false,"path_per_floor":["R","M","M","$","?","R","T","E"],"character_chosen":"SLIMEBOUND","items_purchased":["Slimebound:GrowthPunch","Slimebound:GoopSpray"],"campfire_rested":0,"item_purchase_floors":[4,4],"current_hp_per_floor":[65,65,65,65,65,65,65,58,58,58],"gold":216,"neow_bonus":"HUNDRED_GOLD","is_daily":false,"chose_seed":false,"campfire_upgraded":2,"win_rate":0.0,"timestamp":1614407766,"path_taken":["R","M","M","$","?","R","T","E"],"items_purchased_type":["Card","Card"],"build_version":"2020-12-22","purchased_purges":1,"victory":false,"max_hp_per_floor":[65,65,65,65,65,65,65,65,65,65],"relic_stats":{"counters":[4,19],"obtain_stats":[{"Vajra":7,"Slimebound:AbsorbEndCombat":0},{"Vajra":3,"Slimebound:AbsorbEndCombat":0},{"Vajra":10,"Slimebound:AbsorbEndCombat":0}]},"card_choices":[{"not_picked":["Slimebound:LeadByExample","Slimebound:Repurpose"],"picked":"Slimebound:DisruptingSlam","floor":2},{"not_picked":["Slimebound:LeadByExample","Slimebound:AcidTongue"],"picked":"Slimebound:LevelUp","floor":3},{"not_picked":["Slimebound:HauntingLick","Slimebound:SplitMire"],"picked":"Slimebound:LivingWall","floor":4}],"player_experience":590766,"relics_obtained":[{"floor":7,"key":"Vajra"}],"event_choices":[],"is_beta":false,"boss_relics":[],"items_purged_floors":[4],"is_endless":false,"potions_floor_spawned":[2,3],"killed_by":"3 Sentries","ascension_level":0}}