{"host":"9l4mw5jqza9qz9hr","time":1614443424,"event":{"mods":["AchievementEnabler","Always Whale","BaseMod","Colored Map","Minty Spire (QoL Compilation)","StSLib","SuperFastMode"],"gold_per_floor":[111,123,198,198,218,249,249,268,339,339,359,386,405,425,425,425,425],"floor_reached":16,"language":"KOR","playtime":289,"items_purged":[],"score":205,"play_id":"ec1ebb0d-c260-4875-808a-1c9c198170db","local_time":"20210228013024","is_ascension_mode":true,"campfire_choices":[{"floor":7,"key":"REST"},{"data":"Blood for Blood","floor":15,"key":"SMITH"}],"circlet_count":0,"master_deck":["AscendersBane","Strike_R","Strike_R","Strike_R","Strike_R","Defend_R","Defend_R","Defend_R","Defend_R","Bash","Second Wind","Evolve","Blood for Blood+1","Carnage","Hemokinesis","Sword Boomerang","Reaper","Pommel Strike"],"relics":["Burning Blood","NeowsBlessing","Lizard Tail","Self Forming Clay","Mummified Hand","Bronze Scales"],"acts_visited":["Exordium"],"potions_floor_usage":[11,11,11,13],"damage_taken":[{"damage":0,"enemies":"Small Slimes","floor":1,"turns":1},{"damage":0,"enemies":"2 Louse","floor":2,"turns":1},{"damage":0,"enemies":"Cultist","floor":5,"turns":1},{"damage":60,"enemies":"Lagavulin","floor":6,"turns":8},{"damage":18,"enemies":"Exordium Wildlife","floor":8,"turns":5},{"damage":8,"enemies":"Exordium Thugs","floor":11,"turns":3},{"damage":22,"enemies":"3 Sentries","floor":12,"turns":7},{"damage":28,"enemies":"Lots of Slimes","floor":13,"turns":3},{"damage":11,"enemies":"Looter","floor":14,"turns":3},{"damage":36,"enemies":"The Guardian","floor":16,"turns":2}],"seed_played":"-1881624623306368948","potions_obtained":[{"floor":2,"key":"Explosive Potion"},{"floor":8,"key":"EntropicBrew"},{"floor":11,"key":"Ancient Potion"},{"floor":12,"key":"Strength Potion"}],"is_trial":false,"path_per_floor":["M","M","?","?","M","E","R","M","T","T","M","E","M","M","R","B"],"character_chosen":"IRONCLAD","items_purchased":[],"campfire_rested":1,"item_purchase_floors":[],"current_hp_per_floor":[74,75,64,64,70,16,38,26,26,26,24,8,39,34,34,0,0],"gold":425,"neow_bonus":"THREE_ENEMY_KILL","is_daily":false,"chose_seed":false,"campfire_upgraded":1,"win_rate":0.0,"timestamp":1614443424,"path_taken":["M","M","?","?","M","E","R","?","T","?","M","E","?","M","R","BOSS"],"items_purchased_type":[],"build_version":"2020-12-22","purchased_purges":0,"victory":false,"max_hp_per_floor":[75,75,75,75,75,75,75,75,75,75,75,75,75,75,75,75,75],"card_choices":[{"not_picked":["Havoc","Clash"],"picked":"Second Wind","floor":1},{"not_picked":["Sword Boomerang","Iron Wave"],"picked":"Evolve","floor":2},{"not_picked":["Pommel Strike","True Grit"],"picked":"Blood for Blood","floor":5},{"not_picked":["Wild Strike","Cleave"],"picked":"Carnage","floor":6},{"not_picked":["Headbutt","Clash"],"picked":"Hemokinesis","floor":8},{"not_picked":["Spot Weakness","True Grit"],"picked":"Sword Boomerang","floor":11},{"not_picked":["Impervious","Clash"],"picked":"Reaper","floor":12},{"not_picked":["Rage","Clash","Iron Wave"],"picked":"SKIP","floor":13},{"not_picked":["Anger","Body Slam"],"picked":"Pommel Strike","floor":14}],"player_experience":278000,"relics_obtained":[{"floor":6,"key":"Lizard Tail"},{"floor":9,"key":"Self Forming Clay"},{"floor":10,"key":"Mummified Hand"},{"floor":12,"key":"Bronze Scales"}],"event_choices":[{"damage_healed":0,"gold_gain":75,"player_choice":"Gather Gold","damage_taken":11,"max_hp_gain":0,"max_hp_loss":0,"event_name":"World of Goop","floor":3,"gold_loss":0},{"cards_removed":["Strike_R"],"damage_healed":0,"gold_gain":0,"player_choice":"Purged","damage_taken":0,"max_hp_gain":0,"max_hp_loss":0,"event_name":"Purifier","floor":4,"gold_loss":0}],"is_beta":false,"boss_relics":[],"items_purged_floors":[],"is_endless":false,"potions_floor_spawned":[2,8,11,12],"killed_by":"The Guardian","ascension_level":16}}