{"host":"ebeqek106y9nustn","time":1614460813,"event":{"mods":["BaseMod","Downfall","Hermit","Hubris","Infinite Spire","Marisa????????","Minty Spire (QoL Compilation)","Replay The Spire","StSLib","The Cursed","The Necromancer","The Servant 0.9.4"],"gold_per_floor":[113,123,298,506,523,549,569,587,640,640,640,666,682,692,692,797,797,811,811,211,211,211,223,223,223,223,223,254,266,226,226,226,278,278,297,152,172,187,199,199,199,199],"floor_reached":41,"language":"ENG","playtime":1756,"items_purged":["Defend_R"],"score":625,"play_id":"e014e081-c7c9-4f14-835b-474e756d8531","local_time":"20210227212013","daily_mods":["Heirloom","Time Dilation"],"is_ascension_mode":false,"campfire_choices":[{"floor":11.0,"key":"REST"},{"data":"infinitespire:OneForAll","floor":15.0,"key":"SMITH"},{"data":"Seeing Red","floor":25.0,"key":"SMITH"},{"data":"Anger","floor":27.0,"key":"SMITH"},{"data":"Perfected Strike","floor":32.0,"key":"SMITH"},{"data":"Feed","floor":40,"key":"SMITH"}],"circlet_count":0,"master_deck":["Strike_R","Strike_R","Strike_R","Strike_R","Strike_R","Defend_R","Defend_R","Defend_R","Bash","Doubt","Iron Wave","Pommel Strike","Anger+1","Twin Strike","Perfected Strike+1","Offering+1","infinitespire:OneForAll+1","Iron Wave","Sword Boomerang","Iron Wave","Seeing Red+1","hubris:ReadiedAction","Sword Boomerang","Feed+1","Cleave+1","Flex+1","Parasite","Sword Boomerang+1"],"relics":["Burning Blood","Ginger","Snack Pack","infinitespire:Lucky Rock","MealTicket","hubris:BottledHeart","Gremlin Food","Mango","hubris:Icosahedron","hubris:CrystalStatue","Boot","Lizard Tail","Lee\u0027s Waffle"],"acts_visited":["Exordium","TheCity","TheBeyond"],"potions_floor_usage":[38,41],"damage_taken":[{"damage":2.0,"enemies":"Small Slimes","floor":1.0,"turns":4.0},{"damage":9.0,"enemies":"Jaw Worm","floor":2.0,"turns":4.0},{"damage":0.0,"enemies":"Cultist","floor":5.0,"turns":5.0},{"damage":34.0,"enemies":"3 Sentries","floor":6.0,"turns":11.0},{"damage":12.0,"enemies":"Gremlin Gang","floor":7.0,"turns":4.0},{"damage":10.0,"enemies":"Looter","floor":8.0,"turns":2.0},{"damage":6.0,"enemies":"Gremlin Nob","floor":12.0,"turns":2.0},{"damage":8.0,"enemies":"Blue Slaver","floor":13.0,"turns":2.0},{"damage":11.0,"enemies":"Lots of Slimes","floor":14.0,"turns":2.0},{"damage":23.0,"enemies":"Fading Forest","floor":16.0,"turns":11.0},{"damage":23.0,"enemies":"Spheric Guardian","floor":18.0,"turns":4.0},{"damage":0.0,"enemies":"3 Byrds","floor":23.0,"turns":4.0},{"damage":0.0,"enemies":"Gremlin Leader","floor":28.0,"turns":4.0},{"damage":0.0,"enemies":"Cultist and Chosen","floor":29.0,"turns":4.0},{"damage":0.0,"enemies":"3 Cultists","floor":30.0,"turns":4.0},{"damage":1.0,"enemies":"Pondfish","floor":33.0,"turns":9.0},{"damage":0,"enemies":"3 Darklings","floor":35,"turns":5},{"damage":0,"enemies":"Orb Walker","floor":37,"turns":2},{"damage":0,"enemies":"Sphere and 2 Shapes","floor":38,"turns":5},{"damage":0,"enemies":"Writhing Mass","floor":39,"turns":3},{"damage":6,"enemies":"Nightmare","floor":41,"turns":4}],"seed_played":"4708808119715101128","potions_obtained":[{"floor":5.0,"key":"Toxic Potion"},{"floor":7.0,"key":"Fire Potion"},{"floor":8.0,"key":"SteroidPotion"},{"floor":13.0,"key":"infinitespire:BlackPotion"},{"floor":16.0,"key":"bronze:BurnAndBuffPotion"},{"floor":30.0,"key":"BlessingOfTheForge"},{"floor":37,"key":"Fire Potion"},{"floor":39,"key":"DistilledChaos"}],"is_trial":true,"path_per_floor":["M","M","?","?","M","E","M","M","T","?","R","E","M","M","R","B",null,"M","?","$","?","?","M","?","R","T","R","E","M","M","AVR","R","B",null,"M","$","M","M","M","R","NM"],"character_chosen":"IRONCLAD","items_purchased":["Gremlin Food","Mango","Seeing Red","Lee\u0027s Waffle"],"campfire_rested":1,"item_purchase_floors":[20,20,20,36],"current_hp_per_floor":[80,77,77,57,63,35,35,33,33,33,57,59,61,60,60,67,80,63,1,1,1,1,1,1,1,1,1,1,1,1,1,1,1,1,1,1,1,1,1,1,0,0],"gold":199,"neow_bonus":"","is_daily":false,"chose_seed":false,"campfire_upgraded":5,"win_rate":0.0,"timestamp":1614460813,"path_taken":["M","M","?","?","M","E","M","M","T","?","R","E","M","M","R","BOSS","M","?","$","?","?","M","?","R","T","R","E","M","?","AVR","R","BOSS","M","$","M","M","M","R","NM"],"items_purchased_type":["Relic","Relic","Card","Relic"],"build_version":"2020-12-22","purchased_purges":1,"victory":false,"max_hp_per_floor":[80,80,80,80,80,80,80,80,80,80,80,80,80,80,80,80,80,80,1,1,1,1,1,1,1,1,1,1,1,1,1,1,1,1,1,1,1,1,1,1,1,1],"card_choices":[{"not_picked":["hubris:SharpeningStone","Clothesline","ReplayTheSpireMod:Strike From Hell"],"picked":"SKIP","floor":1.0},{"not_picked":["Clash","Replay:Undeath\u0027s Touch"],"picked":"Iron Wave","floor":2.0},{"not_picked":["Wild Strike","Shrug It Off"],"picked":"Iron Wave","floor":4.0},{"not_picked":["Hemogenesis","Shrug It Off"],"picked":"Pommel Strike","floor":5.0},{"not_picked":["Whirlwind","Body Slam"],"picked":"Anger","floor":6.0},{"not_picked":["Entrench","Feel No Pain"],"picked":"Twin Strike","floor":7.0},{"not_picked":["Life Link","ReplayTheSpireMod:Stacked"],"picked":"Perfected Strike","floor":8.0},{"not_picked":["Life Link","Perfected Strike"],"picked":"infinitespire:OneForAll","floor":12.0},{"not_picked":["Intimidate","Headbutt"],"picked":"Iron Wave","floor":13.0},{"not_picked":["Wild Strike","Twin Strike"],"picked":"Sword Boomerang","floor":14.0},{"not_picked":["Body Slam","Perfected Strike"],"picked":"Iron Wave","floor":18.0},{"not_picked":["Dropkick","Dark Embrace","Dual Wield"],"picked":"SKIP","floor":23.0},{"not_picked":["hubris:ReadiedAction","ReplayTheSpireMod:Limb From Limb","Armaments+1"],"picked":"SKIP","floor":28.0},{"not_picked":["Anger","True Grit+1","Body Slam+1"],"picked":"SKIP","floor":29.0},{"not_picked":["Run Through","Rampage"],"picked":"Sword Boomerang","floor":30.0},{"not_picked":["Eclipse","Exhume"],"picked":"Feed","floor":33.0},{"not_picked":["Flame Barrier","Armaments+1"],"picked":"Cleave+1","floor":35},{"not_picked":["ReplayTheSpireMod:Muscle Training","ReplayTheSpireMod:LeadingStrike+1"],"picked":"Flex+1","floor":37},{"not_picked":["Armaments+1","Twin Strike","Warcry"],"picked":"SKIP","floor":38},{"not_picked":["Anger","Defy Death"],"picked":"Sword Boomerang+1","floor":39}],"player_experience":35473,"relics_obtained":[{"floor":6.0,"key":"Snack Pack"},{"floor":9.0,"key":"infinitespire:Lucky Rock"},{"floor":12.0,"key":"MealTicket"},{"floor":26.0,"key":"hubris:CrystalStatue"},{"floor":28.0,"key":"Boot"}],"event_choices":[{"damage_healed":0.0,"max_hp_gain":0.0,"max_hp_loss":0.0,"gold_gain":175.0,"event_name":"Liars Game","player_choice":"AGREE","floor":3.0,"gold_loss":0.0,"damage_taken":0.0,"cards_obtained":["Doubt"]},{"damage_healed":0.0,"max_hp_gain":0.0,"max_hp_loss":0.0,"gold_gain":0.0,"event_name":"The Library","player_choice":"Read","floor":22.0,"gold_loss":0.0,"damage_taken":0.0,"cards_obtained":["Poisoned Stab"]},{"damage_healed":0.0,"max_hp_gain":0.0,"max_hp_loss":0.0,"gold_gain":0.0,"cards_transformed":["Poisoned Stab"],"event_name":"Transmorgrifier","player_choice":"Transformed","floor":24.0,"gold_loss":0.0,"damage_taken":0.0,"cards_obtained":["hubris:ReadiedAction"]}],"is_beta":false,"boss_relics":[{"not_picked":["hubris:VirtuousBlindfold","Replay:Bronze Core","Ectoplasm"]},{"not_picked":["hubris:GrandSneckoEye","Snecko Eye","Runic Pyramid"]}],"items_purged_floors":[20],"is_endless":false,"potions_floor_spawned":[5,7,8,13,16,30,33,37,39],"killed_by":"Nightmare","ascension_level":0}}