{"host":"bfhuqllsmffpnat6","time":1614435940,"event":{"mods":["Act Like it!","Arknights","Aspiration","Astrologer","BaseMod","Better Third Choice","Displayed Cursed Tome","Dota2Spire","Energized Spire","Good Game Mod","Gremlin Mod","Infinite Spire","Jedi Mod","Marisa（F雨　魔理沙）","Marked Mod","Minty Spire (QoL Compilation)","Replay The Spire","Spicy Shops","StSLib","The Animator","WarShipGirlsR/战舰少女R mod","篝火指南"],"gold_per_floor":[119,0,10,10,10,10,45,45,45,64,74,67,78,2,2,159,159,79,79,95,95,105,105,16,16,16,34,62,62,87,107,107,7,7],"floor_reached":33,"language":"ZHS","playtime":3429,"items_purged":["Regret","Delirium","Injury","Clumsy"],"score":492,"play_id":"1e0b3dde-7c9e-4e96-af5f-3949393dd1b1","local_time":"20210227222540","is_ascension_mode":false,"campfire_choices":[{"data":"rmod:rockthrower","floor":6.0,"key":"SMITH"},{"data":"Venomology","floor":8.0,"key":"SMITH"},{"data":"rmod:diamondstrike","floor":15.0,"key":"SMITH"},{"data":"rmod:supportaircraftcarrier","floor":23,"key":"SMITH"},{"data":"rmod:supriseattacks","floor":25,"key":"SMITH"},{"data":"rmod:selfconfidence","floor":29,"key":"SMITH"},{"floor":32,"key":"DIG"}],"circlet_count":0,"master_deck":["rmod:defend","rmod:defend","rmod:defend","rmod:defend","rmod:basicallowance","rmod:maingunfire","Venomology+1","rmod:unsinkable","Enlightenment","rmod:rockthrower+1","rmod:acesubmarine","rmod:supriseattacks+1","rmod:supportaircraftcarrier+1","rmod:diamondstrike+1","ReplayTheSpireMod:IOU","ReplayTheSpireMod:IOU","ReplayTheSpireMod:IOU","ReplayTheSpireMod:IOU","rmod:expedition+1","ReplayTheSpireMod:IOU","Discovery+1","ReplayTheSpireMod:IOU","Reaper+1","animator:CrowleyEusford+1","Replay:BluntJabs","Bite","Bite","Bite","Bite","Bite","IllusionStar+1","rmod:fletcher+1","rmod:openingtorpedo","rmod:selfconfidence+1","ReplayTheSpireMod:IOU","ReplayTheSpireMod:IOU","ReplayTheSpireMod:IOU","Pain","ReplayTheSpireMod:IOU","animator:Sloth+1","animator:Kaijin+1"],"relics":["rmod:firstchargereward","REME:ComplimentaryCards","aspiration:DSix","Frozen Egg 2","Replay:Bottled Steam","jedi:firstaidkit","ReplayTheSpireMod:CursedCoin","Chemical X","Replay:Wax Seal","Golden Egg","PrismaticShard","Bag of Marbles","Simple Rune","aspiration:SecretTechniqueScroll","MutagenicStrength","infinitespire:EmpoweringShard","Membership Card","Ornamental Fan","FossilizedHelix","infinitespire:PuzzleCube","Dead Branch"],"acts_visited":["TheCity"],"potions_floor_usage":[18,18,18,20,22,24,27,27,30,30,33,33,33,33,33],"damage_taken":[{"damage":0.0,"enemies":"Jaw Worm","floor":1.0,"turns":1.0},{"damage":7.0,"enemies":"ats:Genji","floor":3.0,"turns":2.0},{"damage":0.0,"enemies":"Gremlin Nob","floor":7.0,"turns":2.0},{"damage":6.0,"enemies":"Small Slimes","floor":10.0,"turns":3.0},{"damage":15.0,"enemies":"Exordium Thugs","floor":11.0,"turns":4.0},{"damage":2.0,"enemies":"Exordium Wildlife","floor":13.0,"turns":3.0},{"damage":56.0,"enemies":"Hexaghost","floor":16.0,"turns":13.0},{"damage":16,"enemies":"Chosen","floor":18,"turns":5},{"damage":10,"enemies":"Shell Parasite","floor":20,"turns":4},{"damage":9,"enemies":"Snake Plant","floor":22,"turns":3},{"damage":14,"enemies":"Centurion and Healer","floor":24,"turns":7},{"damage":15,"enemies":"Chosen and Byrds","floor":27,"turns":2},{"damage":61,"enemies":"Replay:Snechameleon","floor":30,"turns":8},{"damage":1,"enemies":"Snake Plant","floor":31,"turns":2},{"damage":57,"enemies":"Champ","floor":33,"turns":7}],"seed_played":"913657592394742912","potions_obtained":[{"floor":3.0,"key":"SteroidPotion"},{"floor":10.0,"key":"Dota2Spire:HealingSalve"},{"floor":16.0,"key":"DuplicationPotion"},{"floor":18,"key":"Weak Potion"},{"floor":24,"key":"Swift Potion"},{"floor":31,"key":"Milkshake"}],"is_trial":false,"path_per_floor":["M","?","M","?","?","R","E","R","T","M","M","$","M","$","R","B",null,"M","?","M","?","M","R","M","R","T","M","$","R","E","M","R","B"],"character_chosen":"PRAEFECT","items_purchased":["ReplayTheSpireMod:CursedCoin","Chemical X","Replay:Wax Seal","Golden Egg","PrismaticShard","Bag of Marbles","Simple Rune","rmod:expedition+1","Discovery","Membership Card","Ornamental Fan","FossilizedHelix"],"campfire_rested":0,"item_purchase_floors":[12,12,14,14,14,14,14,14,14,28,28,28],"current_hp_per_floor":[75,81,74,74,74,74,74,74,74,68,72,72,70,70,70,65,81,65,65,60,56,53,53,53,53,53,47,47,47,38,39,39,0,0],"gold":7,"neow_bonus":"DSIX","is_daily":false,"chose_seed":false,"campfire_upgraded":6,"win_rate":0.0,"timestamp":1614435940,"path_taken":["M","?","M","?","?","R","E","R","T","?","M","?","M","?","R","BOSS","M","?","M","?","?","R","M","R","T","M","?","R","E","M","R","BOSS"],"items_purchased_type":["Relic","Relic","Relic","Relic","Relic","Relic","Relic","Card","Card","Relic","Relic","Relic"],"build_version":"2020-12-22","purchased_purges":4,"victory":false,"max_hp_per_floor":[75,81,81,81,81,81,81,81,81,81,81,81,81,81,81,81,81,81,81,81,56,56,56,56,56,56,56,56,56,56,56,56,56,56],"card_choices":[{"not_picked":["rmod:ammunitionsupply","rmod:generalist"],"picked":"rmod:unsinkable","floor":1.0},{"not_picked":["rmod:ammunitionsupply","rmod:unsinkable"],"picked":"rmod:rockthrower","floor":3.0},{"not_picked":["rmod:overbreakdown","rmod:firesupport"],"picked":"rmod:acesubmarine","floor":7.0},{"not_picked":["rmod:supportaircraftcarrier","rmod:advancebysurprise"],"picked":"rmod:supriseattacks","floor":10.0},{"not_picked":["rmod:robin","rmod:aluminumsupply"],"picked":"rmod:supportaircraftcarrier","floor":11.0},{"not_picked":["rmod:firesupport","rmod:spoils"],"picked":"rmod:diamondstrike","floor":13.0},{"not_picked":["Bludgeon","rmod:saltedfish"],"picked":"Reaper","floor":16.0},{"not_picked":["rmod:maintain","ShootingEcho"],"picked":"animator:CrowleyEusford+1","floor":18},{"not_picked":["animator:OrikoMikuni+1","Deflect"],"picked":"Replay:BluntJabs","floor":20},{"not_picked":["Steam","Cleave"],"picked":"IllusionStar+1","floor":22},{"not_picked":["SprinkleStarSeal","astrologer:Stardust"],"picked":"rmod:openingtorpedo","floor":24},{"not_picked":["Enlightenment","Thunderclap+1"],"picked":"rmod:selfconfidence","floor":27},{"not_picked":["Gremlin:Duplicate","ats:Ignite"],"picked":"animator:Sloth+1","floor":30},{"not_picked":["animator:Chung+1","jedi:locknload"],"picked":"animator:Kaijin+1","floor":31}],"player_experience":227201,"relics_obtained":[{"floor":7.0,"key":"jedi:firstaidkit"},{"floor":26,"key":"infinitespire:EmpoweringShard"},{"floor":30,"key":"infinitespire:PuzzleCube"},{"floor":32,"key":"Dead Branch"}],"event_choices":[{"damage_healed":0.0,"max_hp_gain":0.0,"max_hp_loss":0.0,"gold_gain":0.0,"event_name":"betterThird:BetterSerpent","player_choice":"RENOUNCE","floor":2.0,"gold_loss":119.0,"damage_taken":119.0,"cards_obtained":["Enlightenment"]},{"damage_healed":0.0,"max_hp_gain":0.0,"max_hp_loss":0.0,"gold_gain":0.0,"event_name":"Big Fish","player_choice":"Box","floor":5.0,"gold_loss":0.0,"damage_taken":0.0,"relics_obtained":["Replay:Bottled Steam"],"cards_obtained":["Regret"]},{"damage_healed":0,"gold_gain":0,"player_choice":"Inject Mutagens","damage_taken":0,"relics_obtained":["MutagenicStrength"],"max_hp_gain":0,"max_hp_loss":0,"event_name":"Drug Dealer","floor":19,"gold_loss":0},{"damage_healed":0,"gold_gain":0,"player_choice":"Became a vampire","damage_taken":0,"max_hp_gain":0,"max_hp_loss":25,"event_name":"Vampires","floor":21,"gold_loss":0,"cards_obtained":["Bite","Bite","Bite","Bite","Bite"]}],"is_beta":false,"boss_relics":[{"not_picked":["energizedSpire:HugeHouse","Runic Pyramid"],"picked":"aspiration:SecretTechniqueScroll"}],"items_purged_floors":[14,14,28,28],"is_endless":false,"potions_floor_spawned":[3,10,16,18,24,31],"killed_by":"Champ","ascension_level":0}}