{"host":"kzw87w9fb0mudblt","time":1614445594,"event":{"mods":["BaseMod","Colored Map","Minty Spire (QoL Compilation)","Replay The Spire","StSLib","SuperFastMode"],"gold_per_floor":[109,109,34,53,53,53,67,102,102,102,102,119,131,154,154,251,251,261,201,201,226,226,226,226],"floor_reached":23,"language":"ENG","playtime":3419,"items_purged":["Regret"],"score":196,"play_id":"8f24fe0f-ba85-4b0c-a8b1-c2d47cb3d1a0","local_time":"20210227180634","is_ascension_mode":true,"campfire_choices":[{"data":"Zap","floor":6,"key":"SMITH"},{"data":"Redo","floor":10,"key":"SMITH"},{"floor":15,"key":"REST"}],"circlet_count":0,"master_deck":["Defend_B","Defend_B","Defend_B","Defend_B","Zap+1","Dualcast","White Noise","Hello World+1","Redo+1","ReplaySolidLightProjector","Biased Cognition","Rainbow+1","Thunder Strike+1","Scrape+1","Melter","Looming Evil","Zap+1"],"relics":["Cracked Core","Solar Panel","Replay:WaspNest","Geode","Du-Vu Doll","Boot","Astrolabe","ReplayTheSpireMod:Ring of Challenge","Ring of Shattering","Red Mask"],"acts_visited":["Exordium","TheCity"],"potions_floor_usage":[8,16],"damage_taken":[{"damage":0,"enemies":"2 Louse","floor":1,"turns":1},{"damage":7,"enemies":"Small Slimes","floor":4,"turns":4},{"damage":1,"enemies":"Cultist","floor":7,"turns":4},{"damage":28,"enemies":"Gremlin Nob","floor":8,"turns":4},{"damage":21,"enemies":"Lots of Slimes","floor":12,"turns":3},{"damage":2,"enemies":"Exordium Wildlife","floor":13,"turns":2},{"damage":31,"enemies":"Hexaghost","floor":16,"turns":7},{"damage":11,"enemies":"3 Byrds","floor":18,"turns":4},{"damage":53,"enemies":"Masked Bandits","floor":21,"turns":4},{"damage":25,"enemies":"Gremlin Leader","floor":23,"turns":2}],"seed_played":"3850863447561096252","potions_obtained":[{"floor":1,"key":"AttackPotion"},{"floor":4,"key":"Swift Potion"},{"floor":12,"key":"Flashbang"}],"is_trial":false,"path_per_floor":["M","?","$","M","?","R","M","E","T","R","?","M","M","T","R","B",null,"M","?","?","?","?","E"],"character_chosen":"DEFECT","items_purchased":[],"campfire_rested":1,"item_purchase_floors":[],"current_hp_per_floor":[75,75,75,72,72,72,75,53,53,53,53,34,36,36,58,33,75,66,66,66,17,17,0,0],"gold":226,"neow_bonus":"RANDOM_EVENT","is_daily":false,"chose_seed":false,"campfire_upgraded":2,"win_rate":0.0,"timestamp":1614445594,"path_taken":["M","?","$","M","?","R","M","E","T","R","?","?","?","?","R","BOSS","M","?","?","?","?","E"],"items_purchased_type":[],"build_version":"2020-12-22","purchased_purges":1,"victory":false,"max_hp_per_floor":[75,75,75,75,75,75,75,75,75,75,75,75,75,75,75,75,75,75,75,75,75,75,75,75],"card_choices":[{"not_picked":["Compile Driver","Undo"],"picked":"White Noise","floor":1},{"not_picked":["Sweeping Beam","Steam"],"picked":"Redo","floor":4},{"not_picked":["Coolheaded","Go for the Eyes"],"picked":"Redo","floor":7},{"not_picked":["Leap","Beam Cell","Compile Driver"],"picked":"SKIP","floor":8},{"not_picked":["Steam","Panic Button","Gash"],"picked":"SKIP","floor":12},{"not_picked":["Echo Form","Streamline"],"picked":"ReplaySolidLightProjector","floor":13},{"not_picked":["Rainbow","Creative AI"],"picked":"Biased Cognition","floor":16},{"not_picked":["Compile Driver+1","Coolheaded"],"picked":"Melter","floor":18}],"player_experience":56919,"relics_obtained":[{"floor":8,"key":"Replay:WaspNest"},{"floor":9,"key":"Geode"},{"floor":14,"key":"Boot"},{"floor":20,"key":"ReplayTheSpireMod:Ring of Challenge"},{"floor":20,"key":"Ring of Shattering"},{"floor":21,"key":"Red Mask"}],"event_choices":[{"damage_healed":0,"gold_gain":0,"player_choice":"Box","damage_taken":0,"relics_obtained":["Solar Panel"],"max_hp_gain":0,"max_hp_loss":0,"event_name":"Big Fish","floor":2,"gold_loss":0,"cards_obtained":["Regret"]},{"damage_healed":0,"gold_gain":0,"player_choice":"Gave Potion","damage_taken":0,"relics_obtained":["Du-Vu Doll"],"max_hp_gain":0,"max_hp_loss":0,"event_name":"WeMeetAgain","floor":11,"gold_loss":0},{"damage_healed":0,"gold_gain":0,"player_choice":"Fought Bandits","damage_taken":0,"max_hp_gain":0,"max_hp_loss":0,"event_name":"Masked Bandits","floor":21,"gold_loss":0},{"damage_healed":0,"gold_gain":0,"player_choice":"Copied","damage_taken":0,"max_hp_gain":0,"max_hp_loss":0,"event_name":"Duplicator","floor":22,"gold_loss":0,"cards_obtained":["Zap"]}],"is_beta":false,"boss_relics":[{"not_picked":["Ectoplasm","SacredBark"],"picked":"Astrolabe"}],"items_purged_floors":[3],"is_endless":false,"potions_floor_spawned":[1,4,12],"killed_by":"Gremlin Leader","ascension_level":1}}