{"host":"ffjrj7fisyni1ebk","time":1614413297,"event":{"mods":["2.2 Compatiblity","BaseMod","Bestiary","Colored Map","Colored Powertips","Curses Come First","Highlight Path","Keyboard Shortcuts","Minty Spire (QoL Compilation)","Relic Stats","Slay the Relics Exporter","StSLib","SuperFastMode"],"gold_per_floor":[109,109,128,128,128,128,158,168,222,239,239,16,16,26,26,129,129,149,167,178,197,43,73,92,120,171,96,112,130,130,144,144,144,144],"floor_reached":33,"language":"ENG","playtime":1641,"items_purged":["Strike_P"],"score":316,"play_id":"136af5ea-d117-4ec9-9cf5-8747434d3a40","local_time":"20210227100817","is_ascension_mode":false,"campfire_choices":[{"data":"DevaForm","floor":6.0,"key":"SMITH"},{"floor":11.0,"key":"REST"},{"data":"BattleHymn","floor":15.0,"key":"SMITH"},{"floor":30.0,"key":"REST"},{"floor":32.0,"key":"REST"}],"circlet_count":0,"master_deck":["Strike_P","Strike_P","Defend_P","Defend_P","Defend_P","Defend_P","Eruption","Vigilance","Halt","DevaForm+1","ReachHeaven","BattleHymn+1","WindmillStrike+1","Dark Shackles+1","PathToVictory+1","EmptyBody+1","Judgement+1","Consecrate","Evaluate+1","CarveReality","Protect+1","EmptyBody+1","PathToVictory+1","EmptyBody+1","Halt+1","PathToVictory+1","Judgement+1"],"relics":["HolyWater","NeowsBlessing","Orichalcum","Toxic Egg 2","Akabeko","Cauldron","Pantograph","Toy Ornithopter","Regal Pillow"],"acts_visited":["Exordium","TheCity"],"potions_floor_usage":[33],"damage_taken":[{"damage":0.0,"enemies":"Jaw Worm","floor":1.0,"turns":1.0},{"damage":0.0,"enemies":"Small Slimes","floor":3.0,"turns":1.0},{"damage":0.0,"enemies":"Gremlin Nob","floor":7.0,"turns":1.0},{"damage":0.0,"enemies":"Cultist","floor":8.0,"turns":3.0},{"damage":3.0,"enemies":"3 Louse","floor":10.0,"turns":3.0},{"damage":11.0,"enemies":"2 Fungi Beasts","floor":14.0,"turns":3.0},{"damage":11.0,"enemies":"Slime Boss","floor":16.0,"turns":7.0},{"damage":0.0,"enemies":"3 Byrds","floor":18.0,"turns":4.0},{"damage":0.0,"enemies":"Shell Parasite","floor":19.0,"turns":3.0},{"damage":4.0,"enemies":"3 Cultists","floor":20.0,"turns":5.0},{"damage":14.0,"enemies":"Cultist and Chosen","floor":21.0,"turns":5.0},{"damage":20.0,"enemies":"Book of Stabbing","floor":23.0,"turns":6.0},{"damage":10.0,"enemies":"Snecko","floor":24.0,"turns":5.0},{"damage":22.0,"enemies":"Gremlin Leader","floor":25.0,"turns":7.0},{"damage":1.0,"enemies":"Snake Plant","floor":28.0,"turns":5.0},{"damage":0.0,"enemies":"3 Cultists","floor":29.0,"turns":3.0},{"damage":10.0,"enemies":"Cultist and Chosen","floor":31.0,"turns":5.0},{"damage":77,"enemies":"Champ","floor":33,"turns":12}],"seed_played":"-7588464365295680150","potions_obtained":[{"floor":7.0,"key":"SkillPotion"},{"floor":10.0,"key":"Weak Potion"},{"floor":14.0,"key":"CultistPotion"},{"floor":21.0,"key":"GamblersBrew"},{"floor":22.0,"key":"DuplicationPotion"},{"floor":22.0,"key":"DuplicationPotion"},{"floor":22.0,"key":"SkillPotion"},{"floor":23.0,"key":"AttackPotion"},{"floor":24.0,"key":"Block Potion"},{"floor":31.0,"key":"Ancient Potion"}],"is_trial":false,"path_per_floor":["M","?","M","?","?","R","E","M","T","M","R","$","?","M","R","B",null,"M","M","M","M","$","E","M","E","T","?","M","M","R","M","R","B"],"character_chosen":"WATCHER","items_purchased":["Dark Shackles+1","PathToVictory+1","Cauldron"],"campfire_rested":3,"item_purchase_floors":[12,12,22],"current_hp_per_floor":[72,65,65,65,58,58,58,58,58,55,72,72,72,61,61,50,72,72,72,68,54,54,34,24,2,2,2,1,1,37,27,63,0,0],"gold":144,"neow_bonus":"THREE_ENEMY_KILL","is_daily":false,"chose_seed":false,"campfire_upgraded":2,"win_rate":0.0,"timestamp":1614413297,"path_taken":["M","?","M","?","?","R","E","M","T","M","R","$","?","?","R","BOSS","M","M","M","M","$","E","M","E","T","?","M","M","R","M","R","BOSS"],"items_purchased_type":["Card","Card","Relic"],"build_version":"2020-12-22","purchased_purges":1,"victory":false,"max_hp_per_floor":[72,72,72,72,72,72,72,72,72,72,72,72,72,72,72,72,72,72,72,72,72,72,72,72,72,72,72,72,72,72,72,72,72,72],"relic_stats":{"Regal Pillow":30,"counters":[18,79],"Pantograph":9,"Orichalcum":[78],"obtain_stats":[{"Cauldron":22,"Regal Pillow":26,"NeowsBlessing":0,"Pantograph":23,"HolyWater":17,"PureWater":0,"Orichalcum":2,"Toxic Egg 2":4,"Akabeko":7,"Toy Ornithopter":25},{"Cauldron":11,"Regal Pillow":14,"NeowsBlessing":0,"Pantograph":12,"HolyWater":7,"PureWater":0,"Orichalcum":1,"Toxic Egg 2":2,"Akabeko":3,"Toy Ornithopter":14},{"Cauldron":36,"Regal Pillow":54,"NeowsBlessing":0,"Pantograph":42,"HolyWater":19,"PureWater":0,"Orichalcum":1,"Toxic Egg 2":2,"Akabeko":3,"Toy Ornithopter":54}],"Toy Ornithopter":3},"card_choices":[{"not_picked":["FollowUp","ClearTheMind"],"picked":"Halt","floor":1.0},{"not_picked":["Tantrum","Halt"],"picked":"DevaForm","floor":3.0},{"not_picked":["Alpha+1","Crescendo+1"],"picked":"ReachHeaven","floor":7.0},{"not_picked":["WreathOfFlame+1","BowlingBash"],"picked":"BattleHymn","floor":8.0},{"not_picked":["FollowUp","Evaluate+1"],"picked":"WindmillStrike","floor":10.0},{"not_picked":["Protect+1","PathToVictory+1"],"picked":"EmptyBody+1","floor":14.0},{"not_picked":["Blasphemy+1","SpiritShield+1"],"picked":"Judgement+1","floor":16.0},{"not_picked":["Crescendo+1","ThirdEye+1"],"picked":"Consecrate","floor":18.0},{"not_picked":["PathToVictory+1","Collect+1"],"picked":"Evaluate+1","floor":19.0},{"not_picked":["EmptyFist","Halt+1"],"picked":"CarveReality","floor":20.0},{"not_picked":["Indignation+1","ClearTheMind+1"],"picked":"Protect+1","floor":21.0},{"not_picked":["Omniscience+1","Evaluate+1"],"picked":"EmptyBody+1","floor":23.0},{"not_picked":["Consecrate+1","SashWhip+1"],"picked":"PathToVictory+1","floor":24.0},{"not_picked":["WindmillStrike+1","ReachHeaven"],"picked":"EmptyBody+1","floor":25.0},{"not_picked":["ReachHeaven+1","FollowUp"],"picked":"Halt+1","floor":28.0},{"not_picked":["EmptyFist","Halt+1"],"picked":"PathToVictory+1","floor":29.0},{"not_picked":["JustLucky","Sanctity+1"],"picked":"Judgement+1","floor":31.0}],"player_experience":347253,"relics_obtained":[{"floor":7.0,"key":"Akabeko"},{"floor":23.0,"key":"Pantograph"},{"floor":25.0,"key":"Toy Ornithopter"},{"floor":26.0,"key":"Regal Pillow"}],"event_choices":[{"damage_healed":0.0,"max_hp_gain":0.0,"max_hp_loss":0.0,"gold_gain":0.0,"event_name":"Scrap Ooze","player_choice":"Success","floor":2.0,"gold_loss":0.0,"damage_taken":7.0,"relics_obtained":["Orichalcum"]},{"damage_healed":0.0,"max_hp_gain":0.0,"max_hp_loss":0.0,"gold_gain":0.0,"event_name":"Big Fish","player_choice":"Box","floor":4.0,"gold_loss":0.0,"damage_taken":0.0,"relics_obtained":["Toxic Egg 2"],"cards_obtained":["Regret"]},{"cards_removed":["Regret"],"damage_healed":0.0,"max_hp_gain":0.0,"max_hp_loss":0.0,"gold_gain":0.0,"event_name":"Golden Wing","player_choice":"Card Removal","floor":5.0,"gold_loss":0.0,"damage_taken":7.0},{"damage_healed":0.0,"max_hp_gain":0.0,"max_hp_loss":0.0,"gold_gain":0.0,"event_name":"Upgrade Shrine","player_choice":"Upgraded","floor":13.0,"gold_loss":0.0,"damage_taken":0.0,"cards_upgraded":["WindmillStrike"]},{"cards_removed":["Strike_P"],"damage_healed":0.0,"max_hp_gain":0.0,"max_hp_loss":0.0,"gold_gain":0.0,"event_name":"Beggar","player_choice":"Gave Gold","floor":27.0,"gold_loss":75.0,"damage_taken":0.0}],"is_beta":false,"boss_relics":[{"not_picked":["VioletLotus","Fusion Hammer"],"picked":"HolyWater"}],"items_purged_floors":[12],"is_endless":false,"potions_floor_spawned":[7,10,14,21,23,24,31],"killed_by":"Champ","ascension_level":0}}