{"host":"8rqsnaeml9gxb0kp","time":1614400999,"event":{"mods":["AchievementEnabler","BaseMod","Colored Powertips","Dark Map","Minty Spire (QoL Compilation)","Rare Cards Sparkle","Relic Stats","StSLib","slay the spire mod where everything is the same but ironclad has a cowboy hat"],"gold_per_floor":[109,125,5,5,25,25,51,63,75,87,132,144,166,178,190,332,344,377,389,316,27,0,0,38,62,85,85,85],"floor_reached":27,"language":"ENG","playtime":1206,"items_purged":["Writhe"],"score":296,"play_id":"d4b6b86b-3af1-4cf0-898c-268295432fdd","local_time":"20210226204319","is_ascension_mode":true,"campfire_choices":[{"data":"Genetic Algorithm","floor":6,"key":"SMITH"},{"data":"Beam Cell","floor":8,"key":"SMITH"},{"data":"Static Discharge","floor":10,"key":"SMITH"},{"data":"Go for the Eyes","floor":15,"key":"SMITH"},{"data":"Defragment","floor":23,"key":"SMITH"}],"circlet_count":0,"master_deck":["Zap","Dualcast","Beam Cell+1","Conserve Battery","BootSequence","Genetic Algorithm+1","Cold Snap","Sweeping Beam","Static Discharge+1","Go for the Eyes+1","Parasite","Streamline","Creative AI","All For One","Skim","Consume","Capacitor","Conserve Battery","Rebound","Reinforced Body","White Noise","Ball Lightning+1","Defragment+1","Barrage"],"relics":["Cracked Core","Thread and Needle","MawBank","Eternal Feather","Dream Catcher","Golden Idol","Pandora\u0027s Box","Gremlin Horn","Singing Bowl","Runic Capacitor","Vajra","Toy Ornithopter"],"acts_visited":["Exordium","TheCity"],"potions_floor_usage":[],"damage_taken":[{"damage":0,"enemies":"Small Slimes","floor":1,"turns":3},{"damage":0,"enemies":"Cultist","floor":2,"turns":2},{"damage":0,"enemies":"Jaw Worm","floor":5,"turns":3},{"damage":17,"enemies":"3 Sentries","floor":7,"turns":9},{"damage":14,"enemies":"Lagavulin","floor":11,"turns":6},{"damage":0,"enemies":"Looter","floor":13,"turns":2},{"damage":28,"enemies":"Hexaghost","floor":16,"turns":9},{"damage":4,"enemies":"3 Byrds","floor":18,"turns":4},{"damage":12,"enemies":"2 Thieves","floor":22,"turns":4},{"damage":29,"enemies":"Book of Stabbing","floor":24,"turns":5},{"damage":9,"enemies":"Snake Plant","floor":25,"turns":5},{"damage":32,"enemies":"Gremlin Leader","floor":27,"turns":5}],"seed_played":"-3894682672617079340","potions_obtained":[{"floor":2,"key":"AttackPotion"},{"floor":11,"key":"AttackPotion"}],"is_trial":false,"path_per_floor":["M","M","$","?","M","R","E","R","T","R","E","?","M","?","R","B",null,"M","?","?","$","M","R","E","M","T","E"],"character_chosen":"DEFECT","items_purchased":["Genetic Algorithm","Cold Snap","Runic Capacitor","Defragment"],"campfire_rested":0,"item_purchase_floors":[3,3,21,21],"current_hp_per_floor":[75,75,75,75,75,75,58,58,58,67,53,71,71,53,65,37,66,62,62,62,62,50,62,35,28,28,0,0],"gold":85,"neow_bonus":"THREE_CARDS","is_daily":false,"chose_seed":false,"campfire_upgraded":5,"win_rate":0.0,"timestamp":1614400999,"path_taken":["M","M","$","?","?","R","E","R","T","R","E","?","M","?","R","BOSS","M","?","?","?","?","R","E","M","T","E"],"items_purchased_type":["Card","Card","Relic","Card"],"build_version":"2020-12-22","purchased_purges":1,"victory":false,"max_hp_per_floor":[75,75,75,75,75,75,75,75,75,75,75,75,75,75,75,75,75,75,75,75,75,75,75,77,79,79,79,79],"relic_stats":{"Dream Catcher":0,"Gremlin Horn":[3,3],"Singing Bowl":4,"counters":[12,57],"Golden Idol":43,"Eternal Feather":33,"Pandora\u0027s Box":["All For One","Skim","Consume","Capacitor","Conserve Battery","Rebound","Reinforced Body","White Noise"],"MawBank":168,"obtain_stats":[{"Dream Catcher":11,"Gremlin Horn":19,"Singing Bowl":20,"Golden Idol":14,"Vajra":24,"Thread and Needle":4,"Eternal Feather":9,"Pandora\u0027s Box":17,"Runic Capacitor":21,"Cracked Core":0,"MawBank":7,"Toy Ornithopter":26},{"Dream Catcher":5,"Gremlin Horn":8,"Singing Bowl":8,"Golden Idol":6,"Vajra":10,"Thread and Needle":2,"Eternal Feather":4,"Pandora\u0027s Box":7,"Runic Capacitor":8,"Cracked Core":0,"MawBank":4,"Toy Ornithopter":11},{"Dream Catcher":23,"Gremlin Horn":38,"Singing Bowl":38,"Golden Idol":25,"Vajra":47,"Thread and Needle":5,"Eternal Feather":17,"Pandora\u0027s Box":34,"Runic Capacitor":38,"Cracked Core":0,"MawBank":17,"Toy Ornithopter":52}],"Toy Ornithopter":0},"card_choices":[{"not_picked":["Compile Driver","Steam Power"],"picked":"Beam Cell","floor":0},{"not_picked":["Redo","Hello World"],"picked":"Conserve Battery","floor":1},{"not_picked":["Beam Cell","Melter"],"picked":"BootSequence","floor":2},{"not_picked":["Redo","Stack"],"picked":"Sweeping Beam","floor":5},{"not_picked":["Storm","Skim"],"picked":"Static Discharge","floor":7},{"not_picked":["Turbo","Melter"],"picked":"Go for the Eyes","floor":11},{"not_picked":["Beam Cell","Double Energy"],"picked":"Streamline","floor":13},{"not_picked":["Multi-Cast","Biased Cognition"],"picked":"Creative AI","floor":16},{"not_picked":["Gash","Double Energy+1"],"picked":"Ball Lightning+1","floor":18},{"not_picked":["Cold Snap+1","Compile Driver+1"],"picked":"Barrage","floor":22},{"not_picked":["Heatsinks","Conserve Battery","Redo+1"],"picked":"Singing Bowl","floor":24},{"not_picked":["Beam Cell","Rip and Tear+1","Rebound"],"picked":"Singing Bowl","floor":25}],"player_experience":310032,"relics_obtained":[{"floor":7,"key":"MawBank"},{"floor":9,"key":"Eternal Feather"},{"floor":11,"key":"Dream Catcher"},{"floor":24,"key":"Vajra"},{"floor":26,"key":"Toy Ornithopter"}],"event_choices":[{"damage_healed":0,"gold_gain":0,"player_choice":"Gave Potion","damage_taken":0,"relics_obtained":["Thread and Needle"],"max_hp_gain":0,"max_hp_loss":0,"event_name":"WeMeetAgain","floor":4,"gold_loss":0},{"damage_healed":18,"gold_gain":0,"player_choice":"Healed and dodged fight","damage_taken":0,"max_hp_gain":0,"max_hp_loss":0,"event_name":"Mushrooms","floor":12,"gold_loss":0,"cards_obtained":["Parasite"]},{"damage_healed":0,"gold_gain":0,"player_choice":"Take Damage","damage_taken":18,"relics_obtained":["Golden Idol"],"max_hp_gain":0,"max_hp_loss":0,"event_name":"Golden Idol","floor":14,"gold_loss":0},{"damage_healed":0,"gold_gain":0,"player_choice":"Opened","damage_taken":0,"relics_obtained":["Gremlin Horn"],"max_hp_gain":0,"max_hp_loss":0,"event_name":"The Mausoleum","floor":19,"gold_loss":0,"cards_obtained":["Writhe"]},{"damage_healed":0,"gold_gain":0,"player_choice":"Obtained Relic","damage_taken":0,"relics_obtained":["Singing Bowl"],"max_hp_gain":0,"max_hp_loss":0,"event_name":"Addict","floor":20,"gold_loss":85}],"is_beta":false,"boss_relics":[{"not_picked":["Philosopher\u0027s Stone","SlaversCollar"],"picked":"Pandora\u0027s Box"}],"items_purged_floors":[21],"is_endless":false,"potions_floor_spawned":[2,11],"killed_by":"Gremlin Leader","ascension_level":5}}