{"host":"p1m23ahqzkuu8avx","time":1614406571,"event":{"mods":["BaseMod","Minty Spire (QoL Compilation)","Robot Space Explorer","StSLib"],"gold_per_floor":[118,131,131,145,158,185,201,201,275,287,318,318,378,51,51,123,123,141,141,141,161,175,201,201,218,218,243,77,87,105,130,130,204,204,223,223,57,75,91,116,116,150,174,174,207,207,225,225,225,225,225,225,225,97,123,123,123],"floor_reached":56,"language":"ENG","playtime":5013,"items_purged":["RobotSpaceExplorer:ScrapToss+1"],"score":2124,"play_id":"214f0911-2f7a-4693-9d83-bb3f0ddbdaef","local_time":"20210227001611","daily_mods":["SealedDeck"],"is_ascension_mode":true,"campfire_choices":[{"data":"RobotSpaceExplorer:RigExplosive","floor":8.0,"key":"SMITH"},{"data":"RobotSpaceExplorer:Jetpack","floor":12.0,"key":"SMITH"},{"data":"RobotSpaceExplorer:StarLightning","floor":15.0,"key":"SMITH"},{"data":"RobotSpaceExplorer:Blaster","floor":24.0,"key":"SMITH"},{"data":"RobotSpaceExplorer:Blitz","floor":32.0,"key":"SMITH"},{"floor":41.0,"key":"DIG"},{"floor":46.0,"key":"DIG"},{"floor":49.0,"key":"RECALL"},{"floor":53.0,"key":"DIG"}],"circlet_count":0,"master_deck":["AscendersBane","RobotSpaceExplorer:Counterblock+1","RobotSpaceExplorer:Blitz","RobotSpaceExplorer:StunGrenade","RobotSpaceExplorer:TurboDodge","RobotSpaceExplorer:Jetpack+1","RobotSpaceExplorer:Counterblock","RobotSpaceExplorer:FranticSearch+1","RobotSpaceExplorer:ShovelStrike","RobotSpaceExplorer:StarLightning+1","RobotSpaceExplorer:ScrapMissile","RobotSpaceExplorer:GearShield","RobotSpaceExplorer:RigExplosive+1","RobotSpaceExplorer:SelfCleaning","RobotSpaceExplorer:MetalStrike","RobotSpaceExplorer:GearShield","RobotSpaceExplorer:Blaster+1","Necronomicurse","RobotSpaceExplorer:ScrapToss+1","RobotSpaceExplorer:SurgingStrike","RobotSpaceExplorer:Blitz+1","RobotSpaceExplorer:MetalStrike+1","RobotSpaceExplorer:Blitz","RobotSpaceExplorer:DroneSwarm+1","RobotSpaceExplorer:TrailblazerForm","RobotSpaceExplorer:RigExplosive+1"],"relics":["RobotSpaceExplorer:TurboCore","Matryoshka","RobotSpaceExplorer:ClockworkSextant","Art of War","Dream Catcher","Bronze Scales","Lantern","Necronomicon","War Paint","Darkstone Periapt","Question Card","Red Mask","Akabeko","White Beast Statue","Shuriken","Fusion Hammer","Bird Faced Urn","Shovel","MealTicket","Unceasing Top","Bag of Preparation","Kunai","Peace Pipe","Sundial","Oddly Smooth Stone"],"acts_visited":["Exordium","TheCity","TheBeyond","TheEnding"],"potions_floor_usage":[56,56,56,56,56,56],"damage_taken":[{"damage":0.0,"enemies":"Small Slimes","floor":1.0,"turns":3.0},{"damage":0.0,"enemies":"Cultist","floor":2.0,"turns":3.0},{"damage":0.0,"enemies":"Jaw Worm","floor":4.0,"turns":2.0},{"damage":0.0,"enemies":"Looter","floor":5.0,"turns":2.0},{"damage":5.0,"enemies":"Gremlin Nob","floor":6.0,"turns":4.0},{"damage":0.0,"enemies":"Blue Slaver","floor":7.0,"turns":3.0},{"damage":0.0,"enemies":"Large Slime","floor":10.0,"turns":3.0},{"damage":0.0,"enemies":"3 Sentries","floor":11.0,"turns":5.0},{"damage":7.0,"enemies":"Lagavulin Event","floor":13.0,"turns":5.0},{"damage":19.0,"enemies":"The Guardian","floor":16.0,"turns":10.0},{"damage":0.0,"enemies":"Shell Parasite","floor":18.0,"turns":4.0},{"damage":0.0,"enemies":"Spheric Guardian","floor":21.0,"turns":1.0},{"damage":0.0,"enemies":"Snecko","floor":22.0,"turns":3.0},{"damage":5.0,"enemies":"Slavers","floor":23.0,"turns":5.0},{"damage":0.0,"enemies":"Centurion and Healer","floor":25.0,"turns":4.0},{"damage":0.0,"enemies":"Masked Bandits","floor":27.0,"turns":3.0},{"damage":0.0,"enemies":"Snake Plant","floor":29.0,"turns":2.0},{"damage":0.0,"enemies":"Cultist and Chosen","floor":30.0,"turns":3.0},{"damage":0.0,"enemies":"Gremlin Leader","floor":31.0,"turns":9.0},{"damage":26.0,"enemies":"Champ","floor":33.0,"turns":11.0},{"damage":0.0,"enemies":"3 Shapes","floor":35.0,"turns":3.0},{"damage":0.0,"enemies":"Orb Walker","floor":38.0,"turns":3.0},{"damage":0.0,"enemies":"Spire Growth","floor":39.0,"turns":4.0},{"damage":15.0,"enemies":"Nemesis","floor":40.0,"turns":7.0},{"damage":0.0,"enemies":"Reptomancer","floor":42.0,"turns":4.0},{"damage":7.0,"enemies":"Nemesis","floor":45.0,"turns":7.0},{"damage":0.0,"enemies":"Jaw Worm Horde","floor":47.0,"turns":4.0},{"damage":15.0,"enemies":"Time Eater","floor":50.0,"turns":13.0},{"damage":13.0,"enemies":"Awakened One","floor":51.0,"turns":13.0},{"damage":55.0,"enemies":"Shield and Spear","floor":55.0,"turns":8.0},{"damage":38,"enemies":"The Heart","floor":56,"turns":2}],"seed_played":"5791755888521662303","potions_obtained":[{"floor":1.0,"key":"Fire Potion"},{"floor":4.0,"key":"LiquidMemories"},{"floor":6.0,"key":"Swift Potion"},{"floor":16.0,"key":"AttackPotion"},{"floor":21.0,"key":"LiquidBronze"},{"floor":33.0,"key":"AttackPotion"},{"floor":45.0,"key":"Block Potion"},{"floor":55.0,"key":"EntropicBrew"}],"is_trial":true,"path_per_floor":["M","M","?","M","M","E","M","R","T","M","E","R","?","$","R","B",null,"M","?","?","M","M","E","R","M","T","?","$","M","M","E","R","B",null,"M","?","$","M","M","E","R","E","T","?","E","R","M","?","R","B","B",null,"R","$","E","B"],"character_chosen":"RobotSpaceExplorer","items_purchased":["Bronze Scales","Lantern","Akabeko","RobotSpaceExplorer:Exploration","BlessingOfTheForge"],"campfire_rested":0,"item_purchase_floors":[14,14,28,37,54],"current_hp_per_floor":[64,64,64,64,64,59,59,59,59,59,59,59,52,52,52,33,62,62,41,41,41,41,36,36,36,36,36,36,36,36,36,36,10,56,56,56,56,56,56,41,41,43,43,43,38,38,40,40,40,29,20,58,58,71,18,0,0],"gold":123,"neow_bonus":"","is_daily":false,"chose_seed":false,"campfire_upgraded":5,"win_rate":0.0,"timestamp":1614406571,"path_taken":["M","M","?","M","M","E","?","R","T","M","E","R","?","$","R","BOSS","M","?","?","M","M","E","R","M","T","?","$","M","M","E","R","BOSS","M","?","$","M","?","E","R","E","T","?","E","R","M","?","R","BOSS","BOSS","R","$","E","BOSS"],"items_purchased_type":["Relic","Relic","Relic","Card","Potion"],"build_version":"2020-12-22","purchased_purges":1,"victory":false,"max_hp_per_floor":[71,71,71,71,71,71,71,71,71,71,71,71,71,71,71,71,71,71,71,71,71,71,71,71,71,71,71,71,71,71,71,71,71,71,71,71,71,71,71,71,71,71,71,71,71,71,71,71,71,71,71,71,71,71,71,71,71],"card_choices":[{"not_picked":["RobotSpaceExplorer:Calculate","RobotSpaceExplorer:ToxicBomb","RobotSpaceExplorer:DoubleBlock"],"picked":"SKIP","floor":1.0},{"not_picked":["RobotSpaceExplorer:ShockKick","RobotSpaceExplorer:Reload"],"picked":"RobotSpaceExplorer:MiniDrones","floor":2.0},{"not_picked":["RobotSpaceExplorer:MiniDrones","RobotSpaceExplorer:SurgingShield"],"picked":"RobotSpaceExplorer:ScrapMissile","floor":4.0},{"not_picked":["RobotSpaceExplorer:Fix","RobotSpaceExplorer:Pulsar"],"picked":"RobotSpaceExplorer:GearShield","floor":5.0},{"not_picked":["RobotSpaceExplorer:ImprovisedAttack","RobotSpaceExplorer:Counterblock"],"picked":"RobotSpaceExplorer:RigExplosive","floor":6.0},{"not_picked":["RobotSpaceExplorer:Ammunition","RobotSpaceExplorer:Probe"],"picked":"RobotSpaceExplorer:SelfCleaning","floor":7.0},{"not_picked":["RobotSpaceExplorer:ImprovisedAttack","RobotSpaceExplorer:ScrapShield","RobotSpaceExplorer:DoubleFind"],"picked":"SKIP","floor":10.0},{"not_picked":["RobotSpaceExplorer:DualCore","RobotSpaceExplorer:FrostMissile"],"picked":"RobotSpaceExplorer:MetalStrike","floor":11.0},{"not_picked":["RobotSpaceExplorer:GlueShot","RobotSpaceExplorer:MiniBoosters"],"picked":"RobotSpaceExplorer:GearShield","floor":13.0},{"not_picked":["RobotSpaceExplorer:Explosion","RobotSpaceExplorer:ShockMissile"],"picked":"RobotSpaceExplorer:Blaster","floor":16.0},{"not_picked":["RobotSpaceExplorer:ImprovisedAttack","RobotSpaceExplorer:TurboDodge","RobotSpaceExplorer:RigExplosive"],"picked":"SKIP","floor":18.0},{"not_picked":["RobotSpaceExplorer:ShovelStrike","RobotSpaceExplorer:MiniDrones"],"picked":"RobotSpaceExplorer:ScrapToss+1","floor":21.0},{"not_picked":["RobotSpaceExplorer:MetalStrike","RobotSpaceExplorer:SurgingShield+1"],"picked":"RobotSpaceExplorer:SurgingStrike","floor":22.0},{"not_picked":["RobotSpaceExplorer:SwiftStep","RobotSpaceExplorer:Counterblock"],"picked":"RobotSpaceExplorer:Blitz","floor":23.0},{"not_picked":["RobotSpaceExplorer:ShockKick","RobotSpaceExplorer:DoubleFind","RobotSpaceExplorer:SwiftStep"],"picked":"SKIP","floor":25.0},{"not_picked":["RobotSpaceExplorer:SurgingStrike","RobotSpaceExplorer:Probe","RobotSpaceExplorer:SlimeMissile"],"picked":"RobotSpaceExplorer:MetalStrike+1","floor":29.0},{"not_picked":["RobotSpaceExplorer:SwiftStep","RobotSpaceExplorer:GlueShot+1","RobotSpaceExplorer:StarDust"],"picked":"RobotSpaceExplorer:Exploration","floor":30.0},{"not_picked":["RobotSpaceExplorer:Electroshield","RobotSpaceExplorer:FranticSearch","RobotSpaceExplorer:ShovelStrike"],"picked":"RobotSpaceExplorer:Blitz","floor":31.0},{"not_picked":["RobotSpaceExplorer:Autoloader","RobotSpaceExplorer:Exploration","RobotSpaceExplorer:Asteroid"],"picked":"RobotSpaceExplorer:DroneSwarm","floor":33.0},{"not_picked":["RobotSpaceExplorer:BigMissile","RobotSpaceExplorer:Probe","RobotSpaceExplorer:SlimeMissile","RobotSpaceExplorer:GlueShot"],"picked":"SKIP","floor":35.0},{"not_picked":["RobotSpaceExplorer:BigMissile","RobotSpaceExplorer:LuckyStrike+1","RobotSpaceExplorer:DoubleFind+1","RobotSpaceExplorer:FreezeRay"],"picked":"SKIP","floor":38.0},{"not_picked":["RobotSpaceExplorer:ShovelStrike","RobotSpaceExplorer:ImprovisedAttack","RobotSpaceExplorer:StunGrenade+1","RobotSpaceExplorer:FrostMissile"],"picked":"SKIP","floor":39.0},{"not_picked":["RobotSpaceExplorer:StunGrenade","RobotSpaceExplorer:DualCore+1","RobotSpaceExplorer:GearShield"],"picked":"RobotSpaceExplorer:TrailblazerForm","floor":40.0},{"not_picked":["RobotSpaceExplorer:ImprovisedAttack","RobotSpaceExplorer:FrostMissile+1","RobotSpaceExplorer:GlueShot"],"picked":"RobotSpaceExplorer:RigExplosive+1","floor":42.0},{"not_picked":["RobotSpaceExplorer:MakeshiftVolley","RobotSpaceExplorer:ImprovisedAttack","RobotSpaceExplorer:Counterblock","RobotSpaceExplorer:SlimeMissile"],"picked":"SKIP","floor":45.0},{"not_picked":["RobotSpaceExplorer:MiniBoosters","RobotSpaceExplorer:SurgingShield","RobotSpaceExplorer:FreezeRay","RobotSpaceExplorer:Pulsar+1"],"picked":"SKIP","floor":47.0},{"not_picked":["RobotSpaceExplorer:SlimeMissile","RobotSpaceExplorer:MiniDrones","RobotSpaceExplorer:PowerGlove","RobotSpaceExplorer:Ammunition+1"],"picked":"SKIP","floor":55.0}],"player_experience":1606143,"relics_obtained":[{"floor":6.0,"key":"Matryoshka"},{"floor":9.0,"key":"RobotSpaceExplorer:ClockworkSextant"},{"floor":11.0,"key":"Art of War"},{"floor":13.0,"key":"Dream Catcher"},{"floor":19.0,"key":"Necronomicon"},{"floor":23.0,"key":"War Paint"},{"floor":26.0,"key":"Darkstone Periapt"},{"floor":26.0,"key":"Question Card"},{"floor":27.0,"key":"Red Mask"},{"floor":31.0,"key":"White Beast Statue"},{"floor":31.0,"key":"Shuriken"},{"floor":40.0,"key":"Bird Faced Urn"},{"floor":40.0,"key":"Shovel"},{"floor":41.0,"key":"MealTicket"},{"floor":42.0,"key":"Unceasing Top"},{"floor":43.0,"key":"Bag of Preparation"},{"floor":45.0,"key":"Kunai"},{"floor":46.0,"key":"Peace Pipe"},{"floor":53.0,"key":"Sundial"},{"floor":55.0,"key":"Oddly Smooth Stone"}],"event_choices":[{"damage_healed":0.0,"max_hp_gain":0.0,"max_hp_loss":0.0,"gold_gain":0.0,"event_name":"Upgrade Shrine","player_choice":"Upgraded","floor":3.0,"gold_loss":0.0,"damage_taken":0.0,"cards_upgraded":["RobotSpaceExplorer:ScrapToss"]},{"damage_healed":0.0,"max_hp_gain":0.0,"max_hp_loss":0.0,"gold_gain":30.0,"event_name":"Dead Adventurer","player_choice":"Searched \u00272\u0027 times","floor":13.0,"gold_loss":0.0,"damage_taken":0.0},{"damage_healed":0.0,"max_hp_gain":0.0,"max_hp_loss":0.0,"gold_gain":0.0,"event_name":"Cursed Tome","player_choice":"Obtained Book","floor":19.0,"gold_loss":0.0,"damage_taken":21.0},{"damage_healed":0.0,"max_hp_gain":0.0,"max_hp_loss":0.0,"gold_gain":0.0,"event_name":"Back to Basics","player_choice":"Simplicity","floor":20.0,"gold_loss":0.0,"damage_taken":0.0,"cards_upgraded":[]},{"damage_healed":0.0,"max_hp_gain":0.0,"max_hp_loss":0.0,"gold_gain":0.0,"event_name":"Masked Bandits","player_choice":"Fought Bandits","floor":27.0,"gold_loss":0.0,"damage_taken":0.0},{"damage_healed":0.0,"max_hp_gain":0.0,"max_hp_loss":0.0,"gold_gain":0.0,"event_name":"Upgrade Shrine","player_choice":"Upgraded","floor":36.0,"gold_loss":0.0,"damage_taken":0.0,"cards_upgraded":["RobotSpaceExplorer:DroneSwarm"]},{"cards_removed":["RobotSpaceExplorer:MiniDrones"],"damage_healed":0.0,"max_hp_gain":0.0,"max_hp_loss":0.0,"gold_gain":0.0,"event_name":"Falling","player_choice":"Removed Attack","floor":44.0,"gold_loss":0.0,"damage_taken":0.0},{"damage_healed":0.0,"max_hp_gain":0.0,"max_hp_loss":0.0,"gold_gain":0.0,"event_name":"SensoryStone","player_choice":"Memory 1","floor":48.0,"gold_loss":0.0,"damage_taken":0.0}],"is_beta":false,"boss_relics":[{"not_picked":["Sozu","Astrolabe"],"picked":"RobotSpaceExplorer:TurboCore"},{"not_picked":["Velvet Choker","RobotSpaceExplorer:SearchSpecs"],"picked":"Fusion Hammer"}],"items_purged_floors":[54],"is_endless":false,"potions_floor_spawned":[1,4,6,16,18,21,25,29,33,35,38,39,40,42,45,47,55],"killed_by":"The Heart","ascension_level":20}}