{"host":"nwyj08ts91jkyezn","time":1614426619,"event":{"mods":["AchievementEnabler","BaseMod","Colored Map","DeckTracker","Minty Spire (QoL Compilation)","Rare Cards Sparkle","StSLib","SuperFastMode","everything is the same but u backflip on backflip"],"gold_per_floor":[111,125,50,63,74,74,105,118,200,200,216,180,206,206,206,283,283,297,297,297,297,297],"floor_reached":21,"language":"KOR","playtime":519,"items_purged":[],"score":359,"play_id":"f720c97a-49ce-4670-8fa4-b5152e1016e7","local_time":"20210227205019","is_ascension_mode":true,"campfire_choices":[{"data":"Carnage","floor":6,"key":"SMITH"},{"data":"Bash","floor":10,"key":"SMITH"},{"floor":15,"key":"REST"}],"circlet_count":0,"master_deck":["AscendersBane","Strike_R","Strike_R","Strike_R","Strike_R","Defend_R","Defend_R","Defend_R","Bash+1","Flex","Shrug It Off","Wild Strike","Carnage+1","Twin Strike","Shrug It Off+1","Barricade","Clothesline","Fire Breathing"],"relics":["Burning Blood","Akabeko","Toxic Egg 2","Prayer Wheel","SlaversCollar"],"acts_visited":["Exordium","TheCity"],"potions_floor_usage":[7,16,18],"damage_taken":[{"damage":7,"enemies":"2 Louse","floor":1,"turns":3},{"damage":1,"enemies":"Cultist","floor":2,"turns":4},{"damage":15,"enemies":"Small Slimes","floor":4,"turns":4},{"damage":11,"enemies":"2 Fungi Beasts","floor":5,"turns":4},{"damage":32,"enemies":"Lagavulin","floor":7,"turns":4},{"damage":4,"enemies":"Large Slime","floor":8,"turns":3},{"damage":2,"enemies":"3 Louse","floor":11,"turns":3},{"damage":8,"enemies":"Gremlin Nob","floor":13,"turns":3},{"damage":23,"enemies":"Slime Boss","floor":16,"turns":9},{"damage":53,"enemies":"Shell Parasite","floor":18,"turns":8},{"damage":21,"enemies":"3 Byrds","floor":21,"turns":2}],"seed_played":"-6925501786714628880","potions_obtained":[{"floor":2,"key":"Block Potion"},{"floor":5,"key":"AttackPotion"},{"floor":13,"key":"Energy Potion"}],"is_trial":false,"path_per_floor":["M","M","?","M","M","R","E","M","T","R","M","?","E","?","R","B",null,"M","?","?","M"],"character_chosen":"IRONCLAD","items_purchased":[],"campfire_rested":1,"item_purchase_floors":[],"current_hp_per_floor":[67,72,72,63,58,58,32,34,34,34,38,38,36,36,58,41,67,20,20,20,0,0],"gold":297,"neow_bonus":"TRANSFORM_CARD","is_daily":false,"chose_seed":false,"campfire_upgraded":2,"win_rate":0.0,"timestamp":1614426619,"path_taken":["M","M","?","M","M","R","E","M","T","R","M","?","E","?","R","BOSS","M","?","?","M"],"items_purchased_type":[],"build_version":"2020-12-22","purchased_purges":0,"victory":false,"max_hp_per_floor":[75,75,75,75,75,75,75,75,75,75,75,75,75,75,75,75,75,75,75,75,75,75],"card_choices":[{"not_picked":["Clothesline","Iron Wave"],"picked":"Shrug It Off","floor":1},{"not_picked":["Sword Boomerang","Clash","Shrug It Off"],"picked":"SKIP","floor":2},{"not_picked":["Combust","Heavy Blade"],"picked":"Wild Strike","floor":4},{"not_picked":["True Grit","Searing Blow"],"picked":"Carnage","floor":5},{"not_picked":["Evolve","Clothesline"],"picked":"Twin Strike","floor":7},{"not_picked":["Fiend Fire","Iron Wave","Havoc"],"picked":"SKIP","floor":8},{"not_picked":["Whirlwind","Headbutt"],"picked":"Shrug It Off+1","floor":11},{"not_picked":["Clash","Infernal Blade+1","Searing Blow"],"picked":"SKIP","floor":13},{"not_picked":["Bludgeon","Brutality"],"picked":"Barricade","floor":16},{"not_picked":["Flex+1","Clash"],"picked":"Clothesline","floor":18},{"not_picked":["Ghostly Armor+1","Perfected Strike"],"picked":"Fire Breathing","floor":18}],"player_experience":1068608,"relics_obtained":[{"floor":7,"key":"Akabeko"},{"floor":9,"key":"Toxic Egg 2"},{"floor":13,"key":"Prayer Wheel"}],"event_choices":[{"cards_removed":["Defend_R"],"damage_healed":0,"gold_gain":0,"player_choice":"Card Removal","damage_taken":0,"max_hp_gain":0,"max_hp_loss":0,"event_name":"The Cleric","floor":3,"gold_loss":75},{"damage_healed":0,"gold_gain":0,"player_choice":"Left Gold","damage_taken":0,"max_hp_gain":0,"max_hp_loss":0,"event_name":"World of Goop","floor":12,"gold_loss":36},{"damage_healed":0,"gold_gain":0,"player_choice":"Ignored","damage_taken":0,"max_hp_gain":0,"max_hp_loss":0,"event_name":"Liars Game","floor":14,"gold_loss":0},{"damage_healed":0,"gold_gain":0,"player_choice":"Ignored","damage_taken":0,"max_hp_gain":0,"max_hp_loss":0,"event_name":"Cursed Tome","floor":19,"gold_loss":0},{"damage_healed":0,"gold_gain":0,"player_choice":"Ignored","damage_taken":0,"max_hp_gain":0,"max_hp_loss":0,"event_name":"Vampires","floor":20,"gold_loss":0}],"is_beta":false,"boss_relics":[{"not_picked":["Cursed Key","Fusion Hammer"],"picked":"SlaversCollar"}],"items_purged_floors":[],"is_endless":false,"potions_floor_spawned":[2,5,13],"killed_by":"3 Byrds","ascension_level":18}}