{"host":"ysboq8cp18kn3uzh","time":1614457216,"event":{"mods":["AchievementEnabler","BaseMod","Colored Map","Colored Powertips","Highlight Path","Minty Spire (QoL Compilation)"],"gold_per_floor":[118,39,114,114,114,158,158,174,201,0,0,0,43,66,66,196,196,220,240,265,265,289,289,320,338,338,338,388,388,388],"floor_reached":29,"language":"ENG","playtime":1403,"items_purged":["Injury"],"score":467,"play_id":"58fe9d73-087a-4c74-b340-f284a179c62c","local_time":"20210227122016","is_ascension_mode":true,"campfire_choices":[{"data":"Footwork","floor":7.0,"key":"SMITH"},{"data":"Deadly Poison","floor":11.0,"key":"SMITH"},{"data":"Terror","floor":15.0,"key":"SMITH"},{"data":"A Thousand Cuts","floor":23.0,"key":"SMITH"}],"circlet_count":0,"master_deck":["AscendersBane","Strike_G","Strike_G","Strike_G","Strike_G+1","Defend_G","Defend_G+1","Defend_G","Defend_G","Defend_G","Survivor","Neutralize","Dagger Spray","Footwork+1","Deadly Poison+1","Backflip","Crippling Poison","Terror+1","Blur","A Thousand Cuts+1","PiercingWail","Flying Knee","Catalyst+1","Ghostly","Ghostly","Ghostly","Ghostly","Ghostly","Flechettes","Cloak And Dagger","Leg Sweep","Normality"],"relics":["Ring of the Snake","NeowsBlessing","Golden Idol","Pear","Bag of Preparation","Membership Card","Sundial","Cursed Key","Eternal Feather","Mercury Hourglass"],"acts_visited":["Exordium","TheCity"],"potions_floor_usage":[29,29],"damage_taken":[{"damage":0.0,"enemies":"Small Slimes","floor":1.0,"turns":1.0},{"damage":0.0,"enemies":"3 Sentries","floor":6.0,"turns":1.0},{"damage":0.0,"enemies":"Jaw Worm","floor":8.0,"turns":1.0},{"damage":12.0,"enemies":"Lagavulin","floor":13.0,"turns":7.0},{"damage":0.0,"enemies":"2 Louse","floor":14.0,"turns":3.0},{"damage":10.0,"enemies":"Hexaghost","floor":16.0,"turns":11.0},{"damage":6.0,"enemies":"3 Byrds","floor":18.0,"turns":5.0},{"damage":15.0,"enemies":"2 Thieves","floor":19.0,"turns":5.0},{"damage":4.0,"enemies":"Centurion and Healer","floor":20.0,"turns":11.0},{"damage":3.0,"enemies":"Snake Plant","floor":22.0,"turns":7.0},{"damage":18.0,"enemies":"Book of Stabbing","floor":24.0,"turns":6.0},{"damage":8.0,"enemies":"Shelled Parasite and Fungi","floor":25.0,"turns":6.0},{"damage":1.0,"enemies":"Colosseum Slavers","floor":27.0,"turns":6.0},{"damage":11,"enemies":"Cultist and Chosen","floor":29,"turns":6}],"seed_played":"593506106711405094","potions_obtained":[{"floor":8.0,"key":"SkillPotion"},{"floor":13.0,"key":"Weak Potion"},{"floor":16.0,"key":"GamblersBrew"},{"floor":19.0,"key":"BlessingOfTheForge"},{"floor":20.0,"key":"SteroidPotion"},{"floor":24.0,"key":"Swift Potion"}],"is_trial":false,"path_per_floor":["M","$","?","?","?","E","R","M","T","$","R","?","E","M","R","B",null,"M","M","M","?","M","R","E","M","T","?","?","M"],"character_chosen":"THE_SILENT","items_purchased":["Footwork","Membership Card","Crippling Poison"],"campfire_rested":0,"item_purchase_floors":[2,10,10],"current_hp_per_floor":[63,63,52,38,38,48,48,48,48,48,48,48,36,36,36,26,67,61,46,42,40,37,37,19,11,11,10,10,0,0],"gold":388,"neow_bonus":"THREE_ENEMY_KILL","is_daily":false,"chose_seed":false,"campfire_upgraded":4,"win_rate":0.0,"timestamp":1614457216,"path_taken":["M","$","?","?","?","E","R","M","T","?","R","?","E","M","R","BOSS","M","M","M","?","M","R","E","M","T","?","?","M"],"items_purchased_type":["Card","Relic","Card"],"build_version":"2020-12-22","purchased_purges":1,"victory":false,"max_hp_per_floor":[70,70,70,70,70,80,80,80,80,80,80,80,80,80,80,80,80,80,80,80,40,40,40,40,40,40,40,40,40,40],"card_choices":[{"not_picked":["PiercingWail","Accuracy"],"picked":"Dagger Spray","floor":1.0},{"not_picked":["Quick Slash","Deflect"],"picked":"Deadly Poison","floor":6.0},{"not_picked":["Concentrate","Outmaneuver"],"picked":"Backflip","floor":8.0},{"not_picked":["Well Laid Plans","Dagger Spray"],"picked":"Terror","floor":13.0},{"not_picked":["PiercingWail","Bane"],"picked":"Blur","floor":14.0},{"not_picked":["Glass Knife","Grand Finale"],"picked":"A Thousand Cuts","floor":16.0},{"not_picked":["Backflip","Blade Dance"],"picked":"PiercingWail","floor":18.0},{"not_picked":["Backflip","Choke"],"picked":"Flying Knee","floor":19.0},{"not_picked":["Cloak And Dagger","Underhanded Strike"],"picked":"Catalyst+1","floor":20.0},{"not_picked":["Skewer","Deflect"],"picked":"Flechettes","floor":22.0},{"not_picked":["Skewer","Bane"],"picked":"Cloak And Dagger","floor":24.0},{"not_picked":["Unload","Masterful Stab"],"picked":"Leg Sweep","floor":25.0}],"player_experience":391229,"relics_obtained":[{"floor":6.0,"key":"Pear"},{"floor":9.0,"key":"Bag of Preparation"},{"floor":13.0,"key":"Sundial"},{"floor":24.0,"key":"Eternal Feather"},{"floor":26.0,"key":"Mercury Hourglass"}],"event_choices":[{"damage_healed":0.0,"max_hp_gain":0.0,"max_hp_loss":0.0,"gold_gain":75.0,"event_name":"World of Goop","player_choice":"Gather Gold","floor":3.0,"gold_loss":0.0,"damage_taken":11.0},{"damage_healed":0.0,"max_hp_gain":0.0,"max_hp_loss":0.0,"gold_gain":0.0,"event_name":"Shining Light","player_choice":"Entered Light","floor":4.0,"gold_loss":0.0,"damage_taken":14.0,"cards_upgraded":["Defend_G","Strike_G"]},{"damage_healed":0.0,"max_hp_gain":0.0,"max_hp_loss":0.0,"gold_gain":0.0,"event_name":"Golden Idol","player_choice":"Take Wound","floor":5.0,"gold_loss":0.0,"damage_taken":0.0,"relics_obtained":["Golden Idol"],"cards_obtained":["Injury"]},{"cards_removed":["Strike_G"],"damage_healed":0.0,"max_hp_gain":0.0,"max_hp_loss":0.0,"gold_gain":0.0,"event_name":"Living Wall","player_choice":"Forget","floor":12.0,"gold_loss":0.0,"damage_taken":0.0},{"damage_healed":0.0,"max_hp_gain":0.0,"max_hp_loss":40.0,"gold_gain":0.0,"event_name":"Ghosts","player_choice":"Became a Ghost","floor":21.0,"gold_loss":0.0,"damage_taken":0.0,"cards_obtained":["Ghostly","Ghostly","Ghostly","Ghostly","Ghostly"]},{"damage_healed":0.0,"max_hp_gain":0.0,"max_hp_loss":0.0,"gold_gain":0.0,"event_name":"Colosseum","player_choice":"Fight","floor":27.0,"gold_loss":0.0,"damage_taken":0.0},{"damage_healed":0.0,"max_hp_gain":0.0,"max_hp_loss":0.0,"gold_gain":0.0,"event_name":"Colosseum","player_choice":"Fled From Nobs","floor":27.0,"gold_loss":0.0,"damage_taken":0.0},{"damage_healed":0.0,"max_hp_gain":0.0,"max_hp_loss":0.0,"gold_gain":100.0,"event_name":"The Joust","player_choice":"Bet on Murderer","floor":28.0,"gold_loss":50.0,"damage_taken":0.0}],"is_beta":false,"boss_relics":[{"not_picked":["Calling Bell","Sozu"],"picked":"Cursed Key"}],"items_purged_floors":[10],"is_endless":false,"potions_floor_spawned":[8,13,16,19,20,24],"killed_by":"Cultist and Chosen","ascension_level":12}}