{"host":"3sqvgza1l4ip9ny1","time":1614444248,"event":{"mods":["BaseMod","Minty Spire (QoL Compilation)"],"gold_per_floor":[116,116,132,148,168,200,200,211,211,244,244,244,244,172,172,276,276,292,278,14,14,29,29,63,82,134,9,9,9],"floor_reached":28,"language":"ENG","playtime":1628,"items_purged":[],"score":323,"play_id":"2de80e14-f56f-43e2-bed3-91499088618e","local_time":"20210227164408","is_ascension_mode":true,"campfire_choices":[{"data":"After Image","floor":7,"key":"SMITH"},{"data":"Poisoned Stab","floor":11,"key":"SMITH"},{"floor":15,"key":"REST"},{"data":"Infinite Blades","floor":23,"key":"SMITH"}],"circlet_count":0,"master_deck":["Strike_G+1","Strike_G","Strike_G","Defend_G","Defend_G","Defend_G","Defend_G","Defend_G","Survivor","Neutralize","Poisoned Stab+1","Caltrops","Dodge and Roll+1","Poisoned Stab+1","After Image+1","PiercingWail","Blur","Infinite Blades+1","Tools of the Trade","Poisoned Stab","Dodge and Roll","Accuracy","Deadly Poison","Backstab","Crippling Poison","Poisoned Stab"],"relics":["Ring of the Snake","CaptainsWheel","Snake Skull","Lantern","Black Star","Vajra","Ornamental Fan","Art of War","Bag of Marbles"],"acts_visited":["Exordium","TheCity"],"potions_floor_usage":[8,16,19,22,24,25,28],"damage_taken":[{"damage":12,"enemies":"Jaw Worm","floor":1,"turns":9},{"damage":0,"enemies":"Cultist","floor":3,"turns":4},{"damage":1,"enemies":"2 Louse","floor":4,"turns":3},{"damage":1,"enemies":"2 Fungi Beasts","floor":5,"turns":4},{"damage":25,"enemies":"Lagavulin","floor":6,"turns":9},{"damage":8,"enemies":"Exordium Wildlife","floor":8,"turns":7},{"damage":10,"enemies":"Gremlin Nob","floor":10,"turns":5},{"damage":6,"enemies":"Slime Boss","floor":16,"turns":11},{"damage":1,"enemies":"Shell Parasite","floor":18,"turns":6},{"damage":7,"enemies":"2 Thieves","floor":19,"turns":4},{"damage":7,"enemies":"Snake Plant","floor":22,"turns":5},{"damage":27,"enemies":"Book of Stabbing","floor":24,"turns":8},{"damage":11,"enemies":"Cultist and Chosen","floor":25,"turns":8},{"damage":32,"enemies":"Gremlin Leader","floor":28,"turns":6}],"seed_played":"-9068415278140690873","potions_obtained":[{"floor":4,"key":"Strength Potion"},{"floor":5,"key":"SteroidPotion"},{"floor":8,"key":"GamblersBrew"},{"floor":10,"key":"SpeedPotion"},{"floor":18,"key":"Strength Potion"},{"floor":19,"key":"SpeedPotion"},{"floor":24,"key":"Dexterity Potion"}],"is_trial":false,"path_per_floor":["M","?","M","M","M","E","R","M","T","E","R","?","?","$","R","B",null,"M","M","$","?","M","R","E","M","T","$","E"],"character_chosen":"THE_SILENT","items_purchased":["Infinite Blades","Accuracy","Vajra","Deadly Poison","Crippling Poison","Poisoned Stab"],"campfire_rested":1,"item_purchase_floors":[14,20,20,20,27,27],"current_hp_per_floor":[65,65,65,64,63,38,38,30,30,20,20,20,5,5,28,22,77,76,69,69,69,62,62,35,24,24,24,0,0],"gold":9,"neow_bonus":"TEN_PERCENT_HP_BONUS","is_daily":false,"chose_seed":false,"campfire_upgraded":3,"win_rate":0.0,"timestamp":1614444248,"path_taken":["M","?","?","M","M","E","R","M","T","E","R","?","?","?","R","BOSS","M","M","?","?","?","R","E","M","T","$","E"],"items_purchased_type":["Card","Card","Relic","Card","Card","Card"],"build_version":"2020-12-22","purchased_purges":0,"victory":false,"max_hp_per_floor":[77,77,77,77,77,77,77,77,77,77,77,77,77,77,77,77,77,77,77,77,77,77,77,77,77,77,77,77,77],"card_choices":[{"not_picked":["Deflect","Sucker Punch"],"picked":"Poisoned Stab","floor":1},{"not_picked":["Backflip","Masterful Stab"],"picked":"Caltrops","floor":3},{"not_picked":["Leg Sweep","Prepared"],"picked":"Dodge and Roll","floor":4},{"not_picked":["Heel Hook","Deflect"],"picked":"Poisoned Stab","floor":5},{"not_picked":["Venomology","Flying Knee"],"picked":"After Image","floor":6},{"not_picked":["Flying Knee","Riddle With Holes"],"picked":"PiercingWail","floor":8},{"not_picked":["Endless Agony","Dagger Spray"],"picked":"Blur","floor":10},{"not_picked":["Night Terror","Grand Finale"],"picked":"Tools of the Trade","floor":16},{"not_picked":["Choke","Dodge and Roll"],"picked":"Poisoned Stab","floor":18},{"not_picked":["Flechettes","Backflip+1"],"picked":"Dodge and Roll","floor":19},{"not_picked":["Outmaneuver","Endless Agony","Quick Slash"],"picked":"SKIP","floor":22},{"not_picked":["Eviscerate","All Out Attack","Setup"],"picked":"SKIP","floor":24},{"not_picked":["Riddle With Holes","Dash"],"picked":"Backstab","floor":25}],"player_experience":258190,"relics_obtained":[{"floor":6,"key":"CaptainsWheel"},{"floor":9,"key":"Snake Skull"},{"floor":10,"key":"Lantern"},{"floor":24,"key":"Ornamental Fan"},{"floor":24,"key":"Art of War"},{"floor":26,"key":"Bag of Marbles"}],"event_choices":[{"cards_removed":["Strike_G"],"damage_healed":0,"gold_gain":0,"player_choice":"Purged","damage_taken":0,"max_hp_gain":0,"max_hp_loss":0,"event_name":"Purifier","floor":2,"gold_loss":0},{"damage_healed":0,"gold_gain":0,"player_choice":"Grow","damage_taken":0,"max_hp_gain":0,"max_hp_loss":0,"event_name":"Living Wall","floor":12,"gold_loss":0,"cards_upgraded":["Poisoned Stab"]},{"damage_healed":0,"gold_gain":0,"player_choice":"Entered Light","damage_taken":15,"max_hp_gain":0,"max_hp_loss":0,"event_name":"Shining Light","floor":13,"gold_loss":0,"cards_upgraded":["Dodge and Roll","Strike_G"]},{"cards_removed":["Strike_G"],"damage_healed":0,"gold_gain":0,"player_choice":"Purged","damage_taken":0,"max_hp_gain":0,"max_hp_loss":0,"event_name":"Purifier","floor":21,"gold_loss":0}],"is_beta":false,"boss_relics":[{"not_picked":["Pandora\u0027s Box","Cursed Key"],"picked":"Black Star"}],"items_purged_floors":[],"is_endless":false,"potions_floor_spawned":[4,5,8,10,18,19,24],"killed_by":"Gremlin Leader","ascension_level":4}}