{"host":"iawk615p0198zs2h","time":1614413743,"event":{"mods":["BaseMod","Better Third Choice","BetterRewards","Downfall","Gold Saver","Minty Spire (QoL Compilation)","Quick Restart","Rare Cards Sparkle","Replay The Spire","Shop Mod","Spicy Shops","StSLib","The Necromancer","everything is the same but u backflip on backflip"],"gold_per_floor":[117,117,130,130,150,181,191,219,242,267,280,40,40,68,68,164,164,184,198,211,33,49,60,88,105,105,139,139,154,154,173,173,269,269,289,289,289,306,319,350,365,396,396,408,443,443,62,82,82,82,82,82,58,87,87],"floor_reached":56,"language":"ENG","playtime":9208,"items_purged":["Strike_G","Strike_G","Strike_G"],"score":1854,"play_id":"4eac4d7a-3d05-4f3f-b7a2-bc3471eb14b1","local_time":"20210227091543","is_ascension_mode":true,"campfire_choices":[{"data":"Noxious Fumes","floor":15.0,"key":"SMITH"},{"data":"Survivor","floor":30.0,"key":"SMITH"},{"floor":32.0,"key":"RECALL"},{"data":"Defend_G","floor":46,"key":"SMITH"},{"data":"ReplayUltimateDefense","floor":49,"key":"SMITH"},{"data":"Defend_G","floor":52,"key":"SMITH"}],"circlet_count":0,"master_deck":["Defend_G","Defend_G","Defend_G+1","Defend_G","Defend_G+1","Survivor+1","Neutralize+1","Trip+1","Secret Technique+1","Sneak Up+1","Master of Strategy+1","Secret Weapon+1","Bandage Up+1","Noxious Fumes+1","Toxin Wave+1","Crippling Poison+1","Toxin Wave+1","Apotheosis+1","Eviscerate+1","Finesse+1","Burst+1","Adrenaline+1","Escape Plan+1","Insight+1","Replay:Poison Smokescreen+1","Replay:Poison Smokescreen+1","Footwork+1","ReplayUltimateDefense+1","Backflip+1"],"relics":["Ring of the Snake","BargainBundle","Toxic Egg 2","ReplayTheSpireMod:ShopPack","Bag of Marbles","Pet Ghost","Ancient Tea Set","MealTicket","InkBottle","Sozu","Replay:Wax Seal","Du-Vu Doll","Bronze Scales","Coffee Dripper","Anchor","Letter Opener","Replay:WaspNest","Nunchaku","Replay:Towering Pillar of Hats"],"acts_visited":["Exordium","TheCity","TheBeyond","TheEnding"],"potions_floor_usage":[55,55],"damage_taken":[{"damage":0.0,"enemies":"Small Slimes","floor":1.0,"turns":5.0},{"damage":0.0,"enemies":"2 Louse","floor":3.0,"turns":4.0},{"damage":0.0,"enemies":"Jaw Worm","floor":5.0,"turns":3.0},{"damage":10.0,"enemies":"Lagavulin","floor":6.0,"turns":6.0},{"damage":9.0,"enemies":"Gremlin Gang","floor":7.0,"turns":4.0},{"damage":13.0,"enemies":"Gremlin Nob","floor":8.0,"turns":5.0},{"damage":7.0,"enemies":"3 Sentries","floor":10.0,"turns":3.0},{"damage":2.0,"enemies":"3 Louse","floor":11.0,"turns":2.0},{"damage":0.0,"enemies":"Gremlin Nob","floor":14.0,"turns":3.0},{"damage":17.0,"enemies":"Fading Forest","floor":16.0,"turns":11.0},{"damage":0.0,"enemies":"2 Thieves","floor":18.0,"turns":4.0},{"damage":1.0,"enemies":"Shell Parasite","floor":19.0,"turns":2.0},{"damage":13.0,"enemies":"Snecko","floor":20.0,"turns":4.0},{"damage":0.0,"enemies":"Cultist and Chosen","floor":22.0,"turns":3.0},{"damage":0.0,"enemies":"Snake Plant","floor":23.0,"turns":2.0},{"damage":0.0,"enemies":"Replay:Snechameleon","floor":24.0,"turns":4.0},{"damage":0.0,"enemies":"Centurion and Healer","floor":25.0,"turns":3.0},{"damage":0.0,"enemies":"Gremlin Leader","floor":27.0,"turns":6.0},{"damage":0.0,"enemies":"Sentry and Sphere","floor":29.0,"turns":2.0},{"damage":0.0,"enemies":"Shelled Parasite and Fungi","floor":31.0,"turns":2.0},{"damage":23.0,"enemies":"Automaton","floor":33.0,"turns":8.0},{"damage":0.0,"enemies":"3 Shapes","floor":35.0,"turns":4.0},{"damage":0.0,"enemies":"Orb Walker","floor":38.0,"turns":2.0},{"damage":1.0,"enemies":"Jaw Worm Horde","floor":39.0,"turns":3.0},{"damage":16.0,"enemies":"R_Hoarder","floor":40.0,"turns":8.0},{"damage":0.0,"enemies":"Maw","floor":41.0,"turns":5.0},{"damage":2.0,"enemies":"Nemesis","floor":42.0,"turns":5.0},{"damage":0.0,"enemies":"Sphere and 2 Shapes","floor":44.0,"turns":3.0},{"damage":0,"enemies":"Giant Head","floor":45,"turns":7},{"damage":0,"enemies":"Jaw Worm Horde","floor":48,"turns":2},{"damage":0,"enemies":"Awakened One","floor":50,"turns":10},{"damage":0,"enemies":"Shield and Spear","floor":54,"turns":3},{"damage":13,"enemies":"The Heart","floor":55,"turns":7}],"seed_played":"-8620378585857771206","potions_obtained":[{"floor":7.0,"key":"GhostInAJar"},{"floor":11.0,"key":"Doom Potion"}],"is_trial":false,"path_per_floor":["M","?","M","?","M","E","M","E","T","E","M","$","?","E","R","B",null,"M","M","M","$","M","M","E","M","T","E","?","M","R","M","R","B",null,"M","?","?","M","M","E","M","E","T","M","E","R","$","M","R","B",null,"R","$","E","B",null],"character_chosen":"THE_SILENT","items_purchased":["BargainBundle","Toxic Egg 2","Trip+1","Secret Technique+1","Sneak Up+1","ReplayTheSpireMod:ShopPack","BlessingOfTheForge","SkillPotion","ColorlessPotion","Apotheosis+1","Eviscerate+1","Replay:Wax Seal","ReplayUltimateDefense","Backflip+1"],"campfire_rested":0,"item_purchase_floors":[0,0,0,0,0,0,0,0,0,12,12,21,47,53],"current_hp_per_floor":[55,55,61,61,67,60,57,50,50,49,47,62,62,68,68,63,68,70,70,57,70,70,70,70,70,70,70,70,70,70,70,70,47,64,70,70,70,70,69,54,60,64,64,70,70,70,70,70,70,70,70,70,70,70,57],"gold":87,"neow_bonus":"","is_daily":false,"chose_seed":false,"campfire_upgraded":5,"win_rate":0.0,"timestamp":1614413743,"path_taken":["M","?","M","?","M","E","M","E","T","E","M","$","?","E","R","BOSS","M","?","M","$","M","M","E","M","T","E","?","M","R","M","R","BOSS","M","?","?","M","?","E","M","E","T","?","E","R","?","M","R","BOSS","R","$","E","BOSS"],"items_purchased_type":["Relic","Relic","Card","Card","Card","Relic","Potion","Potion","Potion","Card","Card","Relic","Card","Card"],"build_version":"2020-12-22","purchased_purges":3,"victory":true,"max_hp_per_floor":[70,70,70,70,70,70,70,70,70,70,70,70,70,70,70,70,70,70,70,70,70,70,70,70,70,70,70,70,70,70,70,70,70,70,70,70,70,70,70,70,70,70,70,70,70,70,70,70,70,70,70,70,70,70,70],"card_choices":[{"not_picked":["Sadistic Nature","HandOfGreed"],"picked":"Master of Strategy","floor":0.0},{"not_picked":["ReplayTheSpireMod:Necrogeddon","ReplayTheSpireMod:Brewmster"],"picked":"Secret Weapon","floor":0.0},{"not_picked":["Discovery","Sadistic Nature"],"picked":"Bandage Up","floor":0.0},{"not_picked":["Blade Dance+1","Tactician+1"],"picked":"Noxious Fumes","floor":1.0},{"not_picked":["Dagger Spray","Sucker Punch"],"picked":"Toxin Wave+1","floor":3.0},{"not_picked":["Slice","Skewer","Prepared+1"],"picked":"SKIP","floor":5.0},{"not_picked":["Underhanded Strike","Dagger Throw"],"picked":"Crippling Poison+1","floor":6.0},{"not_picked":["Underhanded Strike","Outmaneuver+1"],"picked":"Toxin Wave+1","floor":7.0},{"not_picked":["Dagger Spray","Poisoned Stab","Infinite Blades"],"picked":"SKIP","floor":8.0},{"not_picked":["Flechettes","Deadly Poison+1","Calculated Gamble+1"],"picked":"SKIP","floor":10.0},{"not_picked":["Predator","Endless Agony","Setup+1"],"picked":"SKIP","floor":11.0},{"not_picked":["Dagger Throw","Dagger Spray","Poisoned Stab"],"picked":"SKIP","floor":14.0},{"not_picked":["Glass Knife","A Thousand Cuts"],"picked":"Burst+1","floor":16.0},{"not_picked":["Tactician+1","Blade Dance+1","Deflect+1"],"picked":"SKIP","floor":18.0},{"not_picked":["Flying Knee","Deflect+1","Slice"],"picked":"SKIP","floor":19.0},{"not_picked":["Sucker Punch","ReplayTheSpireMod:The Works+1"],"picked":"Adrenaline+1","floor":20.0},{"not_picked":["Quick Slash+1","Underhanded Strike+1"],"picked":"Escape Plan+1","floor":22.0},{"not_picked":["Blade Dance+1","Dagger Throw+1","Bane"],"picked":"SKIP","floor":23.0},{"not_picked":["Distraction+1","Tactician+1","Finisher"],"picked":"SKIP","floor":24.0},{"not_picked":["Sucker Punch+1","Calculated Gamble+1","Endless Agony"],"picked":"SKIP","floor":25.0},{"not_picked":["Underhanded Strike","ReplayTheSpireMod:The Works+1","Sneak Up+1"],"picked":"SKIP","floor":27.0},{"not_picked":["Bane","ReplayTheSpireMod:Tripwire+1","Deflect+1"],"picked":"SKIP","floor":29.0},{"not_picked":["Tools of the Trade","Slice"],"picked":"Replay:Poison Smokescreen+1","floor":31.0},{"not_picked":["Outmaneuver+1","Concentrate+1","Caltrops+1"],"picked":"SKIP","floor":35.0},{"not_picked":["Deadly Poison+1","Accuracy","Hidden Blade+1"],"picked":"SKIP","floor":38.0},{"not_picked":["Deflect+1","Underhanded Strike+1"],"picked":"Replay:Poison Smokescreen+1","floor":39.0},{"not_picked":["Deflect+1","Storm of Steel+1"],"picked":"Footwork+1","floor":40.0},{"not_picked":["Fluid Movement","Slice","Dodge and Roll+1"],"picked":"SKIP","floor":41.0},{"not_picked":["Distraction+1","Slice","Deadly Poison+1"],"picked":"SKIP","floor":42.0},{"not_picked":["Prepared+1","Sucker Punch","Die Die Die"],"picked":"SKIP","floor":44},{"not_picked":["Acrobatics+1","Expertise+1","Outmaneuver+1"],"picked":"SKIP","floor":45},{"not_picked":["Quick Slash","Prepared+1","Outmaneuver+1"],"picked":"SKIP","floor":48},{"not_picked":["Outmaneuver+1","Glass Knife","Flying Knee+1"],"picked":"SKIP","floor":54}],"player_experience":237533,"relics_obtained":[{"floor":6.0,"key":"Bag of Marbles"},{"floor":8.0,"key":"Pet Ghost"},{"floor":9.0,"key":"Ancient Tea Set"},{"floor":10.0,"key":"MealTicket"},{"floor":14.0,"key":"InkBottle"},{"floor":24.0,"key":"Du-Vu Doll"},{"floor":27.0,"key":"Bronze Scales"},{"floor":40.0,"key":"Anchor"},{"floor":42.0,"key":"Letter Opener"},{"floor":43.0,"key":"Replay:WaspNest"},{"floor":45,"key":"Nunchaku"},{"floor":54,"key":"Replay:Towering Pillar of Hats"}],"event_choices":[{"damage_healed":0.0,"max_hp_gain":0.0,"max_hp_loss":0.0,"gold_gain":0.0,"event_name":"betterThird:BetterSerpent","player_choice":"Ignored","floor":2.0,"gold_loss":0.0,"damage_taken":117.0},{"damage_healed":0.0,"max_hp_gain":0.0,"max_hp_loss":0.0,"gold_gain":0.0,"event_name":"Match and Keep!","player_choice":"1 cards matched","floor":13.0,"gold_loss":0.0,"damage_taken":0.0,"cards_obtained":["Finesse"]},{"damage_healed":0.0,"max_hp_gain":0.0,"max_hp_loss":0.0,"gold_gain":0.0,"event_name":"betterThird:BetterWriting","player_choice":"Insight","floor":28.0,"gold_loss":0.0,"damage_taken":0.0,"cards_obtained":["Insight"]},{"cards_removed":["Strike_G"],"damage_healed":0.0,"max_hp_gain":0.0,"max_hp_loss":0.0,"gold_gain":0.0,"event_name":"Falling","player_choice":"Removed Attack","floor":36.0,"gold_loss":0.0,"damage_taken":0.0},{"cards_removed":["Strike_G"],"damage_healed":0.0,"max_hp_gain":0.0,"max_hp_loss":0.0,"gold_gain":0.0,"event_name":"Purifier","player_choice":"Purged","floor":37.0,"gold_loss":0.0,"damage_taken":0.0}],"is_beta":false,"boss_relics":[{"not_picked":["bronze:MakeshiftBattery","Tiny House"],"picked":"Sozu"},{"not_picked":["Astrolabe","Snecko Scales"],"picked":"Coffee Dripper"}],"items_purged_floors":[0,21,47],"is_endless":false,"potions_floor_spawned":[3,5,7,11,14,19,20,23,27,31,35,38,40],"ascension_level":7}}