{"host":"e7sl0pd4xxdbbdh2","time":1614443270,"event":{"mods":["AchievementEnabler","BaseMod","Colored Map","Colored Powertips","Minty Spire (QoL Compilation)","StSLib"],"gold_per_floor":[119,131,150,166,166,166,195,195,248,263,263,263],"floor_reached":11,"language":"SPA","playtime":485,"items_purged":[],"score":150,"play_id":"76846cb4-fcc2-4fd7-8596-6e568a8c13c7","local_time":"20210227132750","daily_mods":["Chimera","Diverse","DeadlyEvents"],"is_ascension_mode":true,"campfire_choices":[{"data":"Bash","floor":6,"key":"SMITH"},{"data":"Fire Breathing","floor":8,"key":"SMITH"}],"circlet_count":0,"master_deck":["AscendersBane","Bash+1","Survivor","Zap","Strike_R","Strike_G","Strike_B","Defend_R","Defend_G","Defend_P","Cleave","Go for the Eyes","Terror","Burning Pact","Fire Breathing+1","Cleave"],"relics":["Cracked Core","Letter Opener","Orichalcum"],"acts_visited":["Exordium"],"potions_floor_usage":[10,10,10,11],"damage_taken":[{"damage":0,"enemies":"Jaw Worm","floor":1,"turns":3},{"damage":7,"enemies":"Small Slimes","floor":2,"turns":3},{"damage":0,"enemies":"Cultist","floor":3,"turns":3},{"damage":6,"enemies":"Looter","floor":4,"turns":3},{"damage":30,"enemies":"Gremlin Nob","floor":7,"turns":4},{"damage":2,"enemies":"3 Louse","floor":10,"turns":4},{"damage":23,"enemies":"Lagavulin","floor":11,"turns":4}],"seed_played":"1319997706673097898","potions_obtained":[{"floor":3,"key":"Dexterity Potion"},{"floor":7,"key":"EntropicBrew"},{"floor":10,"key":"DuplicationPotion"}],"is_trial":true,"path_per_floor":["M","M","M","M","?","R","E","R","T","M","E"],"character_chosen":"DEFECT","items_purchased":[],"campfire_rested":0,"item_purchase_floors":[],"current_hp_per_floor":[64,57,57,51,51,51,21,21,21,19,0,0],"gold":263,"neow_bonus":"","is_daily":false,"chose_seed":false,"campfire_upgraded":2,"win_rate":0.0,"timestamp":1614443270,"path_taken":["M","M","M","M","?","R","E","R","T","?","?"],"items_purchased_type":[],"build_version":"2020-12-22","purchased_purges":0,"victory":false,"max_hp_per_floor":[71,71,71,71,71,71,71,71,71,71,71,71],"card_choices":[{"not_picked":["Finisher","Hologram"],"picked":"Cleave","floor":1},{"not_picked":["Crescendo","Flechettes","WreathOfFlame"],"picked":"SKIP","floor":2},{"not_picked":["Iron Wave","Static Discharge"],"picked":"Go for the Eyes","floor":3},{"not_picked":["Concentrate","White Noise"],"picked":"Terror","floor":4},{"not_picked":["FlurryOfBlows","CrushJoints"],"picked":"Fire Breathing","floor":7},{"not_picked":["FlurryOfBlows","Setup"],"picked":"Cleave","floor":10}],"player_experience":1709540,"relics_obtained":[{"floor":7,"key":"Letter Opener"},{"floor":9,"key":"Orichalcum"}],"event_choices":[{"damage_healed":0,"gold_gain":0,"cards_transformed":["Eruption"],"player_choice":"Transformed","damage_taken":0,"max_hp_gain":0,"max_hp_loss":0,"event_name":"Transmorgrifier","floor":5,"gold_loss":0,"cards_obtained":["Burning Pact"]}],"is_beta":false,"boss_relics":[],"items_purged_floors":[],"is_endless":false,"potions_floor_spawned":[3,7,10],"killed_by":"Lagavulin","ascension_level":20}}