{"host":"ocll6kdfqxraqtza","time":1614428931,"event":{"mods":["100% Spire Juice","2.2 Compatiblity","Act Like it!","Arknights","Aspiration","BaseMod","Better Third Choice","Gensokyo","Good Game Mod","Hermit","Hubris","Jorbs\u0027s Wanderer Trilogy","Luminous","MarisaÅiñ∂âJÅ@ñÇóùçπÅj","Minty Spire (QoL Compilation)","Reliquary","Replay The Spire","Ruina","Shade Mod","Spire Arcade","StSLib","The Alterego","The Cursed","The Hierophant","The Marked","The Runesmith","Wandering Minibosses"],"gold_per_floor":[116,116,116,126,136,141,141,157,157,162,1,32,85,97,97,173,173,187,201,201,12,29,29,61,61,88,88,123,123,123,138,138,164,164,174,174,82,499,549,584,584,610,635,652,652,652,686,701,701,701],"floor_reached":51,"language":"ENG","playtime":3097,"items_purged":["alterego_mod:Defend"],"score":879,"play_id":"ef1ce70d-a949-4417-ad32-e5717c7a015e","local_time":"20210227202851","is_ascension_mode":true,"campfire_choices":[{"data":"alterego_mod:BreastValley","floor":15.0,"key":"SMITH"},{"data":"Doppelganger","floor":23.0,"key":"SMITH"},{"data":"alterego_mod:Palingenesis","floor":25.0,"key":"SMITH"},{"data":"alterego_mod:BiFurious","floor":30.0,"key":"SMITH"},{"data":"alterego_mod:Nekomimi","floor":32.0,"key":"SMITH"},{"data":"alterego_mod:GIGAMILK","floor":41.0,"key":"SMITH"},{"data":"alterego_mod:Lift","floor":49,"key":"SMITH"}],"circlet_count":0,"master_deck":["alterego_mod:Strike","alterego_mod:Impale","alterego_mod:BigMeatyClaws","alterego_mod:BrynhildrsRune+1","hierophant:Invocation","alterego_mod:1TonWallop","Skewer","Doppelganger+1","alterego_mod:1TonWallop+1","alterego_mod:Pet+1","alterego_mod:BreastValley+1","alterego_mod:Nekomimi+1","alterego_mod:SakuraLabyrinth","Finesse+1","alterego_mod:Lift+1","alterego_mod:DeftHands","alterego_mod:Palingenesis+1","alterego_mod:Collar","alterego_mod:Birthday+1","All Out Attack","Blur","ruina:Smile","Pot Of Greed","Pot Of Greed","Pot Of Greed","alterego_mod:Lingerie","alterego_mod:Venus+1","alterego_mod:GoddessCore+1","hubris:Despair","alterego_mod:GIGAMILK+1","alterego_mod:Cooking+1","alterego_mod:Punishment+1","alterego_mod:HighServant+1","alterego_mod:Schoolgirl+1","alterego_mod:BeGentle+1","alterego_mod:IdEs"],"relics":["alterego_mod:MasochisticConstitution","REME:ComplimentaryCards","NeowsBlessing","hubris:Towel","War Paint","Gensokyo:OccultBall","Simple Rune","CaptainsWheel","Akabeko","Happy Flower","reliquary:Buckler","hubris:RunicObelisk","ReplayTheSpireMod:TigerMarble","Bronze Scales","Grinning Jar","reliquary:WritOfMandamus","ReplayTheSpireMod:CursedCoin","Shuriken","CatCart","wanderingMiniBosses:LockLocket","Bag of Marbles","Replay:Towering Pillar of Hats","Quantum Egg"],"acts_visited":["Gensokyo:Gensokyo","ruina:Briah","TheBeyond"],"potions_floor_usage":[50],"damage_taken":[{"damage":0.0,"enemies":"Gensokyo:Gryphon","floor":1.0,"turns":1.0},{"damage":0.0,"enemies":"Gensokyo:2_Kodama","floor":4.0,"turns":1.0},{"damage":0.0,"enemies":"Gensokyo:Python","floor":5.0,"turns":1.0},{"damage":25.0,"enemies":"Gensokyo:Cirno","floor":6.0,"turns":6.0},{"damage":8.0,"enemies":"Gensokyo:Mamizou","floor":8.0,"turns":5.0},{"damage":19.0,"enemies":"Gensokyo:Aya","floor":10.0,"turns":4.0},{"damage":5.0,"enemies":"Gensokyo:Cirno","floor":12.0,"turns":6.0},{"damage":0.0,"enemies":"Gensokyo:2_Rabbits","floor":14.0,"turns":3.0},{"damage":2.0,"enemies":"Gensokyo:Reimu","floor":16.0,"turns":5.0},{"damage":18.0,"enemies":"ruina:Nosferatu","floor":18.0,"turns":5.0},{"damage":10.0,"enemies":"ruina:2_Scarecrows","floor":19.0,"turns":3.0},{"damage":6.0,"enemies":"ruina:QueenOfHate","floor":22.0,"turns":4.0},{"damage":0.0,"enemies":"ruina:RoadHome","floor":24.0,"turns":3.0},{"damage":47.0,"enemies":"ruina:Mountain","floor":28.0,"turns":8.0},{"damage":3.0,"enemies":"ruina:Nos_and_Bat","floor":31.0,"turns":2.0},{"damage":12.0,"enemies":"ruina:Ozma","floor":33.0,"turns":6.0},{"damage":13.0,"enemies":"Orb Walker","floor":35.0,"turns":2.0},{"damage":40.0,"enemies":"Orin","floor":38.0,"turns":6.0},{"damage":0.0,"enemies":"R_Hoarder","floor":40.0,"turns":4.0},{"damage":31.0,"enemies":"Nemesis","floor":42.0,"turns":5.0},{"damage":14,"enemies":"3 Darklings","floor":44,"turns":2},{"damage":0,"enemies":"R_Hoarder","floor":47,"turns":2},{"damage":0,"enemies":"Jaw Worm Horde","floor":48,"turns":2},{"damage":28,"enemies":"hubris:GrandSnecko","floor":50,"turns":5}],"seed_played":"1479644612860668752","potions_obtained":[{"floor":5.0,"key":"SneckoOil"},{"floor":12.0,"key":"EssenceOfSteel"},{"floor":14.0,"key":"Dexterity Potion"},{"floor":16.0,"key":"LiquidBronze"},{"floor":18.0,"key":"LifebloodPotion"},{"floor":28.0,"key":"Fire Potion"},{"floor":35.0,"key":"Adrenaline Potion"},{"floor":39.0,"key":"CultistPotion"},{"floor":40.0,"key":"Explosive Potion"}],"is_trial":false,"path_per_floor":["M","?","?","M","M","E","?","E","T","E","$","E","T","M","R","B",null,"M","M","?","$","M","R","E","R","T","$","E","?","R","M","R","B",null,"M","?","$","?","?","E","R","E","T","M","?","?","E","M","R","B",null],"character_chosen":"The_Alterego","items_purchased":["Finesse","ruina:Smile","ReplayTheSpireMod:CursedCoin","Shuriken"],"campfire_rested":0,"item_purchase_floors":[11,21,37,37],"current_hp_per_floor":[70,70,70,70,70,46,46,39,39,21,21,17,17,24,24,44,75,65,63,63,63,61,61,64,64,64,64,21,21,21,22,22,14,81,69,69,69,61,61,68,68,45,45,35,35,35,50,54,54,34],"gold":701,"neow_bonus":"THREE_ENEMY_KILL","is_daily":false,"chose_seed":false,"campfire_upgraded":7,"win_rate":0.0,"timestamp":1614428931,"path_taken":["M","?","?","?","M","E","?","E","T","E","?","E","?","M","R","BOSS","M","M","?","$","?","R","E","R","T","?","E","?","R","?","R","BOSS","M","?","$","?","?","E","R","E","T","?","?","?","E","M","R","BOSS"],"items_purchased_type":["Card","Card","Relic","Relic"],"build_version":"2020-12-22","purchased_purges":1,"victory":true,"max_hp_per_floor":[70,70,70,70,70,71,71,72,72,73,73,74,74,74,74,75,75,76,77,77,77,78,78,78,78,78,78,79,79,79,80,80,81,81,82,82,82,83,83,83,83,84,84,85,85,85,89,89,89,90],"card_choices":[{"not_picked":["alterego_mod:Table","alterego_mod:Undulate"],"picked":"alterego_mod:1TonWallop","floor":1.0},{"not_picked":["alterego_mod:MaintainEyeContact","alterego_mod:Belle"],"picked":"alterego_mod:1TonWallop","floor":4.0},{"not_picked":["alterego_mod:MagicResistance","alterego_mod:TrashNCrash"],"picked":"alterego_mod:Pet","floor":5.0},{"not_picked":["alterego_mod:DiscoLights","alterego_mod:Skirt"],"picked":"alterego_mod:BreastValley","floor":6.0},{"not_picked":["alterego_mod:RocketPunch","alterego_mod:Skirt"],"picked":"alterego_mod:Nekomimi","floor":8.0},{"not_picked":["alterego_mod:PurpleHair","alterego_mod:TrashNCrash"],"picked":"alterego_mod:SakuraLabyrinth","floor":10.0},{"not_picked":["alterego_mod:Clap","alterego_mod:Punishment"],"picked":"alterego_mod:Lift","floor":12.0},{"not_picked":["alterego_mod:PerceptionDisorder","alterego_mod:Rip"],"picked":"alterego_mod:DeftHands","floor":14.0},{"not_picked":["alterego_mod:STier","alterego_mod:Lift"],"picked":"alterego_mod:Palingenesis","floor":16.0},{"not_picked":["alterego_mod:Cooking","alterego_mod:HighServant"],"picked":"alterego_mod:Collar","floor":18.0},{"not_picked":["alterego_mod:GachaTicket","alterego_mod:Punishment"],"picked":"alterego_mod:Birthday+1","floor":19.0},{"not_picked":["alterego_mod:Jiggle","alterego_mod:Skirt","alterego_mod:1TonWallop"],"picked":"SKIP","floor":22.0},{"not_picked":["alterego_mod:Mirror","alterego_mod:BiFurious","alterego_mod:HighServant"],"picked":"SKIP","floor":24.0},{"not_picked":["alterego_mod:BreastValley","alterego_mod:Complex"],"picked":"alterego_mod:BiFurious","floor":28.0},{"not_picked":["alterego_mod:IndependentAction","alterego_mod:Belts"],"picked":"alterego_mod:Lingerie","floor":31.0},{"not_picked":["alterego_mod:Valkyrie","alterego_mod:RingBreak"],"picked":"alterego_mod:Venus","floor":33.0},{"not_picked":["alterego_mod:RocketPunch","alterego_mod:RidiculouslyBig"],"picked":"alterego_mod:GoddessCore+1","floor":35.0},{"not_picked":["alterego_mod:Valentines","alterego_mod:Schoolgirl"],"picked":"alterego_mod:GIGAMILK","floor":38.0},{"not_picked":["alterego_mod:Bounce+1","alterego_mod:HighServant"],"picked":"alterego_mod:Cooking+1","floor":39.0},{"not_picked":["alterego_mod:Exercise+1","alterego_mod:Swimsuit+1"],"picked":"alterego_mod:Punishment+1","floor":40.0},{"not_picked":["alterego_mod:MagicResistance","alterego_mod:Mirror"],"picked":"alterego_mod:HighServant+1","floor":42.0},{"not_picked":["alterego_mod:BiFurious","alterego_mod:AlterEgo"],"picked":"alterego_mod:Schoolgirl+1","floor":44},{"not_picked":["alterego_mod:PerceptionDisorder+1","alterego_mod:Collar"],"picked":"alterego_mod:BeGentle+1","floor":47},{"not_picked":["alterego_mod:PerceptionDisorder","alterego_mod:DiscoLights+1"],"picked":"alterego_mod:IdEs","floor":48}],"player_experience":562656,"relics_obtained":[{"floor":6.0,"key":"War Paint"},{"floor":8.0,"key":"Simple Rune"},{"floor":9.0,"key":"CaptainsWheel"},{"floor":10.0,"key":"Akabeko"},{"floor":12.0,"key":"Happy Flower"},{"floor":13.0,"key":"reliquary:Buckler"},{"floor":16.0,"key":"Gensokyo:OccultBall"},{"floor":24.0,"key":"ReplayTheSpireMod:TigerMarble"},{"floor":26.0,"key":"Bronze Scales"},{"floor":28.0,"key":"Grinning Jar"},{"floor":33.0,"key":"Gensokyo:OccultBall"},{"floor":35.0,"key":"Gensokyo:OccultBall"},{"floor":38.0,"key":"CatCart"},{"floor":38.0,"key":"wanderingMiniBosses:LockLocket"},{"floor":40.0,"key":"Gensokyo:OccultBall"},{"floor":40.0,"key":"Bag of Marbles"},{"floor":42.0,"key":"Replay:Towering Pillar of Hats"},{"floor":47,"key":"Quantum Egg"}],"event_choices":[{"damage_healed":0.0,"max_hp_gain":0.0,"max_hp_loss":0.0,"gold_gain":0.0,"event_name":"OrinTheCat","player_choice":"Fight","floor":38.0,"gold_loss":0.0,"damage_taken":0.0},{"damage_healed":0,"gold_gain":0,"player_choice":"Ignored","damage_taken":0,"max_hp_gain":0,"max_hp_loss":0,"event_name":"Tomb of Lord Red Mask","floor":45,"gold_loss":0},{"cards_removed":["alterego_mod:BiFurious"],"damage_healed":0,"gold_gain":0,"player_choice":"Removed Attack","damage_taken":0,"max_hp_gain":0,"max_hp_loss":0,"event_name":"Falling","floor":46,"gold_loss":0}],"is_beta":false,"boss_relics":[{"not_picked":["aspiration:PoetsPen_weak","hubris:CrackedHourglass"],"picked":"hubris:RunicObelisk"},{"not_picked":["aspiration:RunicSpoon","Pandora\u0027s Box"],"picked":"reliquary:WritOfMandamus"}],"items_purged_floors":[11],"is_endless":false,"potions_floor_spawned":[5,12,14,16,18,22,24,28,35,40,47],"ascension_level":1}}