{"host":"kzw87w9fb0mudblt","time":1614435326,"event":{"mods":["BaseMod","Colored Map","Minty Spire (QoL Compilation)","Replay The Spire","StSLib","SuperFastMode"],"gold_per_floor":[119,119,132,132,150,179,179,200,280,280,280,299,311,269,269,269,269],"floor_reached":16,"language":"ENG","playtime":1023,"items_purged":[],"score":105,"play_id":"4ebbc8ec-6b21-4bbf-8eea-3ef9cd39da5d","local_time":"20210227151526","is_ascension_mode":true,"campfire_choices":[{"data":"ReplayTheSpireMod:Necrosis","floor":7,"key":"SMITH"},{"floor":11,"key":"REST"},{"floor":15,"key":"REST"}],"circlet_count":0,"master_deck":["Strike_G","Strike_G","Strike_G","Strike_G","Defend_G","Defend_G","Defend_G","Defend_G","Survivor","Neutralize","Poisoned Stab+1","Acrobatics","ReplayTheSpireMod:Necrosis+1","Deadly Poison"],"relics":["Ring of the Snake","NeowsBlessing","Pet Ghost","Odd Mushroom","Replay:Bottled Snecko"],"acts_visited":["Exordium"],"potions_floor_usage":[16],"damage_taken":[{"damage":0,"enemies":"Small Slimes","floor":1,"turns":1},{"damage":0,"enemies":"Jaw Worm","floor":3,"turns":1},{"damage":0,"enemies":"Cultist","floor":5,"turns":1},{"damage":25,"enemies":"Lagavulin","floor":6,"turns":7},{"damage":26,"enemies":"The Mushroom Lair","floor":8,"turns":6},{"damage":8,"enemies":"Exordium Wildlife","floor":12,"turns":3},{"damage":0,"enemies":"2 Fungi Beasts","floor":13,"turns":2},{"damage":49,"enemies":"The Guardian","floor":16,"turns":10}],"seed_played":"2043247927701520028","potions_obtained":[{"floor":6,"key":"Milkshake"},{"floor":13,"key":"Block Potion"}],"is_trial":false,"path_per_floor":["M","?","M","?","M","E","R","?","T","?","R","M","M","?","R","B"],"character_chosen":"THE_SILENT","items_purchased":[],"campfire_rested":2,"item_purchase_floors":[],"current_hp_per_floor":[70,63,63,63,63,38,38,12,12,12,33,25,25,25,46,0,0],"gold":269,"neow_bonus":"THREE_ENEMY_KILL","is_daily":false,"chose_seed":false,"campfire_upgraded":1,"win_rate":0.0,"timestamp":1614435326,"path_taken":["M","?","M","?","?","E","R","?","T","?","R","M","M","?","R","BOSS"],"items_purchased_type":[],"build_version":"2020-12-22","purchased_purges":0,"victory":false,"max_hp_per_floor":[70,70,70,70,70,70,70,70,70,70,70,70,70,70,70,70,70],"card_choices":[{"not_picked":["Quick Slash","PiercingWail"],"picked":"Poisoned Stab","floor":1},{"not_picked":["Eviscerate","Slice","Blade Dance"],"picked":"SKIP","floor":3},{"not_picked":["ReplayTheSpireMod:Scrap Shanks","Outmaneuver"],"picked":"Acrobatics","floor":5},{"not_picked":["ReplayTheSpireMod:The Works","Backstab"],"picked":"ReplayTheSpireMod:Necrosis","floor":6},{"not_picked":["Sucker Punch","Bane"],"picked":"Deadly Poison","floor":8},{"not_picked":["Blade Dance","Hidden Blade","Slice"],"picked":"SKIP","floor":12},{"not_picked":["Underhanded Strike","Doppelganger","Acrobatics"],"picked":"SKIP","floor":13}],"player_experience":49246,"relics_obtained":[{"floor":6,"key":"Pet Ghost"},{"floor":8,"key":"Odd Mushroom"},{"floor":9,"key":"Replay:Bottled Snecko"}],"event_choices":[{"cards_removed":["Strike_G"],"damage_healed":0,"gold_gain":0,"player_choice":"Card Removal","damage_taken":7,"max_hp_gain":0,"max_hp_loss":0,"event_name":"Golden Wing","floor":2,"gold_loss":0},{"damage_healed":0,"gold_gain":0,"player_choice":"Forge","damage_taken":0,"max_hp_gain":0,"max_hp_loss":0,"event_name":"Accursed Blacksmith","floor":4,"gold_loss":0,"cards_upgraded":["Poisoned Stab"]},{"damage_healed":0,"gold_gain":0,"player_choice":"Fought Mushrooms","damage_taken":0,"max_hp_gain":0,"max_hp_loss":0,"event_name":"Mushrooms","floor":8,"gold_loss":0},{"damage_healed":0,"gold_gain":0,"player_choice":"Left Gold","damage_taken":0,"max_hp_gain":0,"max_hp_loss":0,"event_name":"World of Goop","floor":14,"gold_loss":42}],"is_beta":false,"boss_relics":[],"items_purged_floors":[],"is_endless":false,"potions_floor_spawned":[6,13],"killed_by":"The Guardian","ascension_level":1}}