{"host":"dbkc9h3etq50r1dq","time":1614450769,"event":{"mods":["100% Spire Juice","AchievementEnabler","BaseMod","Block Reminder","Colored Powertips","Curses Come First","Dark Map","Highlight Path","Keyboard Shortcuts","Minty Spire (QoL Compilation)","Permanent Neow","Potion Indicator Mod","Random Character Button","Rare Cards Sparkle","StSLib","SuperFastMode","Weighted Paths"],"gold_per_floor":[117,132,12,31,55,55,70,105,105,105,105,105,105,118,118,246,246,265,285,285,304,323,362,362,393,420,456,56,56,71,85,85,209,209,230,230,251,275,0,0,41,41,68,83,103,137,137,171,171,171],"floor_reached":51,"language":"ZHS","playtime":2242,"items_purged":["Moonworks:WeAreWaruda","Moonworks:LongDistanceShot"],"score":1228,"play_id":"5f291c1c-0728-484e-b9e8-df3b03e2a2ec","local_time":"20210228023249","is_ascension_mode":true,"campfire_choices":[{"floor":6.0,"key":"REST"},{"data":"Moonworks:SweetBattle","floor":10.0,"key":"SMITH"},{"data":"Moonworks:TacticalRetreat","floor":12.0,"key":"SMITH"},{"data":"Moonworks:Ambush","floor":15.0,"key":"SMITH"},{"data":"Moonworks:AnotherUltimateWeapon","floor":24.0,"key":"SMITH"},{"floor":29,"key":"REST"},{"data":"Moonworks:SealedMemories","floor":32,"key":"SMITH"},{"data":"Moonworks:SubspaceTunnel","floor":40,"key":"SMITH"},{"data":"Moonworks:UnpaidWork","floor":47,"key":"SMITH"},{"data":"Moonworks:ImOnFire","floor":49,"key":"SMITH"}],"circlet_count":0,"master_deck":["Moonworks:Ambush+1","Moonworks:Dinner","Moonworks:IndiscriminateFireSupport","Moonworks:NicePresent","Moonworks:SweetBattle+1","Moonworks:TacticalRetreat+1","Moonworks:LuckyCharm","Moonworks:Dinner","Moonworks:SubspaceTunnel+1","Moonworks:TreasureThief","Moonworks:SealedMemories+1","Moonworks:AnotherUltimateWeapon+1","Moonworks:ImOnFire+1","Moonworks:ImmovableObject","Moonworks:SakisCookie+1","Moonworks:SealedMemories+1","Moonworks:ShieldCounter","Moonworks:UnpaidWork+1","Moonworks:SakisCookie","Moonworks:AnotherUltimateWeapon+1","Moonworks:GoAway"],"relics":["Moonworks:BrokenBomb","Moonworks:Homemark","Golden Idol","Bag of Marbles","Ornamental Fan","Question Card","Pandora\u0027s Box","MutagenicStrength","Happy Flower","TungstenRod","MawBank","SlaversCollar","Letter Opener","Blood Vial","Lantern","Centennial Puzzle"],"acts_visited":["Exordium","TheCity","TheBeyond"],"potions_floor_usage":[27,27,30,31,33,33,33,41,44,44,44,50],"damage_taken":[{"damage":1.0,"enemies":"2 Louse","floor":1.0,"turns":3.0},{"damage":5.0,"enemies":"Small Slimes","floor":2.0,"turns":4.0},{"damage":1.0,"enemies":"Jaw Worm","floor":4.0,"turns":5.0},{"damage":7.0,"enemies":"Blue Slaver","floor":5.0,"turns":7.0},{"damage":0.0,"enemies":"Lots of Slimes","floor":7.0,"turns":1.0},{"damage":0.0,"enemies":"Gremlin Nob","floor":8.0,"turns":3.0},{"damage":14.0,"enemies":"Exordium Thugs","floor":14.0,"turns":2.0},{"damage":45.0,"enemies":"Hexaghost","floor":16.0,"turns":11.0},{"damage":2.0,"enemies":"2 Thieves","floor":18.0,"turns":4.0},{"damage":6.0,"enemies":"Shell Parasite","floor":19.0,"turns":5.0},{"damage":3.0,"enemies":"Shelled Parasite and Fungi","floor":21.0,"turns":4.0},{"damage":0.0,"enemies":"Snecko","floor":22.0,"turns":4.0},{"damage":14.0,"enemies":"Slavers","floor":23.0,"turns":3.0},{"damage":44.0,"enemies":"Gremlin Leader","floor":25.0,"turns":6.0},{"damage":9,"enemies":"Snake Plant","floor":27,"turns":3},{"damage":0,"enemies":"Centurion and Healer","floor":30,"turns":5},{"damage":0,"enemies":"Shelled Parasite and Fungi","floor":31,"turns":4},{"damage":8,"enemies":"Automaton","floor":33,"turns":8},{"damage":4,"enemies":"3 Darklings","floor":35,"turns":6},{"damage":13,"enemies":"Orb Walker","floor":37,"turns":5},{"damage":2,"enemies":"4 Shapes","floor":38,"turns":2},{"damage":0,"enemies":"Reptomancer","floor":41,"turns":4},{"damage":3,"enemies":"Spire Growth","floor":44,"turns":5},{"damage":0,"enemies":"Jaw Worm Horde","floor":45,"turns":2},{"damage":0,"enemies":"Giant Head","floor":46,"turns":6},{"damage":0,"enemies":"Nemesis","floor":48,"turns":6},{"damage":0,"enemies":"Awakened One","floor":50,"turns":7}],"seed_played":"-1304270403294471782","potions_obtained":[{"floor":1.0,"key":"Fire Potion"},{"floor":4.0,"key":"DuplicationPotion"},{"floor":5.0,"key":"Strength Potion"},{"floor":18.0,"key":"Swift Potion"},{"floor":19.0,"key":"LiquidMemories"},{"floor":23.0,"key":"CultistPotion"},{"floor":25.0,"key":"ColorlessPotion"},{"floor":33,"key":"Weak Potion"},{"floor":35,"key":"DistilledChaos"},{"floor":41,"key":"GamblersBrew"},{"floor":45,"key":"Energy Potion"}],"is_trial":false,"path_per_floor":["M","M","?","M","M","R","M","E","T","R","$","R","?","M","R","B",null,"M","M","?","M","M","E","R","E","T","M","$","R","M","M","R","B",null,"M","?","M","M","$","R","E","?","T","M","M","E","R","E","R","B",null],"character_chosen":"THE_STARBREAKER","items_purchased":["EntropicBrew"],"campfire_rested":2,"item_purchase_floors":[28],"current_hp_per_floor":[38,38,38,40,38,54,54,54,54,54,54,54,51,37,37,15,46,49,52,52,52,56,42,42,7,7,6,6,22,31,40,40,56,56,56,56,43,41,41,41,52,52,52,56,56,56,56,56,56,56],"gold":171,"neow_bonus":"REMOVE_TWO","is_daily":false,"chose_seed":false,"campfire_upgraded":8,"win_rate":0.0,"timestamp":1614450769,"path_taken":["M","M","?","M","M","R","M","E","T","R","$","R","?","M","R","BOSS","M","M","?","M","M","E","R","E","T","M","$","R","M","M","R","BOSS","M","?","M","M","$","R","E","?","T","?","M","E","R","E","R","BOSS"],"items_purchased_type":["Potion"],"build_version":"2020-12-22","purchased_purges":2,"victory":true,"max_hp_per_floor":[60,60,56,56,56,56,56,56,56,56,56,56,56,56,56,56,56,56,56,56,56,56,56,56,56,56,56,56,56,56,56,56,56,56,56,56,56,56,56,56,56,56,56,56,56,56,56,56,56,56],"card_choices":[{"not_picked":["Moonworks:AngelHand","Moonworks:Assault"],"picked":"Moonworks:Dinner","floor":1.0},{"not_picked":["Moonworks:TreasureThief","Moonworks:DeployBits"],"picked":"Moonworks:IndiscriminateFireSupport","floor":2.0},{"not_picked":["Moonworks:EvilSpyWorkPreparation","Moonworks:SakisCookie"],"picked":"Moonworks:NicePresent","floor":4.0},{"not_picked":["Moonworks:EvilSpyWorkPreparation","Moonworks:StiffCrystal"],"picked":"Moonworks:SweetBattle","floor":5.0},{"not_picked":["Moonworks:CloudOfSeagulls","Moonworks:BindingChains"],"picked":"Moonworks:TacticalRetreat","floor":7.0},{"not_picked":["Moonworks:StiffCrystal","Moonworks:IndiscriminateFireSupport"],"picked":"Moonworks:LuckyCharm","floor":8.0},{"not_picked":["Moonworks:MixPhenomenon","Moonworks:LulusLuckyEgg","Moonworks:Gamble"],"picked":"Moonworks:Dinner","floor":14.0},{"not_picked":["Moonworks:ShieldCounter","Moonworks:EvilMastermind","Moonworks:StarBlastingFuse"],"picked":"Moonworks:SubspaceTunnel","floor":16.0},{"not_picked":["Moonworks:Heat300Percent","Moonworks:DevilHand","Moonworks:IndiscriminateFireSupport","Moonworks:CloudOfSeagulls+1"],"picked":"SKIP","floor":18.0},{"not_picked":["Moonworks:CloudOfSeagulls","Moonworks:ScrambledEve","Moonworks:x16BigRocket+1"],"picked":"Moonworks:SakisCookie+1","floor":19.0},{"not_picked":["Moonworks:LulusLuckyEgg+1","Moonworks:MixPhenomenon+1","Moonworks:WindyEnchantment","Moonworks:CookingTime"],"picked":"SKIP","floor":21.0},{"not_picked":["Moonworks:BigBangBell","Moonworks:ReproductionOfRecords","Moonworks:BigMagnum","Moonworks:IndiscriminateFireSupport"],"picked":"SKIP","floor":22.0},{"not_picked":["Moonworks:IndiscriminateFireSupport+1","Moonworks:JonathanRush","Moonworks:EvilSpyWorkPreparation"],"picked":"Moonworks:SealedMemories+1","floor":23.0},{"not_picked":["Moonworks:AwakeningOfTalent","Moonworks:JonathanRush+1","Moonworks:ScrambledEve","Moonworks:BigBangBell"],"picked":"SKIP","floor":25.0},{"not_picked":["Moonworks:Assault","Moonworks:IndiscriminateFireSupport","Moonworks:CloudOfSeagulls","Moonworks:ImOnFire+1"],"picked":"SKIP","floor":27},{"not_picked":["Moonworks:Assault","Moonworks:JonathanRush","Moonworks:LulusLuckyEgg","Moonworks:MiracleWalker"],"picked":"SKIP","floor":30},{"not_picked":["Moonworks:NicePresent","Moonworks:Assault","Moonworks:IndiscriminateFireSupport","Moonworks:JonathanRush+1"],"picked":"SKIP","floor":31},{"not_picked":["Moonworks:ReflectiveShell","Moonworks:MetallicMonocoque","Moonworks:Accelerator"],"picked":"Moonworks:ShieldCounter","floor":33},{"not_picked":["Moonworks:IndiscriminateFireSupport","Moonworks:SweetBattle","Moonworks:Dinner"],"picked":"Moonworks:UnpaidWork","floor":35},{"not_picked":["Moonworks:NicePresent+1","Moonworks:ImOnFire","Moonworks:JonathanRush+1","Moonworks:ReproductionOfRecords+1"],"picked":"SKIP","floor":37},{"not_picked":["Moonworks:NicePresent+1","Moonworks:SakisCookie","Moonworks:BigMagnum","Moonworks:SweetBattle+1"],"picked":"SKIP","floor":38},{"not_picked":["Moonworks:EvilSpyWorkPreparation","Moonworks:DeployBits","Moonworks:BigMagnum+1"],"picked":"Moonworks:SakisCookie","floor":41},{"not_picked":["Moonworks:LulusLuckyEgg+1","Moonworks:IndiscriminateFireSupport","Moonworks:CloudOfSeagulls+1"],"picked":"Moonworks:GoAway","floor":44},{"not_picked":["Moonworks:FullSpeedAlicianrone","Moonworks:IndiscriminateFireSupport+1","Moonworks:Assault+1","Moonworks:EvilSpyWorkPreparation+1"],"picked":"SKIP","floor":45},{"not_picked":["Moonworks:SweetBattle+1","Moonworks:EvilSpyWorkPreparation+1","Moonworks:ImOnFire","Moonworks:BigMagnum+1"],"picked":"SKIP","floor":46},{"not_picked":["Moonworks:WindyEnchantment+1","Moonworks:ImOnFire+1","Moonworks:BigMagnum","Moonworks:OutOfAmmo"],"picked":"SKIP","floor":48}],"player_experience":212681,"relics_obtained":[{"floor":8.0,"key":"Bag of Marbles"},{"floor":9.0,"key":"Ornamental Fan"},{"floor":23.0,"key":"Happy Flower"},{"floor":25.0,"key":"TungstenRod"},{"floor":26.0,"key":"MawBank"},{"floor":41,"key":"Letter Opener"},{"floor":43,"key":"Blood Vial"},{"floor":46,"key":"Lantern"},{"floor":48,"key":"Centennial Puzzle"}],"event_choices":[{"damage_healed":0.0,"max_hp_gain":0.0,"max_hp_loss":4.0,"gold_gain":0.0,"event_name":"Golden Idol","player_choice":"Lose Max HP","floor":3.0,"gold_loss":0.0,"damage_taken":0.0,"relics_obtained":["Golden Idol"]},{"damage_healed":0.0,"max_hp_gain":0.0,"max_hp_loss":0.0,"gold_gain":0.0,"event_name":"Scrap Ooze","player_choice":"Success","floor":13.0,"gold_loss":0.0,"damage_taken":3.0,"relics_obtained":["Question Card"]},{"damage_healed":0.0,"max_hp_gain":0.0,"max_hp_loss":0.0,"gold_gain":0.0,"event_name":"Drug Dealer","player_choice":"Inject Mutagens","floor":20.0,"gold_loss":0.0,"damage_taken":0.0,"relics_obtained":["MutagenicStrength"]},{"damage_healed":0,"gold_gain":0,"player_choice":"Ignored","damage_taken":0,"max_hp_gain":0,"max_hp_loss":0,"event_name":"Tomb of Lord Red Mask","floor":36,"gold_loss":0},{"damage_healed":0,"gold_gain":0,"player_choice":"Copied","damage_taken":0,"max_hp_gain":0,"max_hp_loss":0,"event_name":"Duplicator","floor":42,"gold_loss":0,"cards_obtained":["Moonworks:AnotherUltimateWeapon"]}],"is_beta":false,"boss_relics":[{"not_picked":["Fusion Hammer","Tiny House"],"picked":"Pandora\u0027s Box"},{"not_picked":["Cursed Key","Sozu"],"picked":"SlaversCollar"}],"items_purged_floors":[28,39],"is_endless":false,"potions_floor_spawned":[1,4,5,18,19,23,25,33,35,37,41,45],"ascension_level":6}}