{"host":"4lch21uqe3ag08cj","time":1614394337,"event":{"mods":["AchievementEnabler","BaseMod","Block Reminder","Colored Map","Colored Powertips","Minty Spire (QoL Compilation)","Permanent Neow","Relic Stats"],"gold_per_floor":[117,172,172,183,32,32,58,69,69,102,118,137,166,178,178,273,273,286,306,80,100,100,132,132,157,157,174,174,205,205,220,220,319,319,334,334,352,372,2,2,34,34,34,65,91,110,139,0,0,0,0,0,0,27,27],"floor_reached":56,"language":"ENG","playtime":3540,"items_purged":[],"score":2050,"play_id":"4418dc5e-9bc1-4b6c-92d0-e09d0ffe3c8f","local_time":"20210226235217","is_ascension_mode":true,"campfire_choices":[{"data":"Vault","floor":6.0,"key":"SMITH"},{"data":"MentalFortress","floor":15.0,"key":"SMITH"},{"floor":24.0,"key":"REST"},{"data":"LessonLearned","floor":30.0,"key":"SMITH"},{"floor":32.0,"key":"RECALL"},{"data":"TalkToTheHand","floor":40,"key":"SMITH"},{"floor":49,"key":"REST"},{"floor":52,"key":"REST"}],"circlet_count":0,"master_deck":["Eruption+1","Vigilance+1","CarveReality+1","Vault+1","FollowUp+1","Vault+1","Wireheading+1","CutThroughFate+1","LessonLearned+1","Tantrum+1","EmptyBody+1","CutThroughFate+1","MentalFortress+1","Tantrum+1","CarveReality+1","Perseverance+1","InnerPeace+1","EmptyFist+1","MentalFortress+1","FearNoEvil+1","Adaptation+1","Adaptation+1","Omniscience+1","MentalFortress+1","TalkToTheHand+1","FlurryOfBlows+1","Vault+1","Indignation+1","Omniscience"],"relics":["Astrolabe","Sundial","Bottled Lightning","Mummified Hand","Blue Candle","White Beast Statue","Pandora\u0027s Box","Toolbox","Tiny Chest","HornCleat","Art of War","Smiling Mask","VioletLotus","CloakClasp","Vajra","MealTicket","Dream Catcher","Bottled Flame","Red Mask","Blood Vial"],"acts_visited":["Exordium","TheCity","TheBeyond","TheEnding"],"potions_floor_usage":[55,55,55,55,55,55],"damage_taken":[{"damage":4.0,"enemies":"Small Slimes","floor":1.0,"turns":3.0},{"damage":0.0,"enemies":"Jaw Worm","floor":4.0,"turns":1.0},{"damage":12.0,"enemies":"Lagavulin","floor":7.0,"turns":4.0},{"damage":0.0,"enemies":"2 Louse","floor":8.0,"turns":2.0},{"damage":0.0,"enemies":"Gremlin Nob","floor":10.0,"turns":4.0},{"damage":8.0,"enemies":"Blue Slaver","floor":11.0,"turns":4.0},{"damage":0.0,"enemies":"3 Louse","floor":12.0,"turns":2.0},{"damage":2.0,"enemies":"3 Sentries","floor":13.0,"turns":6.0},{"damage":5.0,"enemies":"Large Slime","floor":14.0,"turns":3.0},{"damage":0.0,"enemies":"Slime Boss","floor":16.0,"turns":7.0},{"damage":1.0,"enemies":"3 Byrds","floor":18.0,"turns":4.0},{"damage":4.0,"enemies":"Spheric Guardian","floor":19.0,"turns":5.0},{"damage":6.0,"enemies":"Shelled Parasite and Fungi","floor":21.0,"turns":4.0},{"damage":7.0,"enemies":"Gremlin Leader","floor":23.0,"turns":6.0},{"damage":0.0,"enemies":"Book of Stabbing","floor":25.0,"turns":6.0},{"damage":0.0,"enemies":"Snake Plant","floor":27.0,"turns":2.0},{"damage":0.0,"enemies":"Gremlin Leader","floor":29.0,"turns":5.0},{"damage":0.0,"enemies":"Centurion and Healer","floor":31.0,"turns":4.0},{"damage":0.0,"enemies":"Champ","floor":33.0,"turns":7.0},{"damage":0,"enemies":"3 Darklings","floor":35,"turns":3},{"damage":0,"enemies":"Orb Walker","floor":37,"turns":5},{"damage":0,"enemies":"Jaw Worm Horde","floor":38,"turns":4},{"damage":0,"enemies":"Nemesis","floor":41,"turns":4},{"damage":0,"enemies":"Giant Head","floor":44,"turns":5},{"damage":0,"enemies":"4 Shapes","floor":46,"turns":3},{"damage":0,"enemies":"Reptomancer","floor":47,"turns":3},{"damage":0,"enemies":"Donu and Deca","floor":50,"turns":4},{"damage":0,"enemies":"Shield and Spear","floor":54,"turns":3},{"damage":3,"enemies":"The Heart","floor":55,"turns":6}],"seed_played":"-2131572397061285264","potions_obtained":[{"floor":4.0,"key":"Weak Potion"},{"floor":7.0,"key":"BlessingOfTheForge"},{"floor":10.0,"key":"BlessingOfTheForge"},{"floor":12.0,"key":"Fire Potion"},{"floor":14.0,"key":"Weak Potion"},{"floor":16.0,"key":"Ancient Potion"},{"floor":19.0,"key":"PowerPotion"},{"floor":21.0,"key":"EntropicBrew"},{"floor":23.0,"key":"EntropicBrew"},{"floor":33.0,"key":"EssenceOfSteel"},{"floor":37,"key":"Regen Potion"},{"floor":41,"key":"LiquidMemories"},{"floor":54,"key":"Strength Potion"}],"is_trial":false,"path_per_floor":["M","?","?","M","$","R","E","M","T","E","M","M","E","M","R","B",null,"M","M","$","M","?","E","R","E","T","M","?","E","R","M","R","B",null,"M","?","M","M","$","R","E","?","T","E","T","M","E","?","R","B",null,"R","$","E","B",null],"character_chosen":"WATCHER","items_purchased":["Vault","Wireheading","Adaptation","Toolbox","TalkToTheHand","CloakClasp"],"campfire_rested":3,"item_purchase_floors":[5,5,20,20,39,39],"current_hp_per_floor":[61,61,54,54,54,54,42,42,42,42,34,34,32,27,27,27,61,60,56,56,50,50,43,64,64,64,64,64,64,64,64,64,64,70,70,68,68,68,68,68,68,68,68,68,68,68,68,68,68,68,68,68,68,68,65],"gold":27,"neow_bonus":"BOSS_RELIC","is_daily":false,"chose_seed":false,"campfire_upgraded":4,"win_rate":0.0,"timestamp":1614394337,"path_taken":["M","?","?","M","$","R","E","M","T","E","M","M","E","?","R","BOSS","M","M","$","M","?","E","R","E","T","M","?","E","R","M","R","BOSS","BOSS","M","?","M","M","$","R","E","?","T","E","?","M","E","?","R","BOSS","R","$","E","BOSS"],"items_purchased_type":["Card","Card","Card","Relic","Card","Relic"],"build_version":"2020-12-22","purchased_purges":0,"victory":true,"max_hp_per_floor":[72,72,72,72,72,72,72,72,72,72,72,72,72,72,72,72,72,72,72,72,72,72,72,72,72,72,72,72,72,72,72,72,72,72,72,68,68,68,68,68,68,68,68,68,68,68,68,68,68,68,68,68,68,68,68],"relic_stats":{"counters":[29,119],"Astrolabe":["CarveReality","Vault","FollowUp"],"Blue Candle":[0],"CloakClasp":[61],"Smiling Mask":0,"Blood Vial":0,"Dream Catcher":2,"Sundial":[18],"Mummified Hand":[117],"Pandora\u0027s Box":["CarveReality","Perseverance","InnerPeace","EmptyFist","Judgement"],"Tiny Chest":1,"MealTicket":0,"VioletLotus":[24],"Art of War":[8],"obtain_stats":[{"Astrolabe":0,"Blue Candle":10,"Vajra":41,"CloakClasp":39,"Smiling Mask":29,"White Beast Statue":13,"Blood Vial":54,"Dream Catcher":45,"Bottled Flame":47,"HornCleat":25,"Sundial":3,"Mummified Hand":9,"Toolbox":20,"Pandora\u0027s Box":17,"Tiny Chest":23,"MealTicket":44,"VioletLotus":34,"Art of War":26,"Red Mask":48,"Bottled Lightning":7,"PureWater":0},{"Astrolabe":0,"Blue Candle":5,"Vajra":23,"CloakClasp":22,"Smiling Mask":17,"White Beast Statue":8,"Blood Vial":28,"Dream Catcher":24,"Bottled Flame":26,"HornCleat":15,"Sundial":1,"Mummified Hand":4,"Toolbox":12,"Pandora\u0027s Box":10,"Tiny Chest":14,"MealTicket":24,"VioletLotus":19,"Art of War":15,"Red Mask":26,"Bottled Lightning":3,"PureWater":0},{"Astrolabe":0,"Blue Candle":14,"Vajra":95,"CloakClasp":91,"Smiling Mask":68,"White Beast Statue":26,"Blood Vial":113,"Dream Catcher":100,"Bottled Flame":106,"HornCleat":61,"Sundial":3,"Mummified Hand":10,"Toolbox":45,"Pandora\u0027s Box":36,"Tiny Chest":55,"MealTicket":100,"VioletLotus":79,"Art of War":61,"Red Mask":106,"Bottled Lightning":8,"PureWater":0}]},"card_choices":[{"not_picked":["ThirdEye","FlyingSleeves","PathToVictory"],"picked":"SKIP","floor":1.0},{"not_picked":["Collect","Nirvana","Protect"],"picked":"SKIP","floor":4.0},{"not_picked":["ThirdEye","Pray"],"picked":"CutThroughFate","floor":7.0},{"not_picked":["ThirdEye","BowlingBash"],"picked":"LessonLearned","floor":8.0},{"not_picked":["FlurryOfBlows","Prostrate"],"picked":"Tantrum","floor":10.0},{"not_picked":["SignatureMove","Crescendo"],"picked":"EmptyBody","floor":11.0},{"not_picked":["ClearTheMind","Worship"],"picked":"CutThroughFate","floor":12.0},{"not_picked":["FlyingSleeves","ClearTheMind"],"picked":"MentalFortress","floor":13.0},{"not_picked":["Crescendo","BowlingBash"],"picked":"Tantrum","floor":14.0},{"not_picked":["FlurryOfBlows","Evaluate"],"picked":"MentalFortress","floor":18.0},{"not_picked":["Consecrate","SashWhip"],"picked":"FearNoEvil+1","floor":19.0},{"not_picked":["EmptyFist+1","EmptyBody","BattleHymn+1"],"picked":"SKIP","floor":21.0},{"not_picked":["ClearTheMind","EmptyFist","Halt"],"picked":"SKIP","floor":23.0},{"not_picked":["Nirvana","CutThroughFate","Ragnarok"],"picked":"SKIP","floor":25.0},{"not_picked":["BowlingBash","EmptyFist","FlyingSleeves"],"picked":"SKIP","floor":27.0},{"not_picked":["BowlingBash","EmptyFist","FlyingSleeves"],"picked":"SKIP","floor":27.0},{"not_picked":["EmptyFist+1","FollowUp+1","ReachHeaven"],"picked":"SKIP","floor":29.0},{"not_picked":["EmptyFist+1","FollowUp+1","ReachHeaven"],"picked":"SKIP","floor":29.0},{"not_picked":["SashWhip+1","Study"],"picked":"Adaptation+1","floor":31.0},{"not_picked":["Brilliance","Wish"],"picked":"Omniscience","floor":33.0},{"not_picked":["Halt","Consecrate+1","ThirdEye"],"picked":"SKIP","floor":35},{"not_picked":["ClearTheMind+1","FearNoEvil"],"picked":"MentalFortress","floor":37},{"not_picked":["ThirdEye+1","Weave","FlyingSleeves+1"],"picked":"SKIP","floor":38},{"not_picked":["LikeWater","FlyingSleeves","ClearTheMind+1"],"picked":"SKIP","floor":41},{"not_picked":["LikeWater","FlyingSleeves","ClearTheMind+1"],"picked":"SKIP","floor":41},{"not_picked":["Vengeance+1","BowlingBash+1"],"picked":"FlurryOfBlows+1","floor":44},{"not_picked":["BowlingBash+1","Crescendo"],"picked":"Vault","floor":46},{"not_picked":["FlyingSleeves","InnerPeace+1"],"picked":"Indignation+1","floor":47},{"not_picked":["ClearTheMind+1","Crescendo+1"],"picked":"Omniscience","floor":54}],"player_experience":102107,"relics_obtained":[{"floor":7.0,"key":"Bottled Lightning"},{"floor":9.0,"key":"Mummified Hand"},{"floor":10.0,"key":"Blue Candle"},{"floor":13.0,"key":"White Beast Statue"},{"floor":23.0,"key":"Tiny Chest"},{"floor":25.0,"key":"HornCleat"},{"floor":26.0,"key":"Art of War"},{"floor":29.0,"key":"Smiling Mask"},{"floor":41,"key":"Vajra"},{"floor":44,"key":"MealTicket"},{"floor":45,"key":"Dream Catcher"},{"floor":47,"key":"Bottled Flame"},{"floor":54,"key":"Blood Vial"}],"event_choices":[{"damage_healed":0.0,"max_hp_gain":0.0,"max_hp_loss":0.0,"gold_gain":55.0,"event_name":"Golden Wing","player_choice":"Gained Gold","floor":2.0,"gold_loss":0.0,"damage_taken":0.0},{"damage_healed":0.0,"max_hp_gain":0.0,"max_hp_loss":0.0,"gold_gain":0.0,"event_name":"Scrap Ooze","player_choice":"Success","floor":3.0,"gold_loss":0.0,"damage_taken":7.0,"relics_obtained":["Sundial"]},{"damage_healed":0.0,"max_hp_gain":0.0,"max_hp_loss":0.0,"gold_gain":0.0,"event_name":"Vampires","player_choice":"Ignored","floor":22.0,"gold_loss":0.0,"damage_taken":0.0},{"damage_healed":0.0,"max_hp_gain":0.0,"max_hp_loss":0.0,"gold_gain":0.0,"event_name":"Beggar","player_choice":"Ignored","floor":28.0,"gold_loss":0.0,"damage_taken":0.0},{"damage_healed":0,"gold_gain":0,"player_choice":"Max HP","damage_taken":0,"max_hp_gain":0,"max_hp_loss":4,"event_name":"Winding Halls","floor":36,"gold_loss":0},{"cards_removed":["Judgement"],"damage_healed":0,"gold_gain":0,"player_choice":"Removed Skill","damage_taken":0,"max_hp_gain":0,"max_hp_loss":0,"event_name":"Falling","floor":42,"gold_loss":0},{"damage_healed":0,"gold_gain":0,"player_choice":"Paid","damage_taken":0,"relics_obtained":["Red Mask"],"max_hp_gain":0,"max_hp_loss":0,"event_name":"Tomb of Lord Red Mask","floor":48,"gold_loss":139}],"is_beta":false,"boss_relics":[{"not_picked":["Empty Cage","Runic Dome"],"picked":"Pandora\u0027s Box"},{"not_picked":["Philosopher\u0027s Stone","Velvet Choker"],"picked":"VioletLotus"}],"items_purged_floors":[],"is_endless":false,"potions_floor_spawned":[4,7,10,12,14,16,18,19,21,23,25,27,29,31,33,35,37,38,41,44,46,47,54],"ascension_level":6}}