{"host":"mc5v85iuptizxtr7","time":1614439447,"event":{"mods":["2.2 Compatiblity","Aspiration","Bard","BaseMod","Bestiary","Colored Map","Colored Powertips","Conspire","Curses Come First","Downfall","Duelist Mod","Hermit","Highlight Path","Hubris","Infinite Spire","Jorbs\u0027s Wanderer Trilogy","LagranYue(???·?)","Mad Scientist","Marisa????????","Minty Spire (QoL Compilation)","Permanent Neow","Random Character Button","Relic Stats","Remilia??????","Replay The Spire","StSLib","The Bladedancer","The Bug Knight","The Cursed","The Disciple","The Druid","The Forsaken","The Hierophant","The IronCluck","The Jungle","The Mystic","The Necromancer","The Runesmith","The Servant 0.9.4","The Valiant","The Wild Card","TheBandit","Wandering Minibosses"],"gold_per_floor":[109,109,109,122,122,122,122,140,163,163,180,198,232,231,231,345,345,345,345,295,295,245,245,245,245,245,245,245,245,245,6,6,6,6,6,6,6,6,6,6,6,6,6,0,0],"floor_reached":44,"language":"DEU","playtime":10976,"items_purged":[],"score":628,"play_id":"088ae1c0-2c08-42f8-986a-89311da6abcd","local_time":"20210227162407","is_ascension_mode":false,"campfire_choices":[{"data":"theDruid:Fortitude","floor":6,"key":"SMITH"},{"data":"theDruid:Fortitude","floor":10,"key":"SMITH"},{"data":"theDruid:FeralPlants","floor":15,"key":"SMITH"},{"data":"theDruid:Resupply","floor":24,"key":"SMITH"},{"data":"theDruid:Fortitude","floor":32,"key":"SMITH"},{"data":"theDruid:SurvivalCache","floor":40,"key":"SMITH"},{"data":"theDruid:NaturalAgility","floor":42,"key":"SMITH"}],"circlet_count":0,"master_deck":["theDruid:Strike_O+1","theDruid:Strike_O","theDruid:Strike_O+1","theDruid:Strike_O","theDruid:Defend_O","theDruid:Defend_O","theDruid:Defend_O","theDruid:Defend_O","theDruid:BriarArmor","theDruid:WildSlash+1","theDruid:Fortitude+1","theDruid:Fortitude+1","theDruid:FeralPlants+1","theDruid:TwinStars","theDruid:Resupply+1","theDruid:Infestation","theDruid:BristlingBulwark+1","theDruid:Fortitude+1","theDruid:FullMoon","theDruid:Resupply","theDruid:SurvivalCache+1","theDruid:Forage","theForsaken:PlagueCurse","theDruid:ThornStrike+1","theDruid:NaturalAgility+1","theDruid:NaturalAgility"],"relics":["theDruid:CrownOfTheWilds","Dream Catcher","ReplayTheSpireMod:Ring of Addiction","Ring of Peace","White Beast Statue","LagranYue:MagicReflectiveArmorRelic","Ectoplasm","ReplayTheSpireMod:TigerMarble","Counterbalance","Enchiridion","ReplayTheSpireMod:Lightbulb","aspiration:RitualStick","HollowMod:StagPassRelic","hubris:Reverence","hubris:PeanutButter","LagranYue:SoulBurningRelic","theForsaken:PlagueMask","Art of War","Mirror","Potion Belt"],"acts_visited":["Exordium","TheCity","TheBeyond"],"potions_floor_usage":[4,8,11,12,13,14,14,16,16,16,20,22,22,23,23,29,33,35,38,39,41,44],"damage_taken":[{"damage":5,"enemies":"2 Louse","floor":1,"turns":3},{"damage":0,"enemies":"Small Slimes","floor":4,"turns":5},{"damage":0,"enemies":"Jaw Worm","floor":8,"turns":4},{"damage":0,"enemies":"Red Slaver","floor":11,"turns":4},{"damage":0,"enemies":"2 Fungi Beasts","floor":12,"turns":3},{"damage":2,"enemies":"3 Sentries","floor":13,"turns":9},{"damage":0,"enemies":"Large Slime","floor":14,"turns":7},{"damage":0,"enemies":"Slime Boss","floor":16,"turns":11},{"damage":0,"enemies":"Shell Parasite","floor":18,"turns":9},{"damage":0,"enemies":"3 Byrds","floor":20,"turns":7},{"damage":0,"enemies":"Snake Plant","floor":21,"turns":6},{"damage":0,"enemies":"Chosen and Byrds","floor":22,"turns":8},{"damage":2,"enemies":"Book of Stabbing","floor":23,"turns":4},{"damage":0,"enemies":"Slavers","floor":29,"turns":6},{"damage":0,"enemies":"Sentry and Sphere","floor":30,"turns":9},{"damage":0,"enemies":"Collector","floor":33,"turns":18},{"damage":0,"enemies":"3 Shapes","floor":35,"turns":7},{"damage":0,"enemies":"Orb Walker","floor":38,"turns":5},{"damage":0,"enemies":"Spire Growth","floor":39,"turns":8},{"damage":0,"enemies":"Giant Head","floor":41,"turns":10},{"damage":72,"enemies":"hubris:Merchant","floor":44,"turns":8}],"seed_played":"169743492645952884","potions_obtained":[{"floor":3,"key":"Adrenaline Potion"},{"floor":3,"key":"SmokeBomb"},{"floor":3,"key":"Weak Potion"},{"floor":4,"key":"Fire Potion"},{"floor":11,"key":"Explosive Potion"},{"floor":12,"key":"GamblersBrew"},{"floor":13,"key":"PowerPotion"},{"floor":14,"key":"BlessingOfTheForge"},{"floor":16,"key":"SkillPotion"},{"floor":18,"key":"SpeedPotion"},{"floor":20,"key":"LiquidMemories"},{"floor":21,"key":"sneckomod:MuddlingPotion"},{"floor":22,"key":"hexamod:SoulburnPotion"},{"floor":23,"key":"Doom Potion"},{"floor":29,"key":"SteroidPotion"},{"floor":30,"key":"champ:CounterPotion"},{"floor":33,"key":"SkillPotion"},{"floor":35,"key":"sneckomod:MuddlingPotion"},{"floor":38,"key":"GamblersBrew"},{"floor":39,"key":"Reflective Coating"},{"floor":41,"key":"LifebloodPotion"}],"is_trial":false,"path_per_floor":["M","?","?","M","?","R","?","M","T","R","M","M","E","M","R","B",null,"M","?","M","M","M","E","R","?","T","?","AVR","E","M","$","R","B",null,"M","?","T","M","M","R","E","R","T","$"],"character_chosen":"DRUID","items_purchased":["hubris:PeanutButter"],"campfire_rested":0,"item_purchase_floors":[31],"current_hp_per_floor":[70,70,70,70,55,55,55,55,55,55,55,55,53,53,53,53,73,73,73,71,71,71,69,69,53,53,39,39,39,39,39,39,39,67,67,67,67,67,67,67,67,67,67,0,0],"gold":0,"neow_bonus":"RANDOM_COMMON_RELIC","is_daily":false,"chose_seed":false,"campfire_upgraded":7,"win_rate":0.0,"timestamp":1614439447,"path_taken":["M","?","?","M","?","R","?","M","T","R","M","M","E","?","R","BOSS","M","?","?","M","M","E","R","?","T","?","AVR","E","M","$","R","BOSS","M","?","?","?","M","R","E","R","T","$"],"items_purchased_type":["Relic"],"build_version":"2020-12-22","purchased_purges":0,"victory":false,"max_hp_per_floor":[75,75,75,75,75,75,75,73,73,73,73,73,73,73,73,73,73,73,73,71,71,71,71,71,71,71,69,69,69,69,69,69,67,67,67,67,67,67,67,67,67,67,67,67,67],"relic_stats":{"Dream Catcher":0,"counters":[21,151],"Ectoplasm":490,"Art of War":[1],"obtain_stats":[{"Potion Belt":43,"LagranYue:RandomDrawCardRelic":0,"ReplayTheSpireMod:Ring of Addiction":3,"Counterbalance":23,"Enchiridion":25,"LagranYue:SoulBurningRelic":34,"hubris:EmptyBottle":3,"LagranYue:MagicReflectiveArmorRelic":9,"HollowMod:StagPassRelic":28,"theForsaken:PlagueMask":36,"White Beast Statue":3,"aspiration:RitualStick":27,"theDruid:CrownOfTheWilds":0,"Dream Catcher":0,"Replay:Bandana":13,"Ring of Peace":3,"hubris:PeanutButter":31,"Ectoplasm":17,"ReplayTheSpireMod:TigerMarble":19,"Art of War":37,"ReplayTheSpireMod:Lightbulb":26,"Mirror":41,"hubris:Reverence":29},{"Potion Belt":20,"LagranYue:RandomDrawCardRelic":0,"ReplayTheSpireMod:Ring of Addiction":1,"Counterbalance":13,"Enchiridion":13,"LagranYue:SoulBurningRelic":16,"hubris:EmptyBottle":1,"LagranYue:MagicReflectiveArmorRelic":3,"HollowMod:StagPassRelic":13,"theForsaken:PlagueMask":17,"White Beast Statue":1,"aspiration:RitualStick":13,"theDruid:CrownOfTheWilds":0,"Dream Catcher":0,"Replay:Bandana":6,"Ring of Peace":1,"hubris:PeanutButter":15,"Ectoplasm":8,"ReplayTheSpireMod:TigerMarble":9,"Art of War":17,"ReplayTheSpireMod:Lightbulb":13,"Mirror":20,"hubris:Reverence":14},{"Potion Belt":143,"LagranYue:RandomDrawCardRelic":0,"ReplayTheSpireMod:Ring of Addiction":3,"Counterbalance":80,"Enchiridion":80,"LagranYue:SoulBurningRelic":113,"hubris:EmptyBottle":3,"LagranYue:MagicReflectiveArmorRelic":12,"HollowMod:StagPassRelic":80,"theForsaken:PlagueMask":120,"White Beast Statue":3,"aspiration:RitualStick":80,"theDruid:CrownOfTheWilds":0,"Dream Catcher":0,"Replay:Bandana":28,"Ring of Peace":3,"hubris:PeanutButter":95,"Ectoplasm":46,"ReplayTheSpireMod:TigerMarble":55,"Art of War":120,"ReplayTheSpireMod:Lightbulb":80,"Mirror":143,"hubris:Reverence":86}],"aspiration:RitualStick":[0]},"card_choices":[{"not_picked":["theDruid:ExposingSlash","theDruid:BlessedStrike"],"picked":"theDruid:Fortitude","floor":1},{"not_picked":["theDruid:ExposingSlash","theDruid:IronClaw"],"picked":"theDruid:Fortitude","floor":4},{"not_picked":["theDruid:FuriousSlash","theDruid:TakeShelter","theDruid:ExposingSlash"],"picked":"SKIP","floor":8},{"not_picked":["theDruid:TwilightsCall","theDruid:ExposingSlash","theDruid:Adaptation"],"picked":"SKIP","floor":11},{"not_picked":["theDruid:FaerieFire","theDruid:FelineGrace","theDruid:AstralShield"],"picked":"SKIP","floor":12},{"not_picked":["theDruid:Thornburst","theDruid:AstralShield"],"picked":"theDruid:FeralPlants","floor":13},{"not_picked":["theDruid:MysticBarrier","theDruid:FuriousSlash","theDruid:ForestsSoul"],"picked":"SKIP","floor":14},{"not_picked":["theDruid:TearOpen","theDruid:Earthquake"],"picked":"theDruid:TwinStars","floor":16},{"not_picked":["theDruid:Slingshot","theDruid:TakeShelter"],"picked":"theDruid:Resupply","floor":18},{"not_picked":["theDruid:TakeShelter","theDruid:FullMoon+1"],"picked":"theDruid:Infestation","floor":20},{"not_picked":["theDruid:FuriousSlash","theDruid:Swipe"],"picked":"theDruid:BristlingBulwark+1","floor":21},{"not_picked":["theDruid:BrambleLash","theDruid:Moonbeam"],"picked":"theDruid:Fortitude","floor":22},{"not_picked":["theDruid:ThickHide+1","theDruid:Restoration"],"picked":"theDruid:FullMoon","floor":23},{"not_picked":["theDruid:Untamed","theDruid:Eclipse","theDruid:Impale+1"],"picked":"SKIP","floor":29},{"not_picked":["theDruid:ExposingSlash+1","theDruid:Entangle"],"picked":"theDruid:Resupply","floor":30},{"not_picked":["theDruid:Earthquake","theDruid:Restoration"],"picked":"theDruid:SurvivalCache","floor":33},{"not_picked":["theDruid:Starfall+1","theDruid:Adaptation"],"picked":"theDruid:Forage","floor":35},{"not_picked":["theDruid:Recoil+1","theDruid:ExposingSlash+1"],"picked":"theDruid:ThornStrike+1","floor":38},{"not_picked":["theDruid:ThornStrike","theDruid:Starfall"],"picked":"theDruid:NaturalAgility","floor":39},{"not_picked":["theDruid:Entangle","theDruid:WildFrenzy"],"picked":"theDruid:NaturalAgility","floor":41}],"player_experience":259421,"relics_obtained":[{"floor":3,"key":"ReplayTheSpireMod:Ring of Addiction"},{"floor":3,"key":"Ring of Peace"},{"floor":3,"key":"White Beast Statue"},{"floor":3,"key":"hubris:EmptyBottle"},{"floor":9,"key":"LagranYue:MagicReflectiveArmorRelic"},{"floor":13,"key":"Replay:Bandana"},{"floor":23,"key":"Counterbalance"},{"floor":25,"key":"Enchiridion"},{"floor":26,"key":"ReplayTheSpireMod:Lightbulb"},{"floor":29,"key":"hubris:Reverence"},{"floor":37,"key":"Art of War"},{"floor":41,"key":"Mirror"},{"floor":43,"key":"Potion Belt"}],"event_choices":[{"damage_healed":0,"gold_gain":0,"player_choice":"Entered Light","damage_taken":15,"max_hp_gain":0,"max_hp_loss":0,"event_name":"Shining Light","floor":5,"gold_loss":0,"cards_upgraded":["theDruid:Strike_O","theDruid:Strike_O"]},{"damage_healed":0,"gold_gain":0,"player_choice":"Gave Potion","damage_taken":0,"relics_obtained":["ReplayTheSpireMod:TigerMarble"],"max_hp_gain":0,"max_hp_loss":0,"event_name":"WeMeetAgain","floor":19,"gold_loss":0},{"damage_healed":0,"gold_gain":0,"player_choice":"Obtained Book","damage_taken":16,"max_hp_gain":0,"max_hp_loss":0,"event_name":"Cursed Tome","floor":25,"gold_loss":0},{"damage_healed":0,"gold_gain":0,"player_choice":"Obtain Plague Curse","damage_taken":0,"max_hp_gain":0,"max_hp_loss":0,"event_name":"Plague Doctor","floor":36,"gold_loss":0,"cards_obtained":["theForsaken:PlagueCurse"]}],"is_beta":false,"boss_relics":[{"not_picked":["Fusion Hammer","Velvet Choker"],"picked":"Ectoplasm"},{"not_picked":["Replay:Grab Bag","Runesmith:UraniumAnvil"],"picked":"LagranYue:SoulBurningRelic"}],"items_purged_floors":[],"is_endless":false,"potions_floor_spawned":[4,8,11,12,13,14,16,18,20,21,22,23,29,30,33,35,38,39,41],"killed_by":"hubris:Merchant","ascension_level":0}}