{"host":"w3q5ijqu8eoknil3","time":1614384817,"event":{"mods":["AchievementEnabler","BaseMod","Block Reminder","Colored Map","Colored Powertips","Curses Come First","Dark Map","Minty Spire (QoL Compilation)","Quick Restart","Relic Stats","StSLib","ojb\u0027s Better Paths Mod","ojb\u0027s Info Mod","slay the spire mod where everything is the same but ironclad has a cowboy hat"],"gold_per_floor":[112,122,122,140,140,140,168,168,168,181,209,228,228,44,44,118,118,118,118,132,57,77,109,109,121,121,140,140,159,191,191,191,191,191],"floor_reached":33,"language":"ENG","playtime":937,"items_purged":["Strike_G"],"score":579,"play_id":"92290f91-fe1d-4f19-8384-453c38f2b3f8","local_time":"20210227001337","is_ascension_mode":true,"campfire_choices":[{"data":"Bouncing Flask","floor":6,"key":"SMITH"},{"floor":8,"key":"REST"},{"data":"Bouncing Flask","floor":13,"key":"SMITH"},{"floor":15,"key":"REST"},{"floor":24,"key":"REST"},{"floor":28,"key":"REST"},{"floor":32,"key":"REST"}],"circlet_count":0,"master_deck":["AscendersBane","Strike_G","Defend_G","Defend_G","Defend_G","Defend_G","Defend_G","Survivor","Neutralize","Crippling Poison","Bouncing Flask+1","Blade Dance","Corpse Explosion","Bouncing Flask+1","Footwork","Apotheosis+1","Night Terror","Heel Hook+1","Blade Dance+1","Deadly Poison+1","Blade Dance","Caltrops","Sucker Punch","Dagger Spray","Dash","Backflip+1","All Out Attack"],"relics":["Philosopher\u0027s Stone","Ice Cream","InkBottle","PreservedInsect","Astrolabe","Snake Skull","Calipers","Vajra"],"acts_visited":["Exordium","TheCity"],"potions_floor_usage":[7,12,18,23,23,27,30,30,33,33],"damage_taken":[{"damage":12,"enemies":"Jaw Worm","floor":1,"turns":6},{"damage":2,"enemies":"2 Louse","floor":2,"turns":3},{"damage":0,"enemies":"Cultist","floor":4,"turns":3},{"damage":24,"enemies":"3 Sentries","floor":7,"turns":7},{"damage":7,"enemies":"Red Slaver","floor":10,"turns":3},{"damage":15,"enemies":"Gremlin Nob","floor":11,"turns":3},{"damage":8,"enemies":"Exordium Wildlife","floor":12,"turns":3},{"damage":19,"enemies":"Hexaghost","floor":16,"turns":7},{"damage":0,"enemies":"3 Byrds","floor":18,"turns":1},{"damage":0,"enemies":"Spheric Guardian","floor":20,"turns":2},{"damage":18,"enemies":"Centurion and Healer","floor":22,"turns":4},{"damage":33,"enemies":"Book of Stabbing","floor":23,"turns":3},{"damage":11,"enemies":"Snake Plant","floor":25,"turns":3},{"damage":10,"enemies":"Snecko","floor":27,"turns":4},{"damage":0,"enemies":"Chosen and Byrds","floor":29,"turns":4},{"damage":18,"enemies":"Slavers","floor":30,"turns":4},{"damage":41,"enemies":"Champ","floor":33,"turns":7}],"seed_played":"-6257057310238487258","potions_obtained":[{"floor":1,"key":"PowerPotion"},{"floor":2,"key":"SmokeBomb"},{"floor":11,"key":"FearPotion"},{"floor":16,"key":"SteroidPotion"},{"floor":22,"key":"Fire Potion"},{"floor":25,"key":"LiquidMemories"},{"floor":27,"key":"SpeedPotion"},{"floor":29,"key":"ColorlessPotion"},{"floor":31,"key":"Swift Potion"},{"floor":31,"key":"PowerPotion"}],"is_trial":false,"path_per_floor":["M","M","?","M","?","R","E","R","T","M","E","M","R","$","R","B",null,"M","?","M","$","M","E","R","M","T","M","R","M","E","?","R","B"],"character_chosen":"THE_SILENT","items_purchased":["Apotheosis"],"campfire_rested":5,"item_purchase_floors":[14],"current_hp_per_floor":[47,45,50,50,46,46,22,43,43,36,21,13,13,13,34,15,57,57,57,57,57,39,6,27,16,16,6,27,27,9,9,30,0,0],"gold":191,"neow_bonus":"BOSS_RELIC","is_daily":false,"chose_seed":false,"campfire_upgraded":2,"win_rate":0.0,"timestamp":1614384817,"path_taken":["M","M","?","M","?","R","E","R","T","?","E","M","R","?","R","BOSS","M","?","?","?","M","E","R","M","T","M","R","M","E","?","R","BOSS"],"items_purchased_type":["Card"],"build_version":"2020-12-22","purchased_purges":1,"victory":false,"max_hp_per_floor":[66,66,71,71,71,71,71,71,71,71,71,71,71,71,71,71,71,71,71,71,71,71,71,71,71,71,71,71,71,71,71,71,71,71],"relic_stats":{"counters":[17,67],"Astrolabe":["Heel Hook","Blade Dance","Deadly Poison"],"PreservedInsect":83,"Snake Skull":[63],"obtain_stats":[{"Ice Cream":7,"Calipers":26,"Astrolabe":17,"Vajra":30,"Philosopher\u0027s Stone":0,"PreservedInsect":11,"Snake Skull":23,"InkBottle":9,"Ring of the Snake":0},{"Ice Cream":4,"Calipers":13,"Astrolabe":8,"Vajra":16,"Philosopher\u0027s Stone":0,"PreservedInsect":6,"Snake Skull":12,"InkBottle":4,"Ring of the Snake":0},{"Ice Cream":19,"Calipers":48,"Astrolabe":35,"Vajra":60,"Philosopher\u0027s Stone":0,"PreservedInsect":25,"Snake Skull":45,"InkBottle":19,"Ring of the Snake":0}],"InkBottle":[24]},"card_choices":[{"not_picked":["Dagger Throw","Concentrate"],"picked":"Crippling Poison","floor":1},{"not_picked":["Deflect","Outmaneuver"],"picked":"Bouncing Flask","floor":2},{"not_picked":["Outmaneuver","Quick Slash"],"picked":"Blade Dance","floor":4},{"not_picked":["Cloak And Dagger","Slice"],"picked":"Corpse Explosion","floor":7},{"not_picked":["Bane","Flying Knee"],"picked":"Bouncing Flask","floor":10},{"not_picked":["Backflip","Deflect"],"picked":"Footwork","floor":11},{"not_picked":["Flechettes","Deflect","Heel Hook"],"picked":"SKIP","floor":12},{"not_picked":["Storm of Steel","Wraith Form v2"],"picked":"Night Terror","floor":16},{"not_picked":["Cloak And Dagger+1","Quick Slash"],"picked":"Blade Dance","floor":20},{"not_picked":["Expertise","Setup","Caltrops"],"picked":"SKIP","floor":22},{"not_picked":["Expertise","Setup"],"picked":"Caltrops","floor":22},{"not_picked":["Bane","Quick Slash"],"picked":"Sucker Punch","floor":23},{"not_picked":["Accuracy","Slice"],"picked":"Dagger Spray","floor":25},{"not_picked":["Concentrate","Sucker Punch"],"picked":"Dash","floor":27},{"not_picked":["Dagger Spray","Slice"],"picked":"Backflip+1","floor":29},{"not_picked":["Endless Agony","Acrobatics"],"picked":"All Out Attack","floor":30}],"player_experience":1061620,"relics_obtained":[{"floor":7,"key":"Ice Cream"},{"floor":9,"key":"InkBottle"},{"floor":11,"key":"PreservedInsect"},{"floor":23,"key":"Snake Skull"},{"floor":26,"key":"Calipers"},{"floor":30,"key":"Vajra"}],"event_choices":[{"damage_healed":0,"gold_gain":0,"player_choice":"Donut","damage_taken":0,"max_hp_gain":5,"max_hp_loss":0,"event_name":"Big Fish","floor":3,"gold_loss":0},{"damage_healed":0,"gold_gain":0,"player_choice":"Bought 0 Potions","damage_taken":0,"max_hp_gain":0,"max_hp_loss":0,"event_name":"The Woman in Blue","floor":5,"gold_loss":0},{"damage_healed":0,"gold_gain":0,"player_choice":"Upgraded","damage_taken":0,"max_hp_gain":0,"max_hp_loss":0,"event_name":"Upgrade Shrine","floor":19,"gold_loss":0,"cards_upgraded":["Apotheosis"]},{"damage_healed":0,"gold_gain":0,"player_choice":"Got Potions","damage_taken":0,"max_hp_gain":0,"max_hp_loss":0,"event_name":"Lab","floor":31,"gold_loss":0}],"is_beta":false,"boss_relics":[{"not_picked":["Busted Crown","Snecko Eye"],"picked":"Astrolabe"}],"items_purged_floors":[21],"is_endless":false,"potions_floor_spawned":[1,2,11,16,22,25,27,29],"killed_by":"Champ","ascension_level":19}}