{"host":"id23shmscryl4psl","time":1614392150,"event":{"mods":["BaseMod","Better Altar","Better Match","Better Note","Better Sensory Stone","Better Skull","Better Third Choice","Colored Map","Colored Powertips","Dark Map","Downfall","FTL Soundtrack","Minty Spire (QoL Compilation)","Rare Cards Sparkle","Relic Stats","Robot Space Explorer","StSLib"],"gold_per_floor":[99,119,135,235,235,252,252,283,83,93,193,205,105,133,144,244,244,244,261,278,278,278,278,302,316,516,531,531,543,570,587,607,703,703,703,721,738,738,748,798,823,872,872,886,899,915,929,596,614,614,614,647,27,27,27,27,27,27],"floor_reached":56,"language":"ENG","playtime":3756,"items_purged":["Pride"],"score":842,"play_id":"f2d0a70b-0457-48ee-acd5-ba3305cb71a5","local_time":"20210226191550","is_ascension_mode":true,"campfire_choices":[{"floor":1,"key":"RECALL"},{"data":"1","floor":9,"key":"LIFT"},{"floor":13,"key":"REST"},{"data":"2","floor":18,"key":"LIFT"},{"data":"3","floor":23,"key":"LIFT"},{"data":"Slimebound:Schlurp","floor":26,"key":"SMITH"},{"data":"Slimebound:Split","floor":28,"key":"SMITH"},{"data":"Slimebound:GoopSpray","floor":35,"key":"SMITH"},{"floor":43,"key":"REST"},{"data":"expansioncontent:LastStand","floor":54,"key":"SMITH"}],"circlet_count":0,"master_deck":["Slimebound:Strike_Slimebound","Slimebound:Strike_Slimebound","Slimebound:Strike_Slimebound","Slimebound:Tackle","Slimebound:Defend_Slimebound","Slimebound:Defend_Slimebound","Slimebound:Defend_Slimebound","Slimebound:Defend_Slimebound","Slimebound:Split+1","Slimebound:CorrosiveSpit","Slimebound:GoopSpray","Slimebound:RollThrough+1","Slimebound:HauntingLick","Slimebound:TongueLash+1","Slimebound:Schlurp+1","Slimebound:SpikyOuterGoop","Slimebound:Equalize","Slimebound:SamplingLick","Slimebound:Recycling","Slimebound:SplitSpecialist","Slimebound:HauntingLick","Slimebound:Recollect","Jack Of All Trades","Slimebound:Repurpose+1","Slimebound:ForwardTackle+1","Slimebound:PressTheAttack","Slimebound:GoopSpray+1","Slimebound:Repurpose","Slimebound:Darklings","Slimebound:RejuvenatingLick+1","Slimebound:ItLooksTasty","expansioncontent:AwakenDeath","expansioncontent:InvincibleStrength","expansioncontent:Chronoboost","Slimebound:GoopSpray","Slimebound:SlimeSpikes+1","Slimebound:HauntingLick","Slimebound:FinishingTackle+1","Slimebound:ForwardTackle+1","Slimebound:Schlurp+1","Slimebound:AcidTongue+1","Slimebound:Schlurp+1","expansioncontent:LastStand+1"],"relics":["Slimebound:AbsorbEndCombatUpgraded","Vajra","Bag of Preparation","Girya","downfall:HeartBlessingRed","downfall:HeartBlessingBlue","downfall:GremlinWheel","downfall:HeartBlessingGreen","Whetstone","White Beast Statue","Anchor","Dream Catcher","SlaversCollar","Slimebound:PotencyRelic","Strawberry","Lantern","Happy Flower","Slimebound:AggressiveSlimeRelic","ClockworkSouvenir","Orichalcum"],"acts_visited":["Exordium","TheCity","TheBeyond","TheEnding"],"potions_floor_usage":[8,11,11,14,16,25,27,27,31,31,31,31,32,33,33,33,37,37,44,44,45,46,47,47,47,52,52,56],"damage_taken":[{"damage":1,"enemies":"Cultist","floor":2,"turns":3},{"damage":0,"enemies":"2 Louse","floor":3,"turns":2},{"damage":7,"enemies":"Small Slimes","floor":6,"turns":3},{"damage":34,"enemies":"3 Sentries","floor":8,"turns":9},{"damage":6,"enemies":"3 Louse","floor":10,"turns":2},{"damage":22,"enemies":"3 Louse","floor":11,"turns":4},{"damage":14,"enemies":"Large Slime","floor":12,"turns":4},{"damage":3,"enemies":"Gremlin Nob","floor":14,"turns":3},{"damage":4,"enemies":"Gremlin Gang","floor":15,"turns":3},{"damage":40,"enemies":"DF_ARCHETYPE_STREAMLINE","floor":16,"turns":8},{"damage":7,"enemies":"Shell Parasite","floor":19,"turns":6},{"damage":16,"enemies":"3 Byrds","floor":20,"turns":5},{"damage":3,"enemies":"Snecko","floor":25,"turns":3},{"damage":12,"enemies":"Centurion and Healer","floor":27,"turns":4},{"damage":12,"enemies":"3 Cultists","floor":29,"turns":3},{"damage":0,"enemies":"Sentry and Sphere","floor":31,"turns":3},{"damage":8,"enemies":"Snake Plant","floor":32,"turns":2},{"damage":50,"enemies":"IC_MUSHROOM_ARCHETYPE","floor":33,"turns":6},{"damage":1,"enemies":"Orb Walker","floor":36,"turns":3},{"damage":33,"enemies":"3 Darklings","floor":37,"turns":4},{"damage":39,"enemies":"Spire Growth","floor":39,"turns":5},{"damage":0,"enemies":"Spire Growth","floor":40,"turns":5},{"damage":23,"enemies":"Sphere and 2 Shapes","floor":44,"turns":6},{"damage":6,"enemies":"4 Shapes","floor":45,"turns":5},{"damage":31,"enemies":"Transient","floor":46,"turns":5},{"damage":35,"enemies":"Maw","floor":47,"turns":6},{"damage":2,"enemies":"Jaw Worm Horde","floor":49,"turns":4},{"damage":11,"enemies":"SI_POISON_ARCHETYPE","floor":50,"turns":12},{"damage":29,"enemies":"downfall:CharBossMerchant","floor":52,"turns":7},{"damage":71,"enemies":"downfall:NeowBoss","floor":55,"turns":15},{"damage":64,"enemies":"downfall:NeowBossFinal","floor":56,"turns":5}],"seed_played":"4901002531853328506","potions_obtained":[{"floor":3,"key":"FearPotion"},{"floor":8,"key":"Weak Potion"},{"floor":10,"key":"DuplicationPotion"},{"floor":12,"key":"Swift Potion"},{"floor":14,"key":"champ:CounterPotion"},{"floor":16,"key":"Block Potion"},{"floor":19,"key":"LiquidBronze"},{"floor":20,"key":"bronze:BurnAndBuffPotion"},{"floor":25,"key":"hexamod:SoulburnPotion"},{"floor":27,"key":"champ:CounterPotion"},{"floor":29,"key":"EntropicBrew"},{"floor":31,"key":"AttackPotion"},{"floor":32,"key":"bronze:BurnAndBuffPotion"},{"floor":33,"key":"Block Potion"},{"floor":36,"key":"SkillPotion"},{"floor":37,"key":"Fire Potion"},{"floor":39,"key":"SpeedPotion"},{"floor":40,"key":"Energy Potion"},{"floor":44,"key":"Explosive Potion"},{"floor":45,"key":"sneckomod:MuddlingPotion"},{"floor":46,"key":"EntropicBrew"},{"floor":47,"key":"Block Potion"},{"floor":49,"key":"PowerPotion"},{"floor":52,"key":"SmokeBomb"}],"is_trial":false,"path_per_floor":["R","M","M","?","?","M","T","E","R","M","?","M","R","E","M","B",null,"R","M","M","?","?","R","T","M","R","M","R","M","T","M","M","B",null,"R","M","M","?","M","?","T","?","R","M","M","M","M","?","M","B",null,"E","$","R","B","B"],"character_chosen":"SLIMEBOUND","items_purchased":["Slimebound:AggressiveSlimeRelic","expansioncontent:LastStand","ClockworkSouvenir","Orichalcum"],"campfire_rested":2,"item_purchase_floors":[53,53,53,53],"current_hp_per_floor":[65,64,65,65,62,59,59,33,43,41,27,21,43,46,58,34,75,75,75,66,66,66,66,66,75,75,72,72,66,66,69,67,34,75,75,75,51,41,14,34,41,41,65,60,67,59,47,92,92,85,92,69,69,69,21,0,0,0],"gold":27,"neow_bonus":"RANDOM_COMMON_RELIC","is_daily":false,"chose_seed":false,"campfire_upgraded":4,"win_rate":0.0,"timestamp":1614392150,"path_taken":["R","M","M","?","?","M","T","E","R","M","?","M","R","E","M","BOSS","R","M","?","?","?","R","T","M","R","?","R","M","?","M","M","BOSS","R","M","M","?","M","?","T","?","R","M","M","M","M","?","M","BOSS","E","$","R","BOSS","BOSS"],"items_purchased_type":["Relic","Card","Relic","Relic"],"build_version":"2020-12-22","purchased_purges":1,"victory":false,"max_hp_per_floor":[65,65,65,65,65,65,65,65,75,75,75,75,75,75,75,75,75,75,75,75,75,75,75,75,75,75,75,75,75,75,75,75,75,75,75,75,75,75,75,75,82,82,82,82,82,82,82,92,92,92,92,92,92,92,92,92,92,92],"relic_stats":{"Dream Catcher":1,"Happy Flower":[6],"counters":[31,154],"Bag of Preparation":[58],"Whetstone":["Slimebound:RollThrough","Slimebound:TongueLash"],"Orichalcum":[30],"obtain_stats":[{"Girya":8,"Slimebound:AggressiveSlimeRelic":53,"Lantern":42,"downfall:HeartBlessingRed":9,"Happy Flower":52,"Vajra":0,"downfall:HeartBlessingGreen":13,"Bag of Preparation":5,"Whetstone":14,"Orichalcum":53,"White Beast Statue":21,"Slimebound:PotencyRelic":40,"ClockworkSouvenir":53,"SlaversCollar":34,"Anchor":24,"Dream Catcher":30,"downfall:GremlinWheel":11,"downfall:HeartBlessingBlue":9,"Strawberry":41,"Slimebound:AbsorbEndCombat":0,"Slimebound:AbsorbEndCombatUpgraded":17},{"Girya":4,"Slimebound:AggressiveSlimeRelic":29,"Lantern":22,"downfall:HeartBlessingRed":4,"Happy Flower":29,"Vajra":0,"downfall:HeartBlessingGreen":7,"Bag of Preparation":2,"Whetstone":8,"Orichalcum":29,"White Beast Statue":12,"Slimebound:PotencyRelic":22,"ClockworkSouvenir":29,"SlaversCollar":18,"Anchor":12,"Dream Catcher":15,"downfall:GremlinWheel":6,"downfall:HeartBlessingBlue":4,"Strawberry":22,"Slimebound:AbsorbEndCombat":0,"Slimebound:AbsorbEndCombatUpgraded":10},{"Girya":17,"Slimebound:AggressiveSlimeRelic":134,"Lantern":90,"downfall:HeartBlessingRed":17,"Happy Flower":134,"Vajra":0,"downfall:HeartBlessingGreen":27,"Bag of Preparation":5,"Whetstone":30,"Orichalcum":134,"White Beast Statue":52,"Slimebound:PotencyRelic":90,"ClockworkSouvenir":134,"SlaversCollar":73,"Anchor":52,"Dream Catcher":62,"downfall:GremlinWheel":23,"downfall:HeartBlessingBlue":17,"Strawberry":90,"Slimebound:AbsorbEndCombat":0,"Slimebound:AbsorbEndCombatUpgraded":41}]},"card_choices":[{"not_picked":["Slimebound:LeechingTouch","Slimebound:SamplingLick"],"picked":"Slimebound:GoopSpray","floor":2},{"not_picked":["Slimebound:SlimeBrawl","Slimebound:LeechEnergy"],"picked":"Slimebound:RollThrough","floor":3},{"not_picked":["Slimebound:DisruptingSlam","Slimebound:ComboTackle"],"picked":"Slimebound:HauntingLick","floor":6},{"not_picked":["Slimebound:FirmFortitude","Slimebound:LeechEnergy"],"picked":"Slimebound:TongueLash","floor":8},{"not_picked":["Slimebound:LeechEnergy","Slimebound:SplitLeeching"],"picked":"Slimebound:Schlurp","floor":10},{"not_picked":["Slimebound:FinishingTackle","Slimebound:Prepare"],"picked":"Slimebound:SpikyOuterGoop","floor":12},{"not_picked":["Slimebound:SlimeBarrage","Slimebound:ItLooksTasty"],"picked":"Slimebound:Equalize","floor":14},{"not_picked":["Slimebound:PressTheAttack","Slimebound:SlimeSpikes"],"picked":"Slimebound:SamplingLick","floor":15},{"not_picked":["Slimebound:MassFeed","Slimebound:FirmFortitude"],"picked":"Slimebound:Recycling","floor":16},{"not_picked":["Slimebound:TongueLash","Slimebound:SplitAcid+1"],"picked":"Slimebound:SplitSpecialist","floor":19},{"not_picked":["Slimebound:PressTheAttack","Slimebound:SplitAcid"],"picked":"Slimebound:HauntingLick","floor":20},{"not_picked":["Slimebound:RollThrough","Slimebound:ItLooksTasty+1"],"picked":"Slimebound:Repurpose+1","floor":25},{"not_picked":["Slimebound:LevelUp","Slimebound:LeechingTouch+1"],"picked":"Slimebound:ForwardTackle+1","floor":27},{"not_picked":["Slimebound:ForwardTackle","Slimebound:SplitBruiser+1"],"picked":"Slimebound:PressTheAttack","floor":29},{"not_picked":["Slimebound:SplitLeeching","Slimebound:SplitMire"],"picked":"Slimebound:GoopSpray","floor":31},{"not_picked":["Slimebound:Nibble","Slimebound:SlimeBarrage"],"picked":"Slimebound:Repurpose","floor":32},{"not_picked":["Slimebound:SlimeSlap","Slimebound:RallyTheTroops"],"picked":"Slimebound:Darklings","floor":33},{"not_picked":["Slimebound:RainOfGoop+1","Slimebound:ViciousTackle+1"],"picked":"Slimebound:RejuvenatingLick+1","floor":36},{"not_picked":["Slimebound:LeechEnergy+1","Slimebound:LeechingTouch"],"picked":"Slimebound:ItLooksTasty","floor":37},{"not_picked":["expansioncontent:PolyBeam","expansioncontent:Hexaburn"],"picked":"expansioncontent:AwakenDeath","floor":38},{"not_picked":["expansioncontent:PolyBeam","expansioncontent:GuardianWhirl"],"picked":"expansioncontent:InvincibleStrength","floor":38},{"not_picked":["expansioncontent:YouAreMine","expansioncontent:Hexaburn"],"picked":"expansioncontent:Chronoboost","floor":38},{"not_picked":["Slimebound:SplitAcid","Slimebound:Prepare+1","Slimebound:SplitLeeching"],"picked":"SKIP","floor":39},{"not_picked":["Slimebound:LeechingTouch","Slimebound:Repurpose"],"picked":"Slimebound:GoopSpray","floor":40},{"not_picked":["Slimebound:LivingWall+1","Slimebound:LeadByExample"],"picked":"Slimebound:SlimeSpikes+1","floor":43},{"not_picked":["Slimebound:HungryTackle+1","Slimebound:Replication"],"picked":"Slimebound:HauntingLick","floor":44},{"not_picked":["Slimebound:RollThrough","Slimebound:SplitLeeching+1"],"picked":"Slimebound:FinishingTackle+1","floor":45},{"not_picked":["Slimebound:LeechingTouch","Slimebound:Dissolve"],"picked":"Slimebound:ForwardTackle+1","floor":46},{"not_picked":["Slimebound:SplitAcid","Slimebound:SamplingLick+1"],"picked":"Slimebound:Schlurp+1","floor":47},{"not_picked":["Slimebound:SamplingLick","Slimebound:SlimeBarrage+1"],"picked":"Slimebound:AcidTongue+1","floor":49},{"not_picked":["Slimebound:ItLooksTasty","Slimebound:RollThrough"],"picked":"Slimebound:Schlurp+1","floor":52}],"player_experience":114126,"relics_obtained":[{"floor":8,"key":"Girya"},{"floor":11,"key":"downfall:GremlinWheel"},{"floor":14,"key":"Whetstone"},{"floor":24,"key":"Anchor"},{"floor":30,"key":"Dream Catcher"},{"floor":40,"key":"Slimebound:PotencyRelic"},{"floor":41,"key":"Strawberry"},{"floor":42,"key":"Lantern"},{"floor":52,"key":"Happy Flower"}],"event_choices":[{"damage_healed":0,"gold_gain":0,"player_choice":"Success","damage_taken":3,"relics_obtained":["Bag of Preparation"],"max_hp_gain":0,"max_hp_loss":0,"event_name":"Scrap Ooze","floor":5,"gold_loss":0},{"damage_healed":0,"gold_gain":0,"player_choice":"Stole Relic","damage_taken":0,"relics_obtained":["White Beast Statue"],"max_hp_gain":0,"max_hp_loss":0,"event_name":"Addict","floor":21,"gold_loss":0,"cards_obtained":["Pride"]},{"damage_healed":0,"gold_gain":200,"player_choice":"Gold","damage_taken":0,"max_hp_gain":0,"max_hp_loss":0,"event_name":"Wheel of Change","floor":26,"gold_loss":0}],"is_beta":false,"boss_relics":[{"not_picked":["Snecko Eye","Runic Pyramid"],"picked":"Slimebound:AbsorbEndCombatUpgraded"},{"not_picked":["Slimebound:TarBlob","bronze:MakeshiftBattery"],"picked":"SlaversCollar"}],"items_purged_floors":[53],"is_endless":false,"potions_floor_spawned":[3,8,10,12,14,16,19,20,25,27,29,31,32,33,36,37,39,40,44,45,46,47,49,52],"killed_by":"downfall:NeowBossFinal","ascension_level":3}}