{"host":"5pruifpvrxoc6ior","time":1614395392,"event":{"mods":["AchievementEnabler","Aspiration","BaseMod","Colored Map","Colored Powertips","Downfall","Googly Eyes","Hermit","Hubris","Jorbs\u0027s Wanderer Trilogy","Marisa????????","Minty Spire (QoL Compilation)","Quick Restart","Remilia??????","Replay The Spire","StSLib","SuperFastMode","The Bug Knight","The Cursed","The Disciple","The Hierophant","The Jungle","The Necromancer","The Servant 0.9.4"],"gold_per_floor":[109,109,109,123,48,60,60,89,89,89,89,123,123,154,154,174,174,11,11,11,108,108,97,111,75,91,17,17,48,48,48,48,48,48,48,48,68,86,96,96,192,292,307,317,317,334,334,334,334,334],"floor_reached":49,"language":"ENG","playtime":1599,"items_purged":[],"score":770,"play_id":"11e368b9-3f6e-4281-8c4f-871489bdec40","local_time":"20210226220952","is_ascension_mode":true,"campfire_choices":[{"data":"Necrotic_Claws","floor":10,"key":"SMITH"},{"data":"Negative_Energy_Shield","floor":13,"key":"SMITH"},{"floor":28,"key":"REST"},{"data":"Summon_Undead_Army","floor":30,"key":"SMITH"},{"data":"Summon_Undead_Army","floor":31,"key":"SMITH"},{"data":"Uncharnel","floor":40,"key":"SMITH"}],"circlet_count":0,"master_deck":["Strike_W","Strike_W","Strike_W","Strike_W","Defend_W","Defend_W","Defend_W","Defend_W","Negative_Energy_Arrows+1","Bone_Wall","Death_March_Dance","Toxic_Smoke_Screen","Necrotic_Claws+1","Negative_Energy_Shield+1","Toxic_Smoke_Screen","Life_Drain+1","Blood_Curse","Secret Technique","Grasp_Heart","Negative_Energy_Javelin","Negative_Energy_Sphere+1","Summon_Undead_Army+1","Plague_Bolt","Summon_Undead_Army+1","Plague_Bolt","Spectral_Walk","Life_Drain","Exploit+1","Uncharnel+1","Consume_Illness+1","Negative_Energy_Shield+1","Negative_Energy_Burst+1"],"relics":["Vampire_Amulet","NeowsBlessing","Replay:PocketPolymizer","aspiration:FetidBarrel","Kunai","Bottled Lightning","Oddly Smooth Stone","hubris:TinFlute","Omamori","hubris:Backtick","Replay:Rubber Ducky","aspiration:StickyExplosives_weak","Juzu Bracelet","Replay:Wanted Poster","hubris:Towel"],"acts_visited":["Exordium","TheCity","TheBeyond"],"potions_floor_usage":[14,21,24,26,29,41],"damage_taken":[{"damage":0,"enemies":"Small Slimes","floor":1,"turns":2},{"damage":0,"enemies":"Jaw Worm","floor":4,"turns":1},{"damage":0,"enemies":"Cultist","floor":6,"turns":1},{"damage":31,"enemies":"3 Sentries","floor":8,"turns":9},{"damage":29,"enemies":"HollowMod:MossKnight","floor":12,"turns":9},{"damage":13,"enemies":"Gremlin Nob","floor":14,"turns":4},{"damage":13,"enemies":"Lots of Slimes","floor":16,"turns":5},{"damage":7,"enemies":"The Guardian","floor":21,"turns":11},{"damage":20,"enemies":"2 Thieves","floor":23,"turns":4},{"damage":50,"enemies":"Snecko","floor":24,"turns":7},{"damage":29,"enemies":"Shelled Parasite and Fungi","floor":26,"turns":7},{"damage":7,"enemies":"Gremlin Leader","floor":29,"turns":6},{"damage":29,"enemies":"3 Cultists","floor":37,"turns":5},{"damage":6,"enemies":"Snake Plant","floor":38,"turns":5},{"damage":0,"enemies":"Snecko","floor":39,"turns":4},{"damage":10,"enemies":"Pondfish","floor":41,"turns":12},{"damage":65,"enemies":"3 Darklings","floor":43,"turns":5},{"damage":17,"enemies":"3 Shapes","floor":44,"turns":5},{"damage":5,"enemies":"Spire Growth","floor":46,"turns":5},{"damage":62,"enemies":"Giant Head","floor":49,"turns":6}],"seed_played":"-7608320661442394653","potions_obtained":[{"floor":8,"key":"Elixir"},{"floor":12,"key":"SteroidPotion"},{"floor":16,"key":"SkillPotion"},{"floor":24,"key":"Languid Potion"},{"floor":26,"key":"PowerPotion"},{"floor":37,"key":"Weak Potion"},{"floor":44,"key":"Explosive Potion"},{"floor":46,"key":"hexamod:SoulburnPotion"}],"is_trial":false,"path_per_floor":["M","?","?","M","?","M","?","E","T","R","T","E","R","E","E","M","?","$","$","R_BF","B",null,"M","M","$","M","$","R","E","R","R","T","?","?","$","?","M","M","M","R","B",null,"M","M","?","M","$","$","E"],"character_chosen":"NECROMANCER","items_purchased":["Secret Technique","Summon_Undead_Army","Summon_Undead_Army"],"campfire_rested":1,"item_purchase_floors":[18,25,27],"current_hp_per_floor":[75,68,68,70,70,72,72,47,47,47,47,22,22,11,11,18,18,18,18,40,35,75,63,21,21,6,6,28,41,41,41,41,41,41,41,41,24,26,34,34,40,75,24,25,25,28,28,28,0,0],"gold":334,"neow_bonus":"THREE_ENEMY_KILL","is_daily":false,"chose_seed":false,"campfire_upgraded":5,"win_rate":0.0,"timestamp":1614395392,"path_taken":["M","?","?","M","?","?","?","E","?","R","T","E","R","E","E","?","?","$","$","R_BF","BOSS","M","M","$","?","?","R","E","R","R","T","?","?","?","?","M","M","M","R","BOSS","M","M","?","M","$","$","E"],"items_purchased_type":["Card","Card","Card"],"build_version":"2020-12-22","purchased_purges":0,"victory":false,"max_hp_per_floor":[75,75,75,75,75,75,75,75,75,75,75,75,75,75,75,75,75,75,75,75,75,75,75,75,75,75,75,75,75,75,75,75,75,75,75,75,75,75,75,75,75,75,75,75,75,75,75,75,75,75],"card_choices":[{"not_picked":["Shackles_Of_Pain","Toxic_Smoke_Screen"],"picked":"Death_March_Dance","floor":1},{"not_picked":["Scare","Bone_Bullets"],"picked":"Toxic_Smoke_Screen","floor":4},{"not_picked":["Uncharnel","Finger_Of_Death"],"picked":"Necrotic_Claws","floor":6},{"not_picked":["Bone_Bullets","Blood_Whip"],"picked":"Negative_Energy_Shield","floor":8},{"not_picked":["Bones_to_Steel","Grasp_Heart"],"picked":"Toxic_Smoke_Screen","floor":12},{"not_picked":["Bone_Shift","Vampiric_Strike"],"picked":"Life_Drain","floor":14},{"not_picked":["Corrupt","Scare"],"picked":"Blood_Curse","floor":16},{"not_picked":["Reap_The_Weak","Requiem"],"picked":"Grasp_Heart","floor":21},{"not_picked":["Bones_to_Steel","Consume_Illness"],"picked":"Negative_Energy_Javelin","floor":23},{"not_picked":["Bone_Bullets","Thousand_Bone_Knives"],"picked":"Negative_Energy_Sphere+1","floor":24},{"not_picked":["Negative_Energy_Sphere+1","Blood_Whip"],"picked":"Plague_Bolt","floor":26},{"not_picked":["Whirlwind_of_Bones+1","Hellfire"],"picked":"Plague_Bolt","floor":29},{"not_picked":["Flesh_Made_Foul","Chill_Blood"],"picked":"Life_Drain","floor":37},{"not_picked":["Death_Coil","Negative_Energy_Javelin+1"],"picked":"Exploit+1","floor":38},{"not_picked":["Death_Coil","Bone_Shift+1"],"picked":"Uncharnel","floor":39},{"not_picked":["Strike_from_Beyond","Death_Knell"],"picked":"Consume_Illness+1","floor":43},{"not_picked":["Negative_Energy_Sphere+1","Negative_Energy_Burst"],"picked":"Negative_Energy_Shield+1","floor":44},{"not_picked":["Death_March_Dance+1","Death_Coil+1"],"picked":"Negative_Energy_Burst+1","floor":46}],"player_experience":49693,"relics_obtained":[{"floor":8,"key":"Kunai"},{"floor":9,"key":"Bottled Lightning"},{"floor":11,"key":"Oddly Smooth Stone"},{"floor":12,"key":"hubris:TinFlute"},{"floor":14,"key":"Omamori"},{"floor":29,"key":"aspiration:StickyExplosives_weak"},{"floor":32,"key":"Juzu Bracelet"}],"event_choices":[{"damage_healed":0,"gold_gain":0,"player_choice":"Success","damage_taken":7,"relics_obtained":["Replay:PocketPolymizer"],"max_hp_gain":0,"max_hp_loss":0,"event_name":"Scrap Ooze","floor":2,"gold_loss":0},{"damage_healed":0,"gold_gain":0,"player_choice":"Grow","damage_taken":0,"max_hp_gain":0,"max_hp_loss":0,"event_name":"Living Wall","floor":3,"gold_loss":0,"cards_upgraded":["Negative_Energy_Arrows"]},{"damage_healed":0,"gold_gain":0,"player_choice":"Paid Gold","damage_taken":0,"relics_obtained":["aspiration:FetidBarrel"],"max_hp_gain":0,"max_hp_loss":0,"event_name":"WeMeetAgain","floor":5,"gold_loss":75}],"is_beta":false,"boss_relics":[{"not_picked":["Snecko Eye","Tiny House"],"picked":"hubris:Backtick"},{"not_picked":["Philosopher\u0027s Stone","aspiration:PoetsPen_weak"],"picked":"Replay:Wanted Poster"}],"items_purged_floors":[],"is_endless":false,"potions_floor_spawned":[8,12,16,24,26,37,44,46],"killed_by":"Giant Head","ascension_level":4}}