{"host":"19r1ww88x2tc73i0","time":1614404435,"event":{"mods":["BaseMod","BetterRewards","Colored Map","Minty Spire (QoL Compilation)","Relic Stats","StSLib","SuperFastMode","slay the spire mod where everything is the same but ironclad has a cowboy hat"],"gold_per_floor":[360,374,385,385,26,36,78,78,103,68,68,68,68,87,87,173,173,186,210,100,120,44,78,78,107,107,134,150,167,167,167,167,167,167],"floor_reached":33,"language":"ENG","playtime":1000,"items_purged":["Injury"],"score":610,"play_id":"708f549d-2275-4a62-a67f-ceb59c12c4c5","local_time":"25640227124035","is_ascension_mode":true,"campfire_choices":[{"floor":11.0,"key":"REST"},{"floor":13.0,"key":"REST"},{"data":"Inflame","floor":15.0,"key":"SMITH"},{"floor":24.0,"key":"REST"},{"floor":30.0,"key":"REST"},{"floor":32.0,"key":"REST"}],"circlet_count":0,"master_deck":["AscendersBane","Strike_R","Strike_R","Strike_R","Strike_R","Defend_R","Defend_R","Defend_R+1","Defend_R","Bash","Rampage","Inflame+1","Thunderclap","Shockwave","Dark Embrace","Armaments+1","Shrug It Off","Pommel Strike","Double Tap","Disarm+1","Sword Boomerang","Flame Barrier","True Grit"],"relics":["Burning Blood","Lantern","CeramicFish","Red Skull","Busted Crown","Bronze Scales","Dead Branch","Letter Opener","Singing Bowl","StrikeDummy"],"acts_visited":["Exordium","TheCity"],"potions_floor_usage":[33],"damage_taken":[{"damage":22.0,"enemies":"Cultist","floor":1.0,"turns":5.0},{"damage":17.0,"enemies":"Small Slimes","floor":2.0,"turns":5.0},{"damage":7.0,"enemies":"Jaw Worm","floor":3.0,"turns":4.0},{"damage":15.0,"enemies":"2 Fungi Beasts","floor":6.0,"turns":4.0},{"damage":29.0,"enemies":"Gremlin Nob","floor":7.0,"turns":4.0},{"damage":13.0,"enemies":"Lots of Slimes","floor":14.0,"turns":5.0},{"damage":38.0,"enemies":"The Guardian","floor":16.0,"turns":13.0},{"damage":34.0,"enemies":"Shell Parasite","floor":18.0,"turns":5.0},{"damage":19.0,"enemies":"Spheric Guardian","floor":19.0,"turns":4.0},{"damage":6.0,"enemies":"Snake Plant","floor":21.0,"turns":5.0},{"damage":13.0,"enemies":"Book of Stabbing","floor":23.0,"turns":6.0},{"damage":16.0,"enemies":"Slavers","floor":25.0,"turns":6.0},{"damage":4.0,"enemies":"Book of Stabbing","floor":27.0,"turns":3.0},{"damage":23.0,"enemies":"3 Cultists","floor":28.0,"turns":4.0},{"damage":5.0,"enemies":"Snecko","floor":29.0,"turns":5.0},{"damage":64,"enemies":"Automaton","floor":33,"turns":8}],"seed_played":"3002863734552261639","potions_obtained":[{"floor":3.0,"key":"SpeedPotion"},{"floor":6.0,"key":"Fire Potion"},{"floor":14.0,"key":"AttackPotion"},{"floor":19.0,"key":"Weak Potion"},{"floor":25.0,"key":"PowerPotion"},{"floor":29.0,"key":"Energy Potion"}],"is_trial":false,"path_per_floor":["M","M","M","?","$","M","E","$","T","?","R","?","R","M","R","B",null,"M","M","?","M","$","E","R","E","T","E","M","M","R","T","R","B"],"character_chosen":"IRONCLAD","items_purchased":["Lantern","Shockwave","Dark Embrace","Flame Barrier","True Grit"],"campfire_rested":5,"item_purchase_floors":[5,5,5,22,22],"current_hp_per_floor":[52,41,40,40,40,31,8,8,8,8,30,30,52,45,45,13,60,32,19,19,19,19,12,34,24,24,28,13,16,40,40,64,0,0],"gold":167,"neow_bonus":"TWO_FIFTY_GOLD","is_daily":false,"chose_seed":false,"campfire_upgraded":1,"win_rate":0.0,"timestamp":1614404435,"path_taken":["M","M","M","?","$","M","E","$","T","?","R","?","R","M","R","BOSS","M","M","?","?","$","E","R","E","T","E","M","?","R","?","R","BOSS"],"items_purchased_type":["Relic","Card","Card","Card","Card"],"build_version":"2020-12-22","purchased_purges":1,"victory":false,"max_hp_per_floor":[75,75,75,75,75,75,75,75,75,75,75,75,75,75,75,75,75,75,75,75,75,75,75,75,75,75,77,79,81,81,81,81,81,81],"relic_stats":{"Busted Crown":16,"Singing Bowl":6,"counters":[16,86],"CeramicFish":63,"Bronze Scales":[87],"Dead Branch":[25],"Letter Opener":[35],"obtain_stats":[{"Lantern":5,"Busted Crown":17,"Singing Bowl":27,"CeramicFish":7,"Bronze Scales":23,"Dead Branch":25,"Letter Opener":26,"StrikeDummy":31,"Burning Blood":0,"Red Skull":9},{"Lantern":3,"Busted Crown":7,"Singing Bowl":13,"CeramicFish":5,"Bronze Scales":11,"Dead Branch":12,"Letter Opener":12,"StrikeDummy":15,"Burning Blood":0,"Red Skull":5},{"Lantern":14,"Busted Crown":40,"Singing Bowl":69,"CeramicFish":22,"Bronze Scales":60,"Dead Branch":66,"Letter Opener":66,"StrikeDummy":78,"Burning Blood":0,"Red Skull":22}],"Burning Blood":90},"card_choices":[{"not_picked":["Warcry","Sever Soul"],"picked":"Rampage","floor":1.0},{"not_picked":["Seeing Red","Reckless Charge"],"picked":"Inflame","floor":2.0},{"not_picked":["Blood for Blood","Headbutt"],"picked":"Thunderclap","floor":3.0},{"not_picked":["Clothesline","Wild Strike"],"picked":"Armaments","floor":6.0},{"not_picked":["Havoc","Sever Soul"],"picked":"Shrug It Off","floor":7.0},{"not_picked":["Intimidate","Searing Blow"],"picked":"Pommel Strike","floor":14.0},{"not_picked":["Immolate","Exhume"],"picked":"Double Tap","floor":16.0},{"not_picked":["Havoc"],"picked":"SKIP","floor":18.0},{"not_picked":[],"picked":"Disarm+1","floor":19.0},{"not_picked":[],"picked":"Sword Boomerang","floor":21.0},{"not_picked":["Iron Wave"],"picked":"SKIP","floor":23.0},{"not_picked":["Clash"],"picked":"SKIP","floor":25.0},{"not_picked":["Clash"],"picked":"SKIP","floor":25.0},{"not_picked":["Clash"],"picked":"Singing Bowl","floor":27.0},{"not_picked":["Iron Wave"],"picked":"Singing Bowl","floor":28.0},{"not_picked":["Reckless Charge"],"picked":"Singing Bowl","floor":29.0}],"player_experience":1170537,"relics_obtained":[{"floor":7.0,"key":"CeramicFish"},{"floor":9.0,"key":"Red Skull"},{"floor":23.0,"key":"Bronze Scales"},{"floor":25.0,"key":"Dead Branch"},{"floor":26.0,"key":"Letter Opener"},{"floor":27.0,"key":"Singing Bowl"},{"floor":31.0,"key":"StrikeDummy"}],"event_choices":[{"damage_healed":0.0,"max_hp_gain":0.0,"max_hp_loss":0.0,"gold_gain":0.0,"event_name":"Scrap Ooze","player_choice":"Fled","floor":4.0,"gold_loss":0.0,"damage_taken":0.0},{"damage_healed":0.0,"max_hp_gain":0.0,"max_hp_loss":0.0,"gold_gain":0.0,"event_name":"World of Goop","player_choice":"Left Gold","floor":10.0,"gold_loss":35.0,"damage_taken":0.0},{"damage_healed":0.0,"max_hp_gain":0.0,"max_hp_loss":0.0,"gold_gain":0.0,"event_name":"Living Wall","player_choice":"Grow","floor":12.0,"gold_loss":0.0,"damage_taken":0.0,"cards_upgraded":["Armaments"]},{"cards_removed":["Strike_R"],"damage_healed":0.0,"max_hp_gain":0.0,"max_hp_loss":0.0,"gold_gain":0.0,"event_name":"Designer","player_choice":"Upgrade and Remove","floor":20.0,"gold_loss":110.0,"damage_taken":0.0,"cards_upgraded":["Defend_R"]}],"is_beta":false,"boss_relics":[{"not_picked":["Astrolabe","Runic Dome"],"picked":"Busted Crown"}],"items_purged_floors":[5],"is_endless":false,"potions_floor_spawned":[3,6,14,19,25,29],"killed_by":"Automaton","ascension_level":20}}