{"host":"2c84cb4cp1emursg","time":1614390124,"event":{"mods":["Act Like it!","BaseMod","Better Third Choice","Bossed Relics","Hermit","Minty Spire (QoL Compilation)","Permanent Neow","Reliquary","StSLib","The Blue Laboratory"],"gold_per_floor":[109,109,127,139,156,156,183,202,202,235,246,246,294,311,311,416,416,436,436,436,469,26,51,51,65,65,76,107,107,123,143,143,240,240,250,250,268,279,63,98,98,320,320,320,395,407,407,427,427,427,427,427,7,34,34,34],"floor_reached":55,"language":"ENG","playtime":4510,"items_purged":[],"score":1024,"play_id":"5fbec69a-1005-4043-9bae-ac813067f4e3","local_time":"20210226184204","is_ascension_mode":true,"campfire_choices":[{"data":"Survivor","floor":6,"key":"SMITH"},{"data":"Accuracy","floor":12,"key":"SMITH"},{"data":"Calculated Gamble","floor":15,"key":"SMITH"},{"data":"Backflip","floor":24,"key":"SMITH"},{"floor":29,"key":"REST"},{"data":"Storm of Steel","floor":32,"key":"SMITH"},{"floor":41,"key":"REST"},{"data":"Infinite Blades","floor":44,"key":"SMITH"},{"data":"Defend_G","floor":47,"key":"SMITH"},{"floor":49,"key":"RECALL"},{"data":"Leg Sweep","floor":52,"key":"SMITH"}],"circlet_count":0,"master_deck":["Strike_G","Strike_G","Strike_G","Strike_G","Strike_G","Defend_G","Defend_G","Defend_G","Defend_G","Defend_G+1","Survivor+1","Neutralize+1","Blade Dance","Slice","Backstab","Blade Dance","PiercingWail","Calculated Gamble+1","Flying Knee","Accuracy+1","Leg Sweep+1","Backflip+1","Storm of Steel+1","Outmaneuver+1","RitualDagger","Concentrate+1","Backflip+1","Cloak And Dagger","Accuracy+1","Phantasmal Killer","Madness","Madness","Noxious Fumes+1","Infinite Blades+1","Dodge and Roll+1","Footwork+1","Blur+1"],"relics":["Ring of the Snake","reliquary:Aerogel","StrikeDummy","Question Card","reliquary:WeakTea","reliquary:RustamsPendant","Sundial","Red Mask","reliquary:PrincelyHelmet","HandDrill","Strawberry","Orichalcum","Mercury Hourglass","Busted Crown","reliquary:Bookmark","reliquary:IridiumChain","White Beast Statue","Bird Faced Urn","reliquary:RadioactivePellet"],"acts_visited":["Exordium","TheCity","TheBeyond","TheEnding"],"potions_floor_usage":[7,10,10,16,23,33,38,38,40,50,54,55,55,55],"damage_taken":[{"damage":6,"enemies":"2 Louse","floor":1,"turns":3},{"damage":0,"enemies":"Jaw Worm","floor":3,"turns":3},{"damage":0,"enemies":"Small Slimes","floor":4,"turns":2},{"damage":4,"enemies":"Exordium Wildlife","floor":5,"turns":3},{"damage":21,"enemies":"Lagavulin","floor":7,"turns":6},{"damage":1,"enemies":"2 Fungi Beasts","floor":8,"turns":2},{"damage":0,"enemies":"Gremlin Nob","floor":10,"turns":2},{"damage":1,"enemies":"Looter","floor":11,"turns":3},{"damage":3,"enemies":"Blue Slaver","floor":14,"turns":2},{"damage":10,"enemies":"Slime Boss","floor":16,"turns":7},{"damage":9,"enemies":"Spheric Guardian","floor":18,"turns":4},{"damage":12,"enemies":"Masked Bandits","floor":21,"turns":3},{"damage":13,"enemies":"Slavers","floor":23,"turns":5},{"damage":0,"enemies":"Shell Parasite","floor":25,"turns":3},{"damage":4,"enemies":"Snecko","floor":27,"turns":4},{"damage":9,"enemies":"Book of Stabbing","floor":28,"turns":5},{"damage":0,"enemies":"Snake Plant","floor":30,"turns":2},{"damage":0,"enemies":"Centurion and Healer","floor":31,"turns":3},{"damage":11,"enemies":"Automaton","floor":33,"turns":6},{"damage":0,"enemies":"3 Darklings","floor":35,"turns":3},{"damage":6,"enemies":"Orb Walker","floor":37,"turns":3},{"damage":21,"enemies":"Maw","floor":38,"turns":6},{"damage":7,"enemies":"Giant Head","floor":40,"turns":7},{"damage":6,"enemies":"4 Shapes","floor":46,"turns":4},{"damage":0,"enemies":"Sphere and 2 Shapes","floor":48,"turns":4},{"damage":40,"enemies":"Time Eater","floor":50,"turns":8},{"damage":0,"enemies":"Shield and Spear","floor":54,"turns":4},{"damage":91,"enemies":"The Heart","floor":55,"turns":6}],"seed_played":"-8012106061773029149","potions_obtained":[{"floor":1,"key":"AttackPotion"},{"floor":3,"key":"blueLaboratory:RememoryPotion"},{"floor":7,"key":"blueLaboratory:SuffocatingSmog"},{"floor":8,"key":"BlessingOfTheForge"},{"floor":10,"key":"blueLaboratory:BottledHope"},{"floor":18,"key":"Energy Potion"},{"floor":23,"key":"FairyPotion"},{"floor":31,"key":"CunningPotion"},{"floor":37,"key":"SkillPotion"},{"floor":38,"key":"EssenceOfSteel"},{"floor":46,"key":"Energy Potion"},{"floor":48,"key":"blueLaboratory:BottleOfRum"},{"floor":54,"key":"blueLaboratory:BottleOfVodka"}],"is_trial":false,"path_per_floor":["M","?","M","M","M","R","E","M","T","E","M","R","T","M","R","B",null,"M","?","?","?","$","E","R","M","T","M","E","R","M","M","R","B",null,"M","?","M","M","$","E","R","?","T","R","T","M","R","M","R","B",null,"R","$","E","B"],"character_chosen":"THE_SILENT","items_purchased":["reliquary:PrincelyHelmet","HandDrill","blueLaboratory:NullPotion","reliquary:Bookmark","Infinite Blades","Bird Faced Urn","SkillPotion","EssenceOfSteel"],"campfire_rested":2,"item_purchase_floors":[22,22,22,39,39,53,53,53],"current_hp_per_floor":[57,57,57,57,53,53,32,31,31,31,30,30,30,27,27,17,57,48,42,42,30,30,24,24,24,24,20,11,34,34,34,34,23,64,64,54,48,27,27,20,43,43,43,43,43,37,37,37,37,23,64,64,64,76,0,0],"gold":34,"neow_bonus":"THREE_CARDS","is_daily":false,"chose_seed":false,"campfire_upgraded":8,"win_rate":0.0,"timestamp":1614390124,"path_taken":["M","?","M","M","M","R","E","M","T","E","M","R","?","M","R","BOSS","M","?","?","?","$","E","R","M","T","M","E","R","M","M","R","BOSS","M","?","M","M","$","E","R","?","T","R","?","?","R","M","R","BOSS","R","$","E","BOSS"],"items_purchased_type":["Relic","Relic","Potion","Relic","Card","Relic","Potion","Potion"],"build_version":"2020-12-22","purchased_purges":0,"victory":false,"max_hp_per_floor":[70,70,70,70,70,70,70,70,70,70,70,70,70,70,70,70,70,70,70,70,70,70,77,77,77,77,77,77,77,77,77,77,77,77,77,77,77,77,77,77,77,77,77,77,77,77,77,77,77,77,77,77,77,77,77,77],"card_choices":[{"not_picked":["Prepared","Bane"],"picked":"Blade Dance","floor":0},{"not_picked":["Eviscerate","Dagger Spray"],"picked":"Slice","floor":1},{"not_picked":["Blade Dance","Riddle With Holes"],"picked":"Backstab","floor":3},{"not_picked":["Backflip","Tactician"],"picked":"Blade Dance","floor":4},{"not_picked":["Prepared","All Out Attack"],"picked":"PiercingWail","floor":5},{"not_picked":["Poisoned Stab","Blade Dance"],"picked":"Calculated Gamble","floor":7},{"not_picked":["Deflect","Blade Dance"],"picked":"Flying Knee","floor":8},{"not_picked":["Acrobatics","Quick Slash"],"picked":"Accuracy","floor":10},{"not_picked":["Bane","Blade Dance","Slice"],"picked":"Leg Sweep","floor":11},{"not_picked":["Prepared","Masterful Stab","Burst"],"picked":"Backflip","floor":14},{"not_picked":["Bullet Time","Night Terror","Wraith Form v2"],"picked":"Storm of Steel","floor":16},{"not_picked":["Blade Dance","Heel Hook","PiercingWail+1"],"picked":"Outmaneuver+1","floor":18},{"not_picked":["Crippling Poison+1","Predator","Deflect"],"picked":"Concentrate+1","floor":21},{"not_picked":["Slice","Dodge and Roll","PiercingWail+1"],"picked":"Backflip+1","floor":23},{"not_picked":["Well Laid Plans","Deadly Poison+1","Reflex+1","Unload"],"picked":"SKIP","floor":25},{"not_picked":["Flechettes","Deadly Poison","Reflex"],"picked":"Cloak And Dagger","floor":27},{"not_picked":["Deadly Poison","Backstab","Masterful Stab+1","Dagger Spray"],"picked":"SKIP","floor":28},{"not_picked":["Bane+1","Dagger Throw","Leg Sweep+1"],"picked":"Accuracy+1","floor":30},{"not_picked":["Underhanded Strike","Distraction","Predator","Outmaneuver"],"picked":"SKIP","floor":31},{"not_picked":["Wraith Form v2","Night Terror","Tools of the Trade"],"picked":"Phantasmal Killer","floor":33},{"not_picked":["Underhanded Strike+1","Prepared+1"],"picked":"SKIP","floor":35},{"not_picked":["Dagger Spray+1"],"picked":"Noxious Fumes+1","floor":37},{"not_picked":["Flying Knee","Backstab+1"],"picked":"SKIP","floor":38},{"not_picked":["Catalyst+1","Prepared"],"picked":"SKIP","floor":40},{"not_picked":["Acrobatics"],"picked":"Dodge and Roll+1","floor":46},{"not_picked":["Distraction+1"],"picked":"Footwork+1","floor":48},{"not_picked":["Backstab"],"picked":"Blur+1","floor":54}],"player_experience":573322,"relics_obtained":[{"floor":7,"key":"reliquary:Aerogel"},{"floor":9,"key":"StrikeDummy"},{"floor":10,"key":"Question Card"},{"floor":13,"key":"reliquary:WeakTea"},{"floor":21,"key":"Red Mask"},{"floor":23,"key":"Strawberry"},{"floor":26,"key":"Orichalcum"},{"floor":28,"key":"Mercury Hourglass"},{"floor":40,"key":"reliquary:IridiumChain"},{"floor":45,"key":"White Beast Statue"},{"floor":54,"key":"reliquary:RadioactivePellet"}],"event_choices":[{"damage_healed":0,"gold_gain":0,"player_choice":"Grow","damage_taken":0,"max_hp_gain":0,"max_hp_loss":0,"event_name":"Living Wall","floor":2,"gold_loss":0,"cards_upgraded":["Neutralize"]},{"damage_healed":0,"gold_gain":0,"player_choice":"Dagger","damage_taken":6,"max_hp_gain":0,"max_hp_loss":0,"event_name":"betterThird:BetterNest","floor":19,"gold_loss":0,"cards_obtained":["RitualDagger"]},{"damage_healed":0,"gold_gain":0,"player_choice":"Opened","damage_taken":0,"relics_obtained":["Sundial"],"max_hp_gain":0,"max_hp_loss":0,"event_name":"The Mausoleum","floor":20,"gold_loss":0},{"damage_healed":0,"gold_gain":0,"player_choice":"Fought Bandits","damage_taken":0,"max_hp_gain":0,"max_hp_loss":0,"event_name":"Masked Bandits","floor":21,"gold_loss":0},{"damage_healed":0,"gold_gain":0,"player_choice":"Embrace Madness","damage_taken":10,"max_hp_gain":0,"max_hp_loss":0,"event_name":"Winding Halls","floor":36,"gold_loss":0,"cards_obtained":["Madness","Madness"]},{"damage_healed":0,"gold_gain":222,"player_choice":"Wore Mask","damage_taken":0,"max_hp_gain":0,"max_hp_loss":0,"event_name":"Tomb of Lord Red Mask","floor":42,"gold_loss":0}],"is_beta":false,"boss_relics":[{"not_picked":["Tiny House","Sozu"],"picked":"reliquary:RustamsPendant"},{"not_picked":["reliquary:RedPaperclip","Runic Dome"],"picked":"Busted Crown"}],"items_purged_floors":[],"is_endless":false,"potions_floor_spawned":[1,3,7,8,10,18,23,28,31,37,38,46,48,54],"killed_by":"The Heart","ascension_level":6}}