{"host":"1buigr2wepn3ivn6","time":1614438706,"event":{"mods":["100% Spire Juice","BaseMod","Better Altar","BetterRewards","CapriCore","GifTheSpireLib","Minty Spire (QoL Compilation)","MostiFishMod","Reliquary","Replay The Spire","Spicy Shops","StSLib","TestMod","Transform Curses","【功能Mod】聪明的最终Boss","【遗物卡牌】REMEMod"],"gold_per_floor":[112,112,287,287,297,297,297],"floor_reached":6,"language":"ZHS","playtime":211,"items_purged":[],"score":59,"play_id":"68dc0de1-0606-4d2f-91cc-d10972d7848f","local_time":"20210227231146","daily_mods":["SealedDeck","Shiny","Vintage","Heirloom","DeadlyEvents","Elite Swarm"],"is_ascension_mode":false,"campfire_choices":[],"circlet_count":0,"master_deck":["Moonworks:AccelHyper","Moonworks:FinalBattle","Moonworks:Blazing","Moonworks:MetallicMonocoque","Moonworks:Gamble","Moonworks:WeAreWaruda","Moonworks:ShieldCounter","Moonworks:HolyNight","Moonworks:Accelerator","Moonworks:Encore","Moonworks:EvilMastermind","Moonworks:RocketCannon","Moonworks:MeltingMemories","Moonworks:CrystalBarrier","Moonworks:PlushieMaster","Moonworks:SubspaceTunnel","Moonworks:LeapThroughSpace","Moonworks:AnotherUltimateWeapon","Moonworks:Wanted","Moonworks:ReflectiveShell+1","Moonworks:GoAway+1","Moonworks:StarBlastingFuse","Moonworks:SinkOrSwim","Moonworks:OutOfAmmo","Moonworks:TreasureThief","Moonworks:IndiscriminateFireSupport","Moonworks:Heat300Percent","Moonworks:CookingTime","Moonworks:CloudOfSeagulls","Moonworks:NicePresent","Moonworks:FullSpeedAlicianrone","Moonworks:SakisCookie","Moonworks:JonathanRush","Moonworks:DeployBits","MostiFishMod:ChineseTea","Doubt"],"relics":["Moonworks:BrokenBomb","Moonworks:Homemark","testmod-TestBox","REME_ComplimentaryCards","DaveBox","testmod-FatalChain","The Courier","testmod-Hope","StrikeDummy","SynthV:TestCard","Bird Faced Urn"],"acts_visited":["Exordium"],"potions_floor_usage":[],"damage_taken":[{"damage":0,"enemies":"Small Slimes","floor":1,"turns":1},{"damage":2,"enemies":"Jaw Worm","floor":5,"turns":5},{"damage":1003,"enemies":"Gremlin Nob","floor":6,"turns":4}],"seed_played":"3093336945631566849","potions_obtained":[{"floor":1,"key":"Energy Potion"}],"is_trial":true,"path_per_floor":["M","$","?","?","M","E"],"character_chosen":"THE_STARBREAKER","items_purchased":[],"campfire_rested":0,"item_purchase_floors":[],"current_hp_per_floor":[60,60,60,48,46,0,0],"gold":297,"neow_bonus":"","is_daily":false,"chose_seed":false,"campfire_upgraded":0,"win_rate":0.0,"timestamp":1614438706,"path_taken":["M","$","?","?","M","E"],"items_purchased_type":[],"build_version":"2020-12-22","purchased_purges":0,"victory":false,"max_hp_per_floor":[60,60,60,60,60,60,60],"card_choices":[],"player_experience":192966,"relics_obtained":[{"floor":1,"key":"StrikeDummy"},{"floor":1,"key":"SynthV:TestCard"},{"floor":5,"key":"Bird Faced Urn"}],"event_choices":[{"damage_healed":0,"gold_gain":175,"player_choice":"AGREE","damage_taken":0,"max_hp_gain":0,"max_hp_loss":0,"event_name":"Liars Game","floor":3,"gold_loss":0,"cards_obtained":["Doubt"]},{"damage_healed":0,"gold_gain":0,"player_choice":"Entered Light","damage_taken":12,"max_hp_gain":0,"max_hp_loss":0,"event_name":"Shining Light","floor":4,"gold_loss":0,"cards_upgraded":["Moonworks:ReflectiveShell","Moonworks:GoAway"]}],"is_beta":false,"boss_relics":[],"items_purged_floors":[],"is_endless":false,"potions_floor_spawned":[1],"killed_by":"Gremlin Nob","ascension_level":0}}