{"host":"mvk4cyf8p31hksyn","time":1614431641,"event":{"mods":["BaseMod","Block Reminder","Colored Map","Highlight Path","Minty Spire (QoL Compilation)","Relic Sorter","Replay The Spire","StSLib"],"gold_per_floor":[115,115,40,60,60,60,86,86,86,100,129,162,174,208,208,303,303,316,256,271,271,285,285,317,317,341,341,360,386,386,386,143,198,198,311,311,344,384,429,473,517,601,601,676,676,676,676,752,752,228,293,388,388,450],"floor_reached":55,"language":"ENG","playtime":3877,"items_purged":["Defend_R","Strike_R","Defend_R"],"score":743,"play_id":"6c0f13ff-73c0-4efa-865b-4331a718f8c6","local_time":"20210227141401","is_ascension_mode":true,"campfire_choices":[{"data":"ReplayTheSpireMod:Strike From Hell","floor":6,"key":"SMITH"},{"data":"Thunderclap","floor":8,"key":"SMITH"},{"data":"True Grit","floor":15,"key":"SMITH"},{"data":"Havoc","floor":23,"key":"SMITH"},{"data":"Havoc","floor":25,"key":"SMITH"},{"data":"Uppercut","floor":27,"key":"SMITH"},{"data":"Spot Weakness","floor":34,"key":"SMITH"},{"data":"Replay:Many Hands","floor":43,"key":"SMITH"},{"data":"Battle Trance","floor":49,"key":"SMITH"},{"floor":53,"key":"DIG"}],"circlet_count":0,"master_deck":["Defend_R","Defend_R","Bash","ReplayTheSpireMod:Strike From Hell+1","Thunderclap+1","Havoc+1","Uppercut+1","Havoc+1","True Grit+1","Battle Trance+1","Hemogenesis","Warcry+1","Anger","Metallicize","True Grit+1","Warcry+1","Spot Weakness+1","Warcry","Fiend Fire","Dual Wield+1","Replay:Many Hands+1","Rage+1","Replay:Undeath\u0027s Touch+1","Disarm+1","Warcry+1","Havoc+1"],"relics":["Burning Blood","NeowsBlessing","Du-Vu Doll","ReplayTheSpireMod:Ninjato","Odd Mushroom","Omamori","Pet Ghost","Replay:Bronze Core","HornCleat","Anchor","Replay:Bandana","Blue Doll","Chameleon Ring","ReplayTheSpireMod:DimensionalGlitch","CeramicFish","Divine Protection","Quantum Egg","Frozen Eye","Paper Frog","Centennial Puzzle","Strawberry"],"acts_visited":["Exordium","TheCity","TheBeyond"],"potions_floor_usage":[16,16],"damage_taken":[{"damage":0,"enemies":"Small Slimes","floor":1,"turns":1},{"damage":0,"enemies":"Jaw Worm","floor":4,"turns":1},{"damage":0,"enemies":"3 Sentries","floor":7,"turns":1},{"damage":1,"enemies":"Cultist","floor":10,"turns":3},{"damage":20,"enemies":"The Mushroom Lair","floor":11,"turns":4},{"damage":18,"enemies":"Gremlin Nob","floor":12,"turns":4},{"damage":11,"enemies":"Exordium Wildlife","floor":13,"turns":4},{"damage":16,"enemies":"Replay:BlueRogue","floor":14,"turns":4},{"damage":41,"enemies":"Fading Forest","floor":16,"turns":11},{"damage":10,"enemies":"2 Thieves","floor":18,"turns":4},{"damage":5,"enemies":"Shell Parasite","floor":20,"turns":4},{"damage":27,"enemies":"Snecko","floor":22,"turns":9},{"damage":18,"enemies":"Gremlin Leader","floor":24,"turns":5},{"damage":0,"enemies":"Shelled Parasite and Fungi","floor":28,"turns":3},{"damage":14,"enemies":"Slavers","floor":29,"turns":4},{"damage":2,"enemies":"Replay:Snechameleon","floor":33,"turns":4},{"damage":16,"enemies":"Champ","floor":35,"turns":7},{"damage":0,"enemies":"Orb Walker","floor":37,"turns":1},{"damage":0,"enemies":"3 Darklings","floor":38,"turns":2},{"damage":8,"enemies":"Jaw Worm Horde","floor":39,"turns":3},{"damage":27,"enemies":"Sphere and 2 Shapes","floor":40,"turns":5},{"damage":7,"enemies":"3 Darklings","floor":41,"turns":2},{"damage":3,"enemies":"Nemesis","floor":42,"turns":3},{"damage":9,"enemies":"Giant Head","floor":44,"turns":6},{"damage":0,"enemies":"Jaw Worm Horde","floor":48,"turns":4},{"damage":0,"enemies":"Spire Growth","floor":51,"turns":4},{"damage":18,"enemies":"Reptomancer","floor":52,"turns":5},{"damage":17,"enemies":"Replay:Hell Engine","floor":54,"turns":4}],"seed_played":"7282927499252034643","potions_obtained":[{"floor":4,"key":"Fire Potion"},{"floor":12,"key":"Fire Potion"},{"floor":16,"key":"ElixirPotion"},{"floor":20,"key":"Energy Potion"},{"floor":24,"key":"Energy Potion"},{"floor":35,"key":"Milkshake"},{"floor":52,"key":"Adrenaline Potion"}],"is_trial":false,"path_per_floor":["M","?","$","M","?","R","E","R","T","M","?","E","M","E","R","B",null,"M","?","M","?","M","R","E","R","T","R","M","E","PTL","PTL","$","E","R","B",null,"M","M","M","M","M","E","R","E","PTL","PTL","T","M","R","$","M","E","R_BF","B",null],"character_chosen":"IRONCLAD","items_purchased":["Blue Doll","Frozen Eye","Paper Frog"],"campfire_rested":0,"item_purchase_floors":[32,50,50],"current_hp_per_floor":[80,80,80,80,80,80,80,80,80,80,66,54,49,39,39,22,80,80,80,80,80,59,59,47,47,47,47,58,55,55,55,55,59,59,54,80,80,80,75,54,50,53,53,50,50,50,50,53,53,53,56,41,48,34],"gold":450,"neow_bonus":"THREE_ENEMY_KILL","is_daily":false,"chose_seed":false,"campfire_upgraded":9,"win_rate":0.0,"timestamp":1614431641,"path_taken":["M","?","$","M","?","R","E","R","T","?","?","E","M","E","R","BOSS","M","?","M","?","M","R","E","R","T","R","M","E","PTL","PTL","$","E","R","BOSS","M","M","M","M","M","E","R","E","PTL","PTL","T","M","R","$","M","E","R_BF","BOSS"],"items_purchased_type":["Relic","Relic","Relic"],"build_version":"2020-12-22","purchased_purges":3,"victory":true,"max_hp_per_floor":[80,80,80,80,80,80,80,80,80,80,80,80,80,80,80,80,80,80,80,80,80,80,80,80,80,80,80,80,80,80,80,80,80,80,80,80,80,80,80,80,80,80,80,80,80,80,80,80,80,80,80,80,87,87],"card_choices":[{"not_picked":["Heavy Blade","Defy Death"],"picked":"ReplayTheSpireMod:Strike From Hell","floor":1},{"not_picked":["Hemokinesis","Heavy Blade","Twin Strike"],"picked":"SKIP","floor":4},{"not_picked":["Sword Boomerang","Juggernaut"],"picked":"Thunderclap","floor":7},{"not_picked":["Dual Wield","Heavy Blade"],"picked":"Havoc","floor":10},{"not_picked":["Clash","Rage"],"picked":"Uppercut","floor":11},{"not_picked":["Twin Strike","Rampage"],"picked":"Havoc","floor":12},{"not_picked":["Shrug It Off","Clothesline"],"picked":"True Grit","floor":13},{"not_picked":["Iron Wave","Blood for Blood"],"picked":"Battle Trance","floor":14},{"not_picked":["Barricade","Reaper"],"picked":"Hemogenesis","floor":16},{"not_picked":["Run Through+1","Clash"],"picked":"Warcry+1","floor":18},{"not_picked":["Shrug It Off","Ghostly Armor+1","Clash+1"],"picked":"SKIP","floor":20},{"not_picked":["Havoc","Wild Strike"],"picked":"True Grit+1","floor":22},{"not_picked":["Searing Blow+1","Sentinel"],"picked":"Warcry+1","floor":24},{"not_picked":["Uppercut","Wild Strike","Reckless Charge"],"picked":"SKIP","floor":28},{"not_picked":["Brutality","True Grit"],"picked":"Spot Weakness","floor":29},{"not_picked":["ReplayTheSpireMod:LeadingStrike","Carnage"],"picked":"Warcry","floor":33},{"not_picked":["Hemogenesis","Offering"],"picked":"Fiend Fire","floor":35},{"not_picked":["Thunderclap+1","Twin Strike+1","True Grit+1"],"picked":"SKIP","floor":37},{"not_picked":["Flex","Entrench+1","Wild Strike"],"picked":"SKIP","floor":38},{"not_picked":["Fire Breathing+1","True Grit+1"],"picked":"Dual Wield+1","floor":39},{"not_picked":["Thunderclap+1","Clothesline","Dropkick+1"],"picked":"SKIP","floor":40},{"not_picked":["Twin Strike","True Grit+1"],"picked":"Replay:Many Hands","floor":41},{"not_picked":["Battle Trance","Feel No Pain"],"picked":"Rage+1","floor":42},{"not_picked":["Reckless Charge","Eclipse"],"picked":"Replay:Undeath\u0027s Touch+1","floor":44},{"not_picked":["Flex","Pommel Strike+1"],"picked":"Disarm+1","floor":48},{"not_picked":["ReplayTheSpireMod:Strike From Hell","Clash+1"],"picked":"Warcry+1","floor":51},{"not_picked":["Massacre+1","Demonic Infusion"],"picked":"Havoc+1","floor":52}],"player_experience":900349,"relics_obtained":[{"floor":7,"key":"Du-Vu Doll"},{"floor":9,"key":"ReplayTheSpireMod:Ninjato"},{"floor":11,"key":"Odd Mushroom"},{"floor":12,"key":"Omamori"},{"floor":14,"key":"Pet Ghost"},{"floor":24,"key":"HornCleat"},{"floor":26,"key":"Anchor"},{"floor":29,"key":"Replay:Bandana"},{"floor":33,"key":"Chameleon Ring"},{"floor":42,"key":"CeramicFish"},{"floor":44,"key":"Divine Protection"},{"floor":47,"key":"Quantum Egg"},{"floor":52,"key":"Centennial Puzzle"},{"floor":53,"key":"Strawberry"}],"event_choices":[{"cards_removed":["Strike_R"],"damage_healed":0,"gold_gain":0,"player_choice":"Forget","damage_taken":0,"max_hp_gain":0,"max_hp_loss":0,"event_name":"Living Wall","floor":2,"gold_loss":0},{"cards_removed":["Strike_R"],"damage_healed":0,"gold_gain":0,"player_choice":"Purged","damage_taken":0,"max_hp_gain":0,"max_hp_loss":0,"event_name":"Purifier","floor":5,"gold_loss":0},{"damage_healed":0,"gold_gain":0,"player_choice":"Fought Mushrooms","damage_taken":0,"max_hp_gain":0,"max_hp_loss":0,"event_name":"Mushrooms","floor":11,"gold_loss":0},{"damage_healed":0,"gold_gain":0,"cards_transformed":["Strike_R","Strike_R"],"player_choice":"Became Test Subject","damage_taken":0,"max_hp_gain":0,"max_hp_loss":0,"event_name":"Drug Dealer","floor":21,"gold_loss":0,"cards_obtained":["Anger","Metallicize"]}],"is_beta":false,"boss_relics":[{"not_picked":["Runic Pyramid","Electric Blood"],"picked":"Replay:Bronze Core"},{"not_picked":["Busted Crown","SacredBark"],"picked":"ReplayTheSpireMod:DimensionalGlitch"}],"items_purged_floors":[3,32,50],"is_endless":false,"potions_floor_spawned":[4,12,16,20,24,35,39,40,51,52],"ascension_level":1}}