{"host":"vd5put2n5b3t1prw","time":1614392091,"event":{"mods":["2.2 Compatiblity","AchievementEnabler","Alarm Clock","BaseMod","Bestiary","Better Altar","Better Match","Better Note","Better Sensory Stone","Better Silent Start","Better Skull","Better Third Choice","Better Vampires","Better-Laid Plans","BetterRewards","Block Reminder","Card Filter","Card Forge","Colored Map","Curses Come First","Custom Start","Downfall","Emptier Cage","Marked Mod","Minty Spire (QoL Compilation)","Quick Restart","Random Character Button","Rare Cards Sparkle","Relic Filter","Relic Stats","Reliquary","Reorder Act Four","Robot Space Explorer","Spicy Shops","StSLib","Transform Curses","Waifu the Spire"],"gold_per_floor":[110,93,111,123,137,137,312,312,383,399,432,432,467,467,467,566,566,585,61,71,91,91,106,131,131,179,507,507,527,547,564,564,662,662,681,681,731,731,751,751,762,360,360,360,360,116,116,126,126,126],"floor_reached":51,"language":"ENG","playtime":5013,"items_purged":["champ:Strike","champ:Strike","champ:Strike"],"score":1274,"play_id":"74a6b465-d13f-4cf1-868b-dc96b8e572a4","local_time":"20210226201451","is_ascension_mode":true,"campfire_choices":[{"data":"champ:StrikeOfGenius","floor":6.0,"key":"SMITH"},{"data":"LessonLearned","floor":12,"key":"SMITH"},{"data":"champ:ShieldWall","floor":15,"key":"SMITH"},{"floor":28,"key":"REST"},{"floor":32,"key":"REST"},{"data":"champ:Lariat","floor":40,"key":"SMITH"},{"floor":44,"key":"REST"},{"data":"champ:ShieldSigil","floor":47,"key":"SMITH"},{"data":"champ:TripleStrike","floor":49,"key":"SMITH"}],"circlet_count":0,"master_deck":["champ:Defend+1","champ:Defend+1","champ:Defend+1","champ:Defend+1","champ:Execute+1","champ:Taunt+1","champ:RapidStrikes+1","champ:IronFortress+1","champ:DefensiveStyle+1","champ:RageSigil+1","champ:FlashCut+1","Sadistic Nature+1","champ:RageSigil+1","champ:FlashCut+1","champ:StrikeOfGenius+1","champ:IronFortress+1","champ:BringItOn+1","champ:ShieldWall+1","champ:AdrenalArmor+1","champ:IronFortress+1","champ:Lariat+1","champ:UltimateStance+1","champ:Haymaker+1","champ:RapidStrikes+1","champ:StrikeOfGenius+1","champ:StanceDance+1","champ:IronFortress+1","champ:ShieldSigil+1","champ:EnragedBash+1","champ:FalseCounter+1","champ:FanOfKnives+1","champ:Shatter","champ:TornadoPunch+1","champ:TornadoPunch","champ:TripleStrike+1","champ:Circumvent+1","champ:Lariat+1","Finesse","champ:Circumvent+1","champ:ShieldSigil+1","Mayhem+1","Flash of Steel","champ:DefensiveShout+1"],"relics":["champ:ChampionCrown","Hammer of Thor","Seething Fire","Anvil of the Gods","Mummified Hand","Chemical X","Slimebound:PreparedRelic","champ:SpectersHand","reliquary:PrincelyHelmet","Sling","DollysMirror","Pantograph","reliquary:Knoch","reliquary:TatteredRug","Vajra","PreservedInsect","reliquary:Bookmark","StrikeDummy","Mercury Hourglass","reliquary:FeatherDuster","hexamod:BolsterEngine","reliquary:WritOfMandamus","Membership Card","Frozen Egg 2","reliquary:Aerogel","HandDrill","NlothsMask","reliquary:QuartzCube","Lantern","Anchor","Old Coin","Incense Burner","Unceasing Top","Gremlin Horn","Oddly Smooth Stone","Lee\u0027s Waffle","FossilizedHelix"],"acts_visited":["Exordium","TheCity","TheBeyond"],"potions_floor_usage":[11,23,33,37,41],"damage_taken":[{"damage":0.0,"enemies":"2 Louse","floor":1.0,"turns":2.0},{"damage":10.0,"enemies":"Jaw Worm","floor":3.0,"turns":3.0},{"damage":10.0,"enemies":"Cultist","floor":4.0,"turns":2.0},{"damage":0.0,"enemies":"3 Louse","floor":5.0,"turns":2.0},{"damage":0,"enemies":"Blue Slaver","floor":10,"turns":3},{"damage":5,"enemies":"Gremlin Nob","floor":11,"turns":2},{"damage":20,"enemies":"Lagavulin","floor":13,"turns":2},{"damage":30,"enemies":"Slime Boss","floor":16,"turns":5},{"damage":29,"enemies":"Spheric Guardian","floor":18,"turns":3},{"damage":0,"enemies":"3 Byrds","floor":20,"turns":2},{"damage":5,"enemies":"Snecko","floor":21,"turns":3},{"damage":45,"enemies":"Centurion and Healer","floor":23,"turns":3},{"damage":18,"enemies":"Slavers","floor":24,"turns":4},{"damage":0,"enemies":"Gremlin Leader","floor":27,"turns":3},{"damage":28,"enemies":"3 Cultists","floor":29,"turns":3},{"damage":25,"enemies":"Cultist and Chosen","floor":30,"turns":4},{"damage":0,"enemies":"Chosen and Byrds","floor":31,"turns":2},{"damage":79,"enemies":"Champ","floor":33,"turns":4},{"damage":10,"enemies":"Orb Walker","floor":35,"turns":2},{"damage":47,"enemies":"Mind Bloom Boss Battle","floor":37,"turns":3},{"damage":38,"enemies":"3 Shapes","floor":39,"turns":3},{"damage":30,"enemies":"Maw","floor":41,"turns":4},{"damage":45,"enemies":"Jaw Worm Horde","floor":48,"turns":3},{"damage":45,"enemies":"Awakened One","floor":50,"turns":4}],"seed_played":"9166592517116731410","potions_obtained":[{"floor":4.0,"key":"Block Potion"},{"floor":5.0,"key":"SkillPotion"},{"floor":11,"key":"champ:OpenerPotion"},{"floor":16,"key":"champ:OpenerPotion"},{"floor":21,"key":"Regen Potion"},{"floor":27,"key":"DuplicationPotion"},{"floor":33,"key":"bronze:BurnAndBuffPotion"},{"floor":35,"key":"SkillPotion"},{"floor":39,"key":"EssenceOfSteel"}],"is_trial":false,"path_per_floor":["M","$","M","M","M","R","?","?","T","M","E","R","E","?","R","B",null,"M","$","M","M","?","M","E","?","T","E","R","M","M","M","R","B",null,"M","?","?","?","M","R","M","$","T","R","?","$","R","M","R","B",null],"character_chosen":"THE_CHAMP","items_purchased":["Chemical X","champ:RapidStrikes","champ:IronFortress","Slimebound:PreparedRelic","champ:DefensiveStyle","champ:SpectersHand","reliquary:PrincelyHelmet","champ:RageSigil","champ:FlashCut","Sadistic Nature","Sling","DollysMirror","champ:FlashCut","Pantograph","reliquary:Knoch","champ:StrikeOfGenius","reliquary:TatteredRug","Vajra","PreservedInsect","champ:IronFortress","champ:ShieldWall","reliquary:Bookmark","StrikeDummy","Membership Card","Frozen Egg 2","champ:IronFortress+1","reliquary:Aerogel","HandDrill","Unceasing Top","Mayhem+1","Gremlin Horn","EssenceOfSteel","Lee\u0027s Waffle","FossilizedHelix","Flash of Steel"],"campfire_rested":3,"item_purchase_floors":[0,0,0,0,0,0,0,0,0,0,0,0,0,0,0,0,0,0,0,0,2,2,2,19,19,19,19,19,42,42,42,42,46,46,46],"current_hp_per_floor":[90,90,90,90,90,90,90,83,83,83,83,83,83,83,83,90,90,86,86,86,86,86,86,78,37,37,37,64,56,56,56,83,81,90,90,90,63,63,60,60,69,69,69,90,85,92,92,92,92,92],"gold":126,"neow_bonus":"","is_daily":false,"chose_seed":false,"campfire_upgraded":6,"win_rate":0.0,"timestamp":1614392091,"path_taken":["M","$","M","M","M","R","?","?","T","M","E","R","E","?","R","BOSS","M","$","M","M","?","M","E","?","T","E","R","?","M","M","R","BOSS","M","?","?","?","M","R","M","$","T","R","?","$","R","M","R","BOSS"],"items_purchased_type":["Relic","Card","Card","Relic","Card","Relic","Relic","Card","Card","Card","Relic","Relic","Card","Relic","Relic","Card","Relic","Relic","Relic","Card","Card","Relic","Relic","Relic","Relic","Card","Relic","Relic","Relic","Card","Relic","Potion","Relic","Relic","Card"],"build_version":"2020-12-22","purchased_purges":3,"victory":true,"max_hp_per_floor":[90,90,90,90,90,90,90,90,90,90,90,90,90,90,90,90,90,90,90,90,90,90,90,90,90,90,90,90,90,90,90,90,90,90,90,90,90,90,90,90,90,90,90,90,85,92,92,92,92,92],"relic_stats":{"Lee\u0027s Waffle":14,"Gremlin Horn":[6,6],"counters":[53,102],"Mummified Hand":[741],"Pantograph":14,"PreservedInsect":1696,"HandDrill":[26],"Chemical X":[21],"obtain_stats":[{"reliquary:FeatherDuster":11,"Calipers":42,"Gremlin Horn":53,"CeramicFish":41,"Vajra":26,"Hammer of Thor":0,"Whetstone":19,"Sling":0,"reliquary:QuartzCube":24,"Old Coin":27,"Sozu":17,"DollysMirror":0,"Strawberry":47,"HandDrill":19,"Happy Flower":43,"Oddly Smooth Stone":40,"Pen Nib":31,"reliquary:TatteredRug":0,"Question Card":27,"Akabeko":11,"reliquary:Bookmark":2,"Anvil of the Gods":0,"Molten Egg 2":40,"Slimebound:PreparedRelic":0,"Black Star":34,"reliquary:Knoch":0,"reliquary:WritOfMandamus":17,"StrikeDummy":2,"Unceasing Top":42,"Pocketwatch":36,"NlothsMask":22,"Lantern":32,"Torii":52,"reliquary:PrincelyHelmet":0,"reliquary:Aerogel":19,"champ:ChampionCrown":0,"Juzu Bracelet":46,"Incense Burner":37,"Ancient Tea Set":19,"Smiling Mask":44,"Nunchaku":42,"Shovel":24,"Mummified Hand":0,"Pantograph":0,"Chemical X":0,"Lee\u0027s Waffle":46,"NeowsBlessing":0,"PreservedInsect":0,"Omamori":13,"Seething Fire":0,"Frozen Egg 2":19,"Mercury Hourglass":54,"Anchor":25,"Bag of Marbles":49,"Membership Card":19,"hexamod:BolsterEngine":13,"Toy Ornithopter":54,"champ:SpectersHand":0,"FossilizedHelix":46},{"reliquary:FeatherDuster":35,"Calipers":25,"Gremlin Horn":27,"CeramicFish":24,"Vajra":17,"Hammer of Thor":0,"Whetstone":12,"Sling":29,"reliquary:QuartzCube":42,"Old Coin":43,"Sozu":11,"DollysMirror":29,"Strawberry":26,"HandDrill":38,"Happy Flower":25,"Oddly Smooth Stone":24,"Pen Nib":19,"reliquary:TatteredRug":29,"Question Card":17,"Akabeko":7,"reliquary:Bookmark":30,"Anvil of the Gods":0,"Molten Egg 2":24,"Slimebound:PreparedRelic":29,"Black Star":20,"reliquary:Knoch":29,"reliquary:WritOfMandamus":37,"StrikeDummy":30,"Unceasing Top":51,"Pocketwatch":22,"NlothsMask":40,"Lantern":19,"Torii":27,"reliquary:PrincelyHelmet":29,"reliquary:Aerogel":38,"champ:ChampionCrown":0,"Juzu Bracelet":26,"Incense Burner":49,"Ancient Tea Set":12,"Smiling Mask":25,"Nunchaku":25,"Shovel":16,"Mummified Hand":29,"Pantograph":29,"Chemical X":29,"Lee\u0027s Waffle":51,"NeowsBlessing":0,"PreservedInsect":29,"Omamori":9,"Seething Fire":0,"Frozen Egg 2":38,"Mercury Hourglass":28,"Anchor":42,"Bag of Marbles":26,"Membership Card":38,"hexamod:BolsterEngine":36,"Toy Ornithopter":28,"champ:SpectersHand":29,"FossilizedHelix":51},{"reliquary:FeatherDuster":45,"Calipers":25,"Gremlin Horn":28,"CeramicFish":24,"Vajra":17,"Hammer of Thor":0,"Whetstone":12,"Sling":32,"reliquary:QuartzCube":67,"Old Coin":70,"Sozu":11,"DollysMirror":32,"Strawberry":26,"HandDrill":55,"Happy Flower":25,"Oddly Smooth Stone":24,"Pen Nib":19,"reliquary:TatteredRug":32,"Question Card":17,"Akabeko":7,"reliquary:Bookmark":34,"Anvil of the Gods":0,"Molten Egg 2":24,"Slimebound:PreparedRelic":32,"Black Star":20,"reliquary:Knoch":32,"reliquary:WritOfMandamus":52,"StrikeDummy":34,"Unceasing Top":95,"Pocketwatch":22,"NlothsMask":60,"Lantern":19,"Torii":28,"reliquary:PrincelyHelmet":32,"reliquary:Aerogel":55,"champ:ChampionCrown":0,"Juzu Bracelet":26,"Incense Burner":88,"Ancient Tea Set":12,"Smiling Mask":25,"Nunchaku":25,"Shovel":16,"Mummified Hand":32,"Pantograph":32,"Chemical X":32,"Lee\u0027s Waffle":95,"NeowsBlessing":0,"PreservedInsect":32,"Omamori":9,"Seething Fire":0,"Frozen Egg 2":55,"Mercury Hourglass":29,"Anchor":67,"Bag of Marbles":26,"Membership Card":55,"hexamod:BolsterEngine":47,"Toy Ornithopter":29,"champ:SpectersHand":32,"FossilizedHelix":95}],"Unceasing Top":[10],"Mercury Hourglass":[263]},"card_choices":[{"not_picked":["champ:PerfectedStrike","champ:CrownThrow"],"picked":"champ:BringItOn","floor":1.0},{"not_picked":["champ:Duel","champ:BladeFlurry"],"picked":"champ:AdrenalArmor","floor":3.0},{"not_picked":["champ:Lariat","champ:Endure"],"picked":"champ:IronFortress","floor":4.0},{"not_picked":["champ:BerserkerStyle","champ:GutPunch"],"picked":"champ:Lariat","floor":5.0},{"not_picked":["champ:ShieldSlam","champ:PreemptiveStrike"],"picked":"champ:UltimateStance","floor":10},{"not_picked":["champ:Backstep","champ:BladeFlurry"],"picked":"champ:Haymaker","floor":11},{"not_picked":["champ:IgnorePain","champ:FancyFootwork"],"picked":"champ:RapidStrikes","floor":13},{"not_picked":["champ:LastStand","champ:EnchantShield"],"picked":"champ:StrikeOfGenius","floor":16},{"not_picked":["champ:RageSigil","champ:Circumvent"],"picked":"champ:StanceDance","floor":18},{"not_picked":["champ:StanceDance","champ:Backstep","champ:Duel"],"picked":"SKIP","floor":20},{"not_picked":["champ:DefensiveShout","champ:BringItOn"],"picked":"champ:ShieldSigil","floor":21},{"not_picked":["champ:BerserkersShout","champ:GladiatorStyle+1"],"picked":"champ:EnragedBash","floor":23},{"not_picked":["champ:Haymaker","champ:Circumvent"],"picked":"champ:FalseCounter","floor":24},{"not_picked":["champ:GladiatorStyle+1","champ:BladeFlurry+1"],"picked":"champ:FanOfKnives","floor":27},{"not_picked":["champ:ShieldSlam+1","champ:DeathBlow"],"picked":"champ:Shatter","floor":29},{"not_picked":["champ:Duel","champ:CheapShot"],"picked":"champ:TornadoPunch+1","floor":30},{"not_picked":["champ:SetATrap","champ:FancyFootwork+1"],"picked":"champ:TornadoPunch","floor":31},{"not_picked":["champ:IgnorePain","champ:CheapShot"],"picked":"champ:TripleStrike","floor":33},{"not_picked":["champ:GutPunch","champ:FanOfKnives+1"],"picked":"champ:Circumvent+1","floor":35},{"not_picked":["champ:ArenaPreparation","champ:BladeFlurry+1"],"picked":"champ:Lariat","floor":37},{"not_picked":["PanicButton","Dark Shackles"],"picked":"Finesse","floor":38},{"not_picked":["champ:EnGarde","champ:CrookedStrike+1"],"picked":"champ:Circumvent+1","floor":39},{"not_picked":["champ:BladeFlurry","champ:GutPunch+1"],"picked":"champ:ShieldSigil","floor":41},{"not_picked":["champ:BerserkersShout","champ:Shatter+1"],"picked":"champ:DefensiveShout+1","floor":48}],"player_experience":362569,"relics_obtained":[{"floor":9,"key":"Mercury Hourglass"},{"floor":11,"key":"reliquary:FeatherDuster"},{"floor":13,"key":"hexamod:BolsterEngine"},{"floor":24,"key":"reliquary:QuartzCube"},{"floor":27,"key":"Old Coin"},{"floor":37,"key":"Incense Burner"},{"floor":43,"key":"Oddly Smooth Stone"}],"event_choices":[{"damage_healed":0,"gold_gain":175,"player_choice":"AGREE","damage_taken":137,"max_hp_gain":0,"max_hp_loss":0,"event_name":"betterThird:BetterSerpent","floor":7,"gold_loss":0},{"cards_removed":["champ:Strike"],"damage_healed":0,"gold_gain":0,"player_choice":"Card Removal","damage_taken":7,"max_hp_gain":0,"max_hp_loss":0,"event_name":"Golden Wing","floor":8,"gold_loss":0},{"damage_healed":0,"gold_gain":0,"player_choice":"Trade","damage_taken":0,"relics_obtained":["NlothsMask"],"max_hp_gain":0,"max_hp_loss":0,"event_name":"FaceTrader","floor":22,"gold_loss":0},{"damage_healed":0,"gold_gain":0,"player_choice":"RE RE ","damage_taken":45,"relics_obtained":["Lantern","Anchor"],"max_hp_gain":0,"max_hp_loss":0,"event_name":"betterSkull:BetterSkull","floor":25,"gold_loss":0,"cards_upgraded":[]},{"cards_removed":["LessonLearned"],"damage_healed":0,"gold_gain":0,"player_choice":"Removed Attack","damage_taken":0,"max_hp_gain":0,"max_hp_loss":0,"event_name":"Falling","floor":36,"gold_loss":0},{"damage_healed":0,"gold_gain":0,"player_choice":"Fight","damage_taken":0,"max_hp_gain":0,"max_hp_loss":0,"event_name":"MindBloom","floor":37,"gold_loss":0},{"damage_healed":0,"gold_gain":3,"player_choice":"1","damage_taken":0,"max_hp_gain":0,"max_hp_loss":0,"event_name":"betterStone:BetterStone","floor":38,"gold_loss":0},{"damage_healed":0,"gold_gain":0,"player_choice":"Max HP","damage_taken":0,"max_hp_gain":0,"max_hp_loss":5,"event_name":"Winding Halls","floor":45,"gold_loss":0}],"is_beta":false,"boss_relics":[{"not_picked":["reliquary:RedPaperclip","bronze:MakeshiftBattery"],"picked":"reliquary:WritOfMandamus"},{"not_picked":["Coffee Dripper","reliquary:RedCape","Fusion Hammer"]}],"items_purged_floors":[0,0,19],"is_endless":false,"potions_floor_spawned":[4,5,11,16,20,21,27,33,35,39],"ascension_level":1}}