{"host":"i4vlfbz13gs2xtdj","time":1614415755,"event":{"mods":["2.2 Compatiblity","AchievementEnabler","Act Like it!","Aspiration","Astrologer","BaseMod","Beaked The Cultist","Bestiary","Better Altar","Better Match","Better Note","Better Sensory Stone","Better Skull","Better Third Choice","BetterRewards","CatGirl Mod","Challenge The Spire","ChefMod","Clockwork Mod","Colored Map","Colored Powertips","Curses Come First","Defuse TimeMaze Blight","Downfall","Elementarium","Energized Spire","Fox Events","Friendly Minions","GifTheSpireLib","Halation","Hallownest","Hermit","Hubris","Hunter ??","Infinite Spire","Jedi Mod","JesterMod","Jorbs\u0027s Wanderer Trilogy","KinomotoSakuraMod(????)","Marked Mod","Menagerie","Minty Spire (QoL Compilation)","Pale of the Ancients","Potionbrewer","Rare Cards Sparkle","Relic Sorter","Relic Stats","Reliquary","Replay The Spire","Shop Mod","Somnambulant","Spicy Shops","Spikes Relics","Spire Arcade","StSLib","Stuff the Spire","The Blue Laboratory","The Marked","The Sage","Trackpad","Useless Jewels Mod","Wandering Minibosses"],"gold_per_floor":[11,11,0,113,133,208,234,249,278,278,321,221,231,261,281,393,393,452,476,510,510,531,531,579,579,592,638,672,97,122,139,172,294,294,294,318,348,378,378,427,427,327,327,187,187,202,102,135,146,146,146,180,17,17,17,17],"floor_reached":57,"language":"ENG","playtime":7359,"items_purged":["Injury","downfall:Icky"],"score":1794,"play_id":"12b4831d-b969-4879-bfd9-39b528954fc5","local_time":"20210227034915","is_ascension_mode":false,"campfire_choices":[{"floor":1,"key":"DIG"},{"floor":42,"key":"RECALL"},{"data":"hubris:InfiniteBlow+4","floor":47,"key":"SMITH"}],"circlet_count":0,"master_deck":["Slimebound:Strike_Slimebound","Slimebound:Strike_Slimebound","Slimebound:Strike_Slimebound","Slimebound:Tackle","Slimebound:Defend_Slimebound","Slimebound:Defend_Slimebound","Slimebound:Defend_Slimebound","Slimebound:Defend_Slimebound","Slimebound:Split","Slimebound:CorrosiveSpit","Slimebound:GoopTackle","Slimebound:ItLooksTasty","Slimebound:Nibble","Slimebound:LivingWall","hubris:InfiniteBlow+5","Slimebound:HauntingLick+1","Slimebound:OneTwoCombo","Slimebound:GoopSpray+1","Slimebound:Prepare+1","Slimebound:CheckThePlaybook","Slimebound:SlimeSpikes+1","Slimebound:SplitBruiser","ReplayTheSpireMod:Splinters","Slimebound:SamplingLick+1","Slimebound:SplitMire+1","expansioncontent:InvincibleStrength","expansioncontent:YouAreMine","Replay:SS_fish_1","Slimebound:FormOfPuddle+1"],"relics":["Slimebound:AbsorbEndCombat","hubris:EmptyBottle","Akabeko","Replay:Multitool","PreservedInsect","halation:PinkSoulGem","Boot","reliquary:WeakTea","Bronze Scales","downfall:HeartBlessingGreen","SlaversCollar","Pet Ghost","infinitespire:ShieldingShard","ReplayTheSpireMod:CursedCoin","reliquary:Spinner","StuffTheSpire:BottledEssence","Slimebound:AggressiveSlimeRelic","wanderingMiniBosses:AbyssPearl","hubris:Potato","downfall:HeartBlessingBlue","Blue Candle","jedi:heavyjacket","trackpad:CultistFigurine","MerchantsRug","halation:StarCompass","downfall:HeartBlessingRed","Blue Doll","reliquary:RoseTintedGlasses"],"acts_visited":["Hallownest:Greenpath","TheCity","TheBeyond","TheEnding"],"potions_floor_usage":[9,9,11,11,15,16,16,16,16,22,22,27,28,28,28,29,29,31,31,33,33,33,33,36,37,37,37,50,50,50,50,55,55,55,56,56,56],"damage_taken":[{"damage":0,"enemies":"downfall:FleeingMerchant","floor":3,"turns":4},{"damage":0,"enemies":"Hallownest:2_MossCreeps","floor":4,"turns":5},{"damage":6,"enemies":"Hallownest:monsterHuskGuard","floor":5,"turns":5},{"damage":0,"enemies":"2_ Uuma","floor":8,"turns":2},{"damage":8,"enemies":"Hallownest:eliteCrystalGuardian","floor":9,"turns":5},{"damage":14,"enemies":"Hallownest:eliteMossKnight","floor":11,"turns":5},{"damage":0,"enemies":"Hallownest:monsterAspidMother","floor":13,"turns":3},{"damage":0,"enemies":"Hallownest:monsterMossCharger","floor":14,"turns":2},{"damage":12,"enemies":"Hallownest:1_Baldur_1_Crawlid_1_Warrior","floor":15,"turns":6},{"damage":4,"enemies":"WA_ARCHETYPE_RETAIN","floor":16,"turns":4},{"damage":13,"enemies":"Shell Parasite","floor":19,"turns":3},{"damage":0,"enemies":"Chosen","floor":20,"turns":3},{"damage":11,"enemies":"Snecko","floor":22,"turns":5},{"damage":9,"enemies":"Snake Plant","floor":26,"turns":4},{"damage":18,"enemies":"Gremlin Leader","floor":27,"turns":2},{"damage":34,"enemies":"Centurion and Healer","floor":28,"turns":6},{"damage":0,"enemies":"downfall:FleeingMerchant","floor":29,"turns":4},{"damage":13,"enemies":"Snecko","floor":31,"turns":5},{"damage":0,"enemies":"Cultist and Chosen","floor":32,"turns":4},{"damage":44,"enemies":"IC_MUSHROOM_ARCHETYPE","floor":33,"turns":6},{"damage":2,"enemies":"Orb Walker","floor":36,"turns":3},{"damage":0,"enemies":"3 Darklings","floor":37,"turns":4},{"damage":1,"enemies":"Sphere and 2 Shapes","floor":38,"turns":4},{"damage":0,"enemies":"Giant Head","floor":40,"turns":6},{"damage":0,"enemies":"downfall:FleeingMerchant","floor":44,"turns":1},{"damage":0,"enemies":"Spire Growth","floor":46,"turns":4},{"damage":0,"enemies":"Nemesis","floor":48,"turns":4},{"damage":0,"enemies":"Writhing Mass","floor":49,"turns":5},{"damage":30,"enemies":"SI_POISON_ARCHETYPE","floor":50,"turns":4},{"damage":19,"enemies":"downfall:CharBossMerchant","floor":52,"turns":6},{"damage":10,"enemies":"downfall:NeowBoss","floor":55,"turns":9},{"damage":0,"enemies":"downfall:NeowBossFinal","floor":56,"turns":5}],"seed_played":"-5625411443793556231","potions_obtained":[{"floor":4,"key":"blueLaboratory:FrostheartPotion"},{"floor":6,"key":"Languid Potion"},{"floor":12,"key":"blueLaboratory:SavagePotion"},{"floor":12,"key":"Milkshake"},{"floor":14,"key":"potionbrewer:EndurancePotion"},{"floor":16,"key":"champ:CounterPotion"},{"floor":20,"key":"Fire Potion"},{"floor":22,"key":"PowerPotion"},{"floor":28,"key":"blueLaboratory:ExaltedPotion"},{"floor":31,"key":"potionbrewer:CleansingPotion"},{"floor":32,"key":"Regen Potion"},{"floor":35,"key":"blueLaboratory:NullPotion"},{"floor":35,"key":"BlessingOfTheForge"},{"floor":38,"key":"Fire Potion"},{"floor":40,"key":"Reflective Coating"},{"floor":46,"key":"potionbrewer:BoundlessPotion"}],"is_trial":false,"path_per_floor":["R","?","$","M","M","?","T","M","E","?","E","R","M","M","M","B",null,"R","M","M","?","M","R","T","?","M","E","M","$","T","M","M","B",null,"R","M","M","M","?","E","T","R","?","$","?","M","R","E","M","B",null,"E","$","R","B","B",null],"character_chosen":"SLIMEBOUND","items_purchased":["hubris:EmptyBottle","Akabeko","ReplayTheSpireMod:CursedCoin","reliquary:Spinner","StuffTheSpire:BottledEssence","Pear","potionbrewer:QuicksilverPotion","champ:CounterPotion","jedi:heavyjacket","trackpad:CultistFigurine","MerchantsRug","Strength Potion","potionbrewer:CleansingPotion"],"campfire_rested":0,"item_purchase_floors":[0,0,29,29,29,29,29,29,44,44,44,53,53],"current_hp_per_floor":[46,46,50,54,50,34,34,34,34,19,9,9,17,21,17,17,65,65,58,64,53,48,48,48,48,43,27,1,15,15,10,14,16,80,80,78,80,80,70,78,78,88,83,83,83,85,85,89,90,66,90,75,75,90,80,88],"gold":17,"neow_bonus":"","is_daily":false,"chose_seed":false,"campfire_upgraded":1,"win_rate":0.0,"timestamp":1614415755,"path_taken":["R","?","$","M","M","?","T","?","E","?","E","R","M","M","M","BOSS","R","M","M","?","M","R","T","?","M","E","M","$","?","?","M","BOSS","R","M","?","M","?","E","T","R","?","$","?","M","R","E","M","BOSS","E","$","R","BOSS","BOSS"],"items_purchased_type":["Relic","Relic","Relic","Relic","Relic","Relic","Potion","Potion","Relic","Relic","Relic","Potion","Potion"],"build_version":"2020-12-22","purchased_purges":2,"victory":true,"max_hp_per_floor":[65,65,65,65,65,65,65,65,65,65,65,65,65,65,65,65,65,65,65,65,70,70,70,70,70,70,70,70,80,80,80,80,80,80,80,80,80,80,80,80,80,90,90,90,90,90,90,90,90,90,90,90,90,90,90,90],"relic_stats":{"counters":[52,207],"Bronze Scales":[248],"Blue Candle":[10],"PreservedInsect":450,"Boot":[41],"obtain_stats":[{"Golden Egg":7,"potionbrewer:SalesContract":0,"downfall:HeartBlessingGreen":12,"StuffTheSpire:BottledEssence":29,"Boot":6,"halation:StarCompass":45,"Ring of Searing":45,"infinitespire:ShieldingShard":27,"jedi:paperlyon":17,"trackpad:AdjectivePendant":0,"trackpad:CultistFigurine":44,"MerchantsRug":0,"Slimebound:AggressiveSlimeRelic":30,"hubris:Teleporter":28,"Pear":29,"Happy Flower":28,"ReplayTheSpireMod:CursedCoin":29,"Blue Candle":43,"Pen Nib":13,"reliquary:WeakTea":7,"Akabeko":0,"SlaversCollar":17,"jedi:heavyjacket":44,"Bronze Scales":11,"Slimebound:SlimedSkullRelic":5,"aspiration:Lifesprig":0,"halation:PapillonHeart":43,"reliquary:Boomerang":41,"Blue Doll":48,"wanderingMiniBosses:AbyssPearl":31,"Juzu Bracelet":25,"Replay:Multitool":0,"expansioncontent:StudyCardRelic":34,"hubris:EmptyBottle":0,"reliquary:ThirdArm":34,"Pet Ghost":24,"Replay:Bandana":9,"hubris:Icosahedron":22,"downfall:HeartBlessingBlue":42,"Gambling Chip":46,"Toolbox":0,"MiniBlackHole":28,"Tiny Chest":3,"reliquary:RoseTintedGlasses":52,"Potion Belt":39,"downfall:HeartBlessingRed":47,"PreservedInsect":1,"infinitespire:Lucky Rock":44,"reliquary:Spinner":29,"Frozen Egg 2":48,"jedi:ominousloannote":28,"halation:EternalFortune":38,"hubris:BundleOfHerbs":0,"Slimebound:AbsorbEndCombat":0,"reliquary:TuningFork":24,"ReplayTheSpireMod:Ring of Challenge":45,"halation:PinkSoulGem":47,"hubris:Potato":40,"infinitespire:Midas Blood":28},{"Golden Egg":1,"potionbrewer:SalesContract":0,"downfall:HeartBlessingGreen":26,"StuffTheSpire:BottledEssence":37,"Boot":23,"halation:StarCompass":45,"Ring of Searing":17,"infinitespire:ShieldingShard":35,"jedi:paperlyon":7,"trackpad:AdjectivePendant":0,"trackpad:CultistFigurine":45,"MerchantsRug":0,"Slimebound:AggressiveSlimeRelic":37,"hubris:Teleporter":11,"Pear":37,"Happy Flower":11,"ReplayTheSpireMod:CursedCoin":37,"Blue Candle":44,"Pen Nib":4,"reliquary:WeakTea":23,"Akabeko":20,"SlaversCollar":30,"jedi:heavyjacket":45,"Bronze Scales":26,"Slimebound:SlimedSkullRelic":0,"aspiration:Lifesprig":0,"halation:PapillonHeart":16,"reliquary:Boomerang":16,"Blue Doll":47,"wanderingMiniBosses:AbyssPearl":38,"Juzu Bracelet":10,"Replay:Multitool":20,"expansioncontent:StudyCardRelic":40,"hubris:EmptyBottle":20,"reliquary:ThirdArm":14,"Pet Ghost":33,"Replay:Bandana":25,"hubris:Icosahedron":9,"downfall:HeartBlessingBlue":44,"Gambling Chip":18,"Toolbox":0,"MiniBlackHole":11,"Tiny Chest":0,"reliquary:RoseTintedGlasses":50,"Potion Belt":16,"downfall:HeartBlessingRed":46,"PreservedInsect":20,"infinitespire:Lucky Rock":17,"reliquary:Spinner":37,"Frozen Egg 2":18,"jedi:ominousloannote":11,"halation:EternalFortune":16,"hubris:BundleOfHerbs":0,"Slimebound:AbsorbEndCombat":0,"reliquary:TuningFork":10,"ReplayTheSpireMod:Ring of Challenge":17,"halation:PinkSoulGem":18,"hubris:Potato":44,"infinitespire:Midas Blood":11},{"Golden Egg":4,"potionbrewer:SalesContract":0,"downfall:HeartBlessingGreen":97,"StuffTheSpire:BottledEssence":139,"Boot":85,"halation:StarCompass":171,"Ring of Searing":63,"infinitespire:ShieldingShard":129,"jedi:paperlyon":26,"trackpad:AdjectivePendant":0,"trackpad:CultistFigurine":171,"MerchantsRug":0,"Slimebound:AggressiveSlimeRelic":139,"hubris:Teleporter":39,"Pear":139,"Happy Flower":39,"ReplayTheSpireMod:CursedCoin":139,"Blue Candle":170,"Pen Nib":15,"reliquary:WeakTea":85,"Akabeko":71,"SlaversCollar":112,"jedi:heavyjacket":171,"Bronze Scales":97,"Slimebound:SlimedSkullRelic":0,"aspiration:Lifesprig":0,"halation:PapillonHeart":57,"reliquary:Boomerang":57,"Blue Doll":178,"wanderingMiniBosses:AbyssPearl":144,"Juzu Bracelet":35,"Replay:Multitool":71,"expansioncontent:StudyCardRelic":154,"hubris:EmptyBottle":71,"reliquary:ThirdArm":50,"Pet Ghost":123,"Replay:Bandana":92,"hubris:Icosahedron":31,"downfall:HeartBlessingBlue":170,"Gambling Chip":66,"Toolbox":0,"MiniBlackHole":39,"Tiny Chest":0,"reliquary:RoseTintedGlasses":193,"Potion Belt":57,"downfall:HeartBlessingRed":175,"PreservedInsect":71,"infinitespire:Lucky Rock":63,"reliquary:Spinner":139,"Frozen Egg 2":66,"jedi:ominousloannote":39,"halation:EternalFortune":57,"hubris:BundleOfHerbs":0,"Slimebound:AbsorbEndCombat":0,"reliquary:TuningFork":35,"ReplayTheSpireMod:Ring of Challenge":63,"halation:PinkSoulGem":66,"hubris:Potato":170,"infinitespire:Midas Blood":39}]},"card_choices":[{"not_picked":["Slimebound:Repurpose","Slimebound:RollThrough"],"picked":"Slimebound:GoopTackle","floor":3},{"not_picked":["Slimebound:SamplingLick","Slimebound:HauntingLick","Slimebound:TongueLash"],"picked":"SKIP","floor":4},{"not_picked":["Slimebound:SamplingLick","Slimebound:HauntingLick","Slimebound:TongueLash"],"picked":"SKIP","floor":4},{"not_picked":["Slimebound:HauntingLick","Slimebound:GoopTackle","Slimebound:SlimeBarrage"],"picked":"SKIP","floor":5},{"not_picked":["Slimebound:ComboTackle","Slimebound:Teamwork"],"picked":"Slimebound:ItLooksTasty","floor":6},{"not_picked":["Slimebound:GoopTackle","Slimebound:ComboTackle"],"picked":"Slimebound:Nibble","floor":8},{"not_picked":["Slimebound:ItLooksTasty","Slimebound:DisruptingSlam"],"picked":"Slimebound:LivingWall","floor":9},{"not_picked":["infinitespire:DeathsTouch","ReplayTheSpireMod:Chaos Vortex"],"picked":"hubris:InfiniteBlow+3","floor":10},{"not_picked":["Slimebound:SamplingLick","Slimebound:Schlurp"],"picked":"Slimebound:HauntingLick","floor":11},{"not_picked":["Slimebound:SplitSpecialist","Slimebound:LeechEnergy","Slimebound:AcidTongue"],"picked":"SKIP","floor":13},{"not_picked":["Slimebound:FinishingTackle","Slimebound:GoopSpray","Slimebound:PressTheAttack"],"picked":"SKIP","floor":14},{"not_picked":["Slimebound:FlameTackle","Slimebound:LivingWall","Slimebound:Prepare"],"picked":"SKIP","floor":15},{"not_picked":["Slimebound:Teamwork","Slimebound:OozeBath"],"picked":"Slimebound:OneTwoCombo","floor":16},{"not_picked":["Slimebound:LeechingTouch+1","Slimebound:Nibble"],"picked":"Slimebound:GoopSpray+1","floor":19},{"not_picked":["Slimebound:TongueLash","Slimebound:RollThrough"],"picked":"Slimebound:Prepare+1","floor":20},{"not_picked":["Slimebound:Equalize","Slimebound:SamplingLick","Slimebound:SplitLeeching"],"picked":"SKIP","floor":22},{"not_picked":["Slimebound:LeechingTouch","Slimebound:SplitAcid+1","Slimebound:LeechEnergy+1"],"picked":"SKIP","floor":26},{"not_picked":["Slimebound:GoopSpray+1","Slimebound:LeechingTouch"],"picked":"Slimebound:SlimeSpikes+1","floor":27},{"not_picked":["Slimebound:DivideAndConquer","Slimebound:RollThrough"],"picked":"Slimebound:SplitBruiser","floor":28},{"not_picked":["Slimebound:Recollect","Slimebound:SlimeSpikes","Slimebound:RejuvenatingLick"],"picked":"SKIP","floor":29},{"not_picked":["Slimebound:SplitBruiser","Slimebound:PrepareCrush","Slimebound:SlimeTap"],"picked":"SKIP","floor":31},{"not_picked":["Slimebound:FinishingTackle","Slimebound:RollThrough","Slimebound:RejuvenatingLick"],"picked":"SKIP","floor":32},{"not_picked":["Slimebound:SplitLeeching+1","Slimebound:GoopSpray+1"],"picked":"Slimebound:SamplingLick+1","floor":36},{"not_picked":["Slimebound:SlimeTap+1","Slimebound:SpikyOuterGoop+1","Slimebound:FinishingTackle"],"picked":"SKIP","floor":37},{"not_picked":["Slimebound:GoopTackle","Slimebound:ServeAndProtect"],"picked":"Slimebound:SplitMire+1","floor":38},{"not_picked":["Replay:SS_forest_2","expansioncontent:HyperBeam"],"picked":"expansioncontent:InvincibleStrength","floor":39},{"not_picked":["expansioncontent:HyperBeam","expansioncontent:Hexaburn"],"picked":"expansioncontent:YouAreMine","floor":39},{"not_picked":["expansioncontent:Hexaburn","expansioncontent:LastStand"],"picked":"Replay:SS_fish_1","floor":39},{"not_picked":["Slimebound:HauntingLick","Slimebound:Replication"],"picked":"Slimebound:FormOfPuddle+1","floor":40},{"not_picked":["Slimebound:Nibble+1","Slimebound:Recycling","Slimebound:SplitBruiser"],"picked":"SKIP","floor":44},{"not_picked":["Slimebound:GoopTackle","Slimebound:MegaLick","Slimebound:AcidTongue+1"],"picked":"SKIP","floor":46},{"not_picked":["Slimebound:DouseInSlime","Slimebound:LeechingTouch+1","Slimebound:Recollect"],"picked":"SKIP","floor":48},{"not_picked":["Slimebound:DisruptingSlam","Slimebound:PressTheAttack","Slimebound:ItLooksTasty"],"picked":"SKIP","floor":49},{"not_picked":["Slimebound:LeechingTouch+1","Slimebound:SplitBruiser","Slimebound:ComboTackle+1"],"picked":"SKIP","floor":52},{"not_picked":["Slimebound:LeechingTouch+1","Slimebound:SplitBruiser","Slimebound:ComboTackle+1"],"picked":"SKIP","floor":52}],"player_experience":489085,"relics_obtained":[{"floor":1,"key":"PreservedInsect"},{"floor":6,"key":"Boot"},{"floor":7,"key":"reliquary:WeakTea"},{"floor":9,"key":"Replay:Bandana"},{"floor":11,"key":"Bronze Scales"},{"floor":24,"key":"Pet Ghost"},{"floor":27,"key":"infinitespire:ShieldingShard"},{"floor":30,"key":"Slimebound:AggressiveSlimeRelic"},{"floor":31,"key":"wanderingMiniBosses:AbyssPearl"},{"floor":40,"key":"hubris:Potato"},{"floor":48,"key":"Blue Doll"},{"floor":52,"key":"reliquary:RoseTintedGlasses"}],"event_choices":[],"is_beta":false,"boss_relics":[{"not_picked":["energizedSpire:EnergizedDie","hubris:CrackedHourglass"],"picked":"SlaversCollar"},{"not_picked":["reliquary:RedCape","Replay:Grab Bag"],"picked":"expansioncontent:StudyCardRelic"}],"items_purged_floors":[29,44],"is_endless":false,"potions_floor_spawned":[4,14,15,16,20,22,28,31,32,38,40,46],"ascension_level":0}}