{"host":"ypzb5vvnu9f3ii1t","time":1614438345,"event":{"mods":["AchievementEnabler","BaseMod","Colored Map","DeckTracker","Keyboard Shortcuts","Minty Spire (QoL Compilation)","Permanent Neow","Quick Restart","SuperFastMode"],"gold_per_floor":[109,58,8,22,22,22,52,65,91,121,135,135,146,160,160,265,265,281,281,297,297,65,65,93,103,158,186,186,204,204,215,215,315,315,326,346,16,30,30,30,41,41,41,41,56,87,87,98,98,98],"floor_reached":51,"language":"KOR","playtime":2334,"items_purged":["Eruption","Vigilance"],"score":1121,"play_id":"5f0c94cf-e86c-46f2-abe6-be7ca2df7b6a","local_time":"20210228000545","is_ascension_mode":true,"campfire_choices":[{"floor":15.0,"key":"REST"},{"data":"Vault","floor":23.0,"key":"SMITH"},{"data":"PathToVictory","floor":28.0,"key":"SMITH"},{"floor":32.0,"key":"REST"},{"data":"PathToVictory","floor":40.0,"key":"SMITH"},{"data":"PathToVictory","floor":42.0,"key":"SMITH"},{"data":"PathToVictory","floor":44.0,"key":"SMITH"},{"data":"Ghostly","floor":49,"key":"SMITH"}],"circlet_count":0,"master_deck":["Strike_P","Strike_P","Strike_P","Defend_P","Defend_P","Defend_P","Defend_P","Alpha+1","PathToVictory+1","PathToVictory+1","PathToVictory+1","PathToVictory+1","Vault+1","CurseOfTheBell","Ghostly+1","Ghostly","Ghostly","Ghostly","Ghostly","PathToVictory+1","Omniscience+1","PathToVictory+1","PathToVictory+1"],"relics":["PureWater","War Paint","Pen Nib","Happy Flower","Question Card","Calling Bell","Anchor","Gremlin Horn","Incense Burner","Toy Ornithopter","OrangePellets","Strawberry","Art of War","Blood Vial","MutagenicStrength","Busted Crown","Lee\u0027s Waffle","FossilizedHelix","White Beast Statue"],"acts_visited":["Exordium","TheCity","TheBeyond"],"potions_floor_usage":[50,50],"damage_taken":[{"damage":0.0,"enemies":"Small Slimes","floor":1.0,"turns":3.0},{"damage":5.0,"enemies":"2 Louse","floor":4.0,"turns":3.0},{"damage":17.0,"enemies":"3 Sentries","floor":7.0,"turns":3.0},{"damage":1.0,"enemies":"Cultist","floor":8.0,"turns":3.0},{"damage":2.0,"enemies":"Lagavulin","floor":10.0,"turns":4.0},{"damage":13.0,"enemies":"Large Slime","floor":11.0,"turns":3.0},{"damage":17.0,"enemies":"Gremlin Gang","floor":13.0,"turns":3.0},{"damage":2.0,"enemies":"2 Fungi Beasts","floor":14.0,"turns":3.0},{"damage":14.0,"enemies":"Hexaghost","floor":16.0,"turns":5.0},{"damage":14.0,"enemies":"3 Byrds","floor":18.0,"turns":4.0},{"damage":4.0,"enemies":"2 Thieves","floor":20.0,"turns":4.0},{"damage":3.0,"enemies":"Book of Stabbing","floor":24.0,"turns":5.0},{"damage":7.0,"enemies":"Snake Plant","floor":25.0,"turns":5.0},{"damage":2.0,"enemies":"Slavers","floor":27.0,"turns":5.0},{"damage":0.0,"enemies":"Centurion and Healer","floor":29.0,"turns":5.0},{"damage":1.0,"enemies":"Snecko","floor":31.0,"turns":5.0},{"damage":11.0,"enemies":"Champ","floor":33.0,"turns":8.0},{"damage":0.0,"enemies":"3 Shapes","floor":35.0,"turns":5.0},{"damage":0.0,"enemies":"3 Darklings","floor":36.0,"turns":5.0},{"damage":2.0,"enemies":"Maw","floor":38.0,"turns":5.0},{"damage":3.0,"enemies":"Writhing Mass","floor":41.0,"turns":4.0},{"damage":0.0,"enemies":"Jaw Worm Horde","floor":45.0,"turns":4.0},{"damage":0.0,"enemies":"Reptomancer","floor":46.0,"turns":4.0},{"damage":0,"enemies":"4 Shapes","floor":48,"turns":3},{"damage":3,"enemies":"Time Eater","floor":50,"turns":8}],"seed_played":"-9191177438922013402","potions_obtained":[{"floor":1.0,"key":"SteroidPotion"},{"floor":11.0,"key":"StancePotion"},{"floor":14.0,"key":"EssenceOfSteel"},{"floor":20.0,"key":"GamblersBrew"},{"floor":33.0,"key":"Strength Potion"}],"is_trial":false,"path_per_floor":["M","$","?","M","?","?","E","M","T","E","M","?","M","M","R","B",null,"M","?","M","?","$","R","E","M","T","E","R","M","?","M","R","B",null,"M","M","$","M","?","R","M","R","T","R","M","E","?","M","R","B",null],"character_chosen":"WATCHER","items_purchased":["PathToVictory","OrangePellets","Lee\u0027s Waffle","LiquidBronze"],"campfire_rested":2,"item_purchase_floors":[2,22,37,37],"current_hp_per_floor":[65,65,65,60,60,57,40,39,39,37,24,24,7,5,26,12,57,43,36,32,32,32,32,36,29,29,27,27,29,29,30,42,32,40,42,43,50,48,48,48,47,47,47,47,49,50,50,50,50,47],"gold":98,"neow_bonus":"ONE_RANDOM_RARE_CARD","is_daily":false,"chose_seed":false,"campfire_upgraded":6,"win_rate":0.0,"timestamp":1614438345,"path_taken":["M","$","?","M","?","?","E","M","T","E","M","?","?","M","R","BOSS","M","?","M","?","$","R","E","?","T","E","R","M","?","M","R","BOSS","M","M","$","M","?","R","M","R","T","R","?","E","?","?","R","BOSS"],"items_purchased_type":["Card","Relic","Relic","Potion"],"build_version":"2020-12-22","purchased_purges":2,"victory":true,"max_hp_per_floor":[72,72,72,72,72,72,72,72,72,72,72,72,72,72,72,72,72,72,36,36,36,36,36,43,43,43,43,43,43,43,43,43,43,43,43,43,50,50,50,50,50,50,50,50,50,50,50,50,50,50],"card_choices":[{"not_picked":["Swivel","Nirvana"],"picked":"PathToVictory","floor":1.0},{"not_picked":["CutThroughFate","Consecrate"],"picked":"PathToVictory","floor":4.0},{"not_picked":["Consecrate","Tantrum","Prostrate"],"picked":"SKIP","floor":7.0},{"not_picked":["Consecrate","Halt"],"picked":"PathToVictory","floor":8.0},{"not_picked":["Judgement","Vengeance","CrushJoints"],"picked":"SKIP","floor":10.0},{"not_picked":["EmptyBody","WreathOfFlame","Consecrate","FlyingSleeves"],"picked":"SKIP","floor":11.0},{"not_picked":["ReachHeaven","Crescendo","MentalFortress","Meditate"],"picked":"SKIP","floor":13.0},{"not_picked":["EmptyFist","Vengeance","Worship","CrushJoints"],"picked":"SKIP","floor":14.0},{"not_picked":["Establishment","MasterReality","Judgement"],"picked":"Vault","floor":16.0},{"not_picked":["Weave","Vengeance","EmptyFist","Consecrate"],"picked":"SKIP","floor":18.0},{"not_picked":["Collect","EmptyFist","Prostrate","Meditate"],"picked":"SKIP","floor":20.0},{"not_picked":["Prostrate","Devotion","Wireheading","ThirdEye"],"picked":"SKIP","floor":24.0},{"not_picked":["SignatureMove","Weave","FollowUp","ClearTheMind"],"picked":"SKIP","floor":25.0},{"not_picked":["FlurryOfBlows","Consecrate","BowlingBash","WaveOfTheHand+1"],"picked":"SKIP","floor":27.0},{"not_picked":["BowlingBash","WheelKick","EmptyBody+1"],"picked":"PathToVictory","floor":29.0},{"not_picked":["JustLucky+1","Sanctity+1","EmptyFist","ReachHeaven"],"picked":"SKIP","floor":31.0},{"not_picked":["Blasphemy","Devotion","LessonLearned"],"picked":"Omniscience","floor":33.0},{"not_picked":["CrushJoints+1"],"picked":"PathToVictory+1","floor":35.0},{"not_picked":["Evaluate","WheelKick"],"picked":"SKIP","floor":36.0},{"not_picked":["FlurryOfBlows","BowlingBash+1"],"picked":"SKIP","floor":38.0},{"not_picked":["Wallop","Protect"],"picked":"SKIP","floor":41.0},{"not_picked":["Collect+1","EmptyBody+1"],"picked":"SKIP","floor":45.0},{"not_picked":["Perseverance","FlurryOfBlows+1"],"picked":"SKIP","floor":46.0},{"not_picked":["Prostrate"],"picked":"PathToVictory+1","floor":48}],"player_experience":247996,"relics_obtained":[{"floor":7.0,"key":"Pen Nib"},{"floor":9.0,"key":"Happy Flower"},{"floor":10.0,"key":"Question Card"},{"floor":17.0,"key":"Anchor"},{"floor":17.0,"key":"Gremlin Horn"},{"floor":17.0,"key":"Incense Burner"},{"floor":24.0,"key":"Strawberry"},{"floor":26.0,"key":"Art of War"},{"floor":27.0,"key":"Blood Vial"},{"floor":43.0,"key":"FossilizedHelix"},{"floor":46.0,"key":"White Beast Statue"}],"event_choices":[{"cards_removed":["Strike_P"],"damage_healed":0.0,"max_hp_gain":0.0,"max_hp_loss":0.0,"gold_gain":0.0,"event_name":"The Cleric","player_choice":"Card Removal","floor":3.0,"gold_loss":50.0,"damage_taken":0.0},{"damage_healed":0.0,"max_hp_gain":0.0,"max_hp_loss":0.0,"gold_gain":0.0,"event_name":"Shining Light","player_choice":"Ignored","floor":5.0,"gold_loss":0.0,"damage_taken":0.0},{"damage_healed":0.0,"max_hp_gain":0.0,"max_hp_loss":0.0,"gold_gain":0.0,"event_name":"Scrap Ooze","player_choice":"Success","floor":6.0,"gold_loss":0.0,"damage_taken":3.0,"relics_obtained":["War Paint"]},{"damage_healed":0.0,"max_hp_gain":0.0,"max_hp_loss":0.0,"gold_gain":0.0,"event_name":"The Woman in Blue","player_choice":"Bought 0 Potions","floor":12.0,"gold_loss":0.0,"damage_taken":0.0},{"damage_healed":0.0,"max_hp_gain":0.0,"max_hp_loss":36.0,"gold_gain":0.0,"event_name":"Ghosts","player_choice":"Became a Ghost","floor":19.0,"gold_loss":0.0,"damage_taken":0.0,"cards_obtained":["Ghostly","Ghostly","Ghostly","Ghostly","Ghostly"]},{"damage_healed":0.0,"max_hp_gain":0.0,"max_hp_loss":0.0,"gold_gain":0.0,"event_name":"WeMeetAgain","player_choice":"Gave Potion","floor":21.0,"gold_loss":0.0,"damage_taken":0.0,"relics_obtained":["Toy Ornithopter"]},{"damage_healed":0.0,"max_hp_gain":0.0,"max_hp_loss":0.0,"gold_gain":0.0,"event_name":"Drug Dealer","player_choice":"Inject Mutagens","floor":30.0,"gold_loss":0.0,"damage_taken":0.0,"relics_obtained":["MutagenicStrength"]},{"damage_healed":0.0,"max_hp_gain":0.0,"max_hp_loss":0.0,"gold_gain":0.0,"event_name":"Accursed Blacksmith","player_choice":"Forge","floor":39.0,"gold_loss":0.0,"damage_taken":0.0,"cards_upgraded":["Omniscience"]},{"damage_healed":0.0,"max_hp_gain":0.0,"max_hp_loss":0.0,"gold_gain":0.0,"event_name":"Transmorgrifier","player_choice":"Ignored","floor":47.0,"gold_loss":0.0,"damage_taken":0.0}],"is_beta":false,"boss_relics":[{"not_picked":["Tiny House","Cursed Key"],"picked":"Calling Bell"},{"not_picked":["Snecko Eye","Coffee Dripper"],"picked":"Busted Crown"}],"items_purged_floors":[22,37],"is_endless":false,"potions_floor_spawned":[1,11,14,20,33,35,38,45,46,48],"ascension_level":8}}