{"host":"00olc56ucl6mk3pv","time":1614434497,"event":{"mods":["AchievementEnabler","BaseMod","Keyboard Shortcuts","Minty Spire (QoL Compilation)","Quick Restart","SuperFastMode"],"gold_per_floor":[109,109,109,34,47,47,60,80,80,110,126,26,26,46,46,120,120,132,165,179,179,194,194,227,245,270,270,270],"floor_reached":27,"language":"KOR","playtime":722,"items_purged":["Strike_G","Strike_G"],"score":520,"play_id":"852507ce-658e-494f-a14e-2fa7ea231be6","local_time":"20210227230137","is_ascension_mode":true,"campfire_choices":[{"data":"Corpse Explosion","floor":6.0,"key":"SMITH"},{"data":"Flechettes","floor":13.0,"key":"SMITH"},{"data":"Cloak And Dagger","floor":15.0,"key":"SMITH"},{"floor":23.0,"key":"REST"}],"circlet_count":0,"master_deck":["AscendersBane","Strike_G","Strike_G","Defend_G","Defend_G","Defend_G","Defend_G","Survivor","Neutralize","PiercingWail","Corpse Explosion+1","Cloak And Dagger+1","Flechettes+1","Dagger Throw","Leg Sweep","Envenom+1","Backflip+1","Calculated Gamble","Ghostly","Ghostly","Ghostly","Acrobatics","Reflex","Noxious Fumes+1"],"relics":["Ring of the Snake","Art of War","Frozen Egg 2","HoveringKite","Red Mask","Juzu Bracelet","CeramicFish"],"acts_visited":["Exordium","TheCity"],"potions_floor_usage":[],"damage_taken":[{"damage":6.0,"enemies":"Small Slimes","floor":1.0,"turns":4.0},{"damage":10.0,"enemies":"Cultist","floor":5.0,"turns":6.0},{"damage":0.0,"enemies":"2 Louse","floor":7.0,"turns":2.0},{"damage":5.0,"enemies":"Gremlin Gang","floor":8.0,"turns":4.0},{"damage":16.0,"enemies":"Lagavulin","floor":10.0,"turns":7.0},{"damage":0.0,"enemies":"2 Fungi Beasts","floor":11.0,"turns":3.0},{"damage":1.0,"enemies":"Blue Slaver","floor":14.0,"turns":4.0},{"damage":11.0,"enemies":"Hexaghost","floor":16.0,"turns":10.0},{"damage":16.0,"enemies":"2 Thieves","floor":18.0,"turns":4.0},{"damage":33.0,"enemies":"Masked Bandits","floor":19.0,"turns":4.0},{"damage":0.0,"enemies":"3 Byrds","floor":20.0,"turns":2.0},{"damage":0.0,"enemies":"3 Cultists","floor":22.0,"turns":2.0},{"damage":8.0,"enemies":"Slavers","floor":24.0,"turns":3.0},{"damage":2.0,"enemies":"Centurion and Healer","floor":25.0,"turns":5.0},{"damage":10,"enemies":"Gremlin Leader","floor":27,"turns":3}],"seed_played":"7307515525478342163","potions_obtained":[{"floor":3.0,"key":"PowerPotion"},{"floor":3.0,"key":"Block Potion"},{"floor":8.0,"key":"BlessingOfTheForge"},{"floor":14.0,"key":"ColorlessPotion"},{"floor":16.0,"key":"Weak Potion"},{"floor":22.0,"key":"Dexterity Potion"}],"is_trial":false,"path_per_floor":["M","?","?","$","M","R","M","M","T","E","M","$","R","M","R","B",null,"M","?","M","?","M","R","E","M","T","E"],"character_chosen":"THE_SILENT","items_purchased":[],"campfire_rested":1,"item_purchase_floors":[],"current_hp_per_floor":[53,53,53,53,43,43,43,38,38,22,22,22,22,21,21,10,52,36,3,3,3,3,12,4,2,2,0,0],"gold":270,"neow_bonus":"REMOVE_CARD","is_daily":false,"chose_seed":false,"campfire_upgraded":3,"win_rate":0.0,"timestamp":1614434497,"path_taken":["M","?","?","$","M","R","?","M","T","E","M","?","R","M","R","BOSS","M","?","M","?","M","R","E","M","T","E"],"items_purchased_type":[],"build_version":"2020-12-22","purchased_purges":2,"victory":false,"max_hp_per_floor":[66,66,66,66,66,66,66,66,66,66,66,66,66,66,66,66,66,66,66,66,33,33,33,33,33,33,33,33],"card_choices":[{"not_picked":["Dodge and Roll","Endless Agony"],"picked":"PiercingWail","floor":1.0},{"not_picked":["Blade Dance","Deflect"],"picked":"Cloak And Dagger","floor":5.0},{"not_picked":["Prepared","Masterful Stab"],"picked":"Flechettes","floor":7.0},{"not_picked":["Outmaneuver","Quick Slash"],"picked":"Dagger Throw","floor":8.0},{"not_picked":["Tools of the Trade+1","Acrobatics"],"picked":"Leg Sweep","floor":10.0},{"not_picked":["Quick Slash","Dagger Throw","Outmaneuver"],"picked":"SKIP","floor":11.0},{"not_picked":["PiercingWail","All Out Attack","Underhanded Strike"],"picked":"SKIP","floor":14.0},{"not_picked":["Doppelganger","Corpse Explosion"],"picked":"Envenom+1","floor":16.0},{"not_picked":["Cloak And Dagger","PiercingWail"],"picked":"Backflip+1","floor":18.0},{"not_picked":["Flying Knee","Expertise"],"picked":"Calculated Gamble","floor":20.0},{"not_picked":["Masterful Stab","Bane"],"picked":"Acrobatics","floor":22.0},{"not_picked":["Noxious Fumes+1","Slice"],"picked":"Reflex","floor":24.0},{"not_picked":["Dodge and Roll","Skewer"],"picked":"Noxious Fumes+1","floor":25.0}],"player_experience":622958,"relics_obtained":[{"floor":9.0,"key":"Art of War"},{"floor":10.0,"key":"Frozen Egg 2"},{"floor":19.0,"key":"Red Mask"},{"floor":24.0,"key":"Juzu Bracelet"},{"floor":26.0,"key":"CeramicFish"}],"event_choices":[{"damage_healed":0.0,"max_hp_gain":0.0,"max_hp_loss":0.0,"gold_gain":0.0,"cards_transformed":["Strike_G"],"event_name":"Living Wall","player_choice":"Change","floor":2.0,"gold_loss":0.0,"damage_taken":0.0,"cards_obtained":["Corpse Explosion"]},{"damage_healed":0.0,"max_hp_gain":0.0,"max_hp_loss":0.0,"gold_gain":0.0,"event_name":"Lab","player_choice":"Got Potions","floor":3.0,"gold_loss":0.0,"damage_taken":0.0},{"damage_healed":0.0,"max_hp_gain":0.0,"max_hp_loss":0.0,"gold_gain":0.0,"event_name":"Masked Bandits","player_choice":"Fought Bandits","floor":19.0,"gold_loss":0.0,"damage_taken":0.0},{"damage_healed":0.0,"max_hp_gain":0.0,"max_hp_loss":33.0,"gold_gain":0.0,"event_name":"Ghosts","player_choice":"Became a Ghost","floor":21.0,"gold_loss":0.0,"damage_taken":0.0,"cards_obtained":["Ghostly","Ghostly","Ghostly"]}],"is_beta":false,"boss_relics":[{"not_picked":["SacredBark","Philosopher\u0027s Stone"],"picked":"HoveringKite"}],"items_purged_floors":[4,12],"is_endless":false,"potions_floor_spawned":[5,8,14,16,22,24],"killed_by":"Gremlin Leader","ascension_level":20}}