{"host":"1buigr2wepn3ivn6","time":1614441866,"event":{"mods":["100% Spire Juice","BaseMod","Better Altar","BetterRewards","CapriCore","GifTheSpireLib","Minty Spire (QoL Compilation)","MostiFishMod","Reliquary","Replay The Spire","Spicy Shops","StSLib","TestMod","Transform Curses","【功能Mod】聪明的最终Boss","【遗物卡牌】REMEMod"],"gold_per_floor":[112,128,148,148,219,219,219],"floor_reached":6,"language":"ZHS","playtime":235,"items_purged":[],"score":72,"play_id":"01872ce9-bf3e-482e-ae11-0e668e957af1","local_time":"20210228000426","daily_mods":["SealedDeck","Heirloom","DeadlyEvents","Elite Swarm","Uncertain Future"],"is_ascension_mode":true,"campfire_choices":[],"circlet_count":0,"master_deck":["AscendersBane","Moonworks:ReproductionOfRecords","Moonworks:AngelHand","Moonworks:EvilSpyWorkPreparation","Moonworks:CloudOfSeagulls","Moonworks:StiffCrystal","Moonworks:CookingTime","Moonworks:MiracleRedBeanIceCream","Moonworks:EvilSpyWorkPreparation","Moonworks:IndiscriminateFireSupport","Moonworks:SakisCookie","Moonworks:BackdoorTrade","Moonworks:EvilSpyWorkPreparation","Moonworks:Dash+1","Moonworks:JonathanRush"],"relics":["Moonworks:BrokenBomb","Moonworks:Homemark","testmod-TestBox","REME_ComplimentaryCards","DaveBox","DianPoetry","SynthV:C4","testmod-BouquetWithThorns","SynthV:TestCard","Bottled Lightning"],"acts_visited":["Exordium"],"potions_floor_usage":[],"damage_taken":[{"damage":14,"enemies":"Jaw Worm","floor":1,"turns":2},{"damage":0,"enemies":"Small Slimes","floor":2,"turns":2},{"damage":8,"enemies":"2 Louse","floor":3,"turns":2},{"damage":20,"enemies":"Lagavulin","floor":6,"turns":4}],"seed_played":"784734392759374053","potions_obtained":[{"floor":2,"key":"AttackPotion"}],"is_trial":true,"path_per_floor":["M","M","M","?","T","E"],"character_chosen":"THE_STARBREAKER","items_purchased":[],"campfire_rested":0,"item_purchase_floors":[],"current_hp_per_floor":[41,51,46,46,46,35,35],"gold":219,"neow_bonus":"","is_daily":false,"chose_seed":false,"campfire_upgraded":0,"win_rate":0.0,"timestamp":1614441866,"path_taken":["M","M","M","?","?","E"],"items_purchased_type":[],"build_version":"2020-12-22","purchased_purges":0,"victory":false,"max_hp_per_floor":[55,55,55,55,55,55,55],"card_choices":[{"not_picked":["Moonworks:SakisCookie","Moonworks:BigMagnum"],"picked":"Moonworks:EvilSpyWorkPreparation","floor":1},{"not_picked":["Moonworks:BigMagnum","Moonworks:Assault","Moonworks:ForcedRevival","Moonworks:IndiscriminateFireSupport"],"picked":"Moonworks:Dash","floor":2},{"not_picked":["Moonworks:FinalSurgery","Moonworks:Assault","Moonworks:BigMagnum","Moonworks:BigBangBell"],"picked":"Moonworks:JonathanRush","floor":3}],"player_experience":195957,"relics_obtained":[{"floor":1,"key":"SynthV:TestCard"},{"floor":5,"key":"Bottled Lightning"}],"event_choices":[{"damage_healed":0,"gold_gain":0,"player_choice":"Grow","damage_taken":0,"max_hp_gain":0,"max_hp_loss":0,"event_name":"Living Wall","floor":4,"gold_loss":0,"cards_upgraded":["Moonworks:Dash"]}],"is_beta":false,"boss_relics":[],"items_purged_floors":[],"is_endless":false,"potions_floor_spawned":[2],"killed_by":"Lagavulin","ascension_level":20}}