{"host":"mqhvlr3kpxebko0t","time":1614449660,"event":{"mods":["AchievementEnabler","BaseMod","Colored Map","Colored Powertips","KOR Keyword Fix","Keyboard Shortcuts","Minty Spire (QoL Compilation)","StSLib","SuperFastMode"],"gold_per_floor":[118,134,147,167,167,167,127,127,127,27,46,72,85,102,102,173,173,183,196,96,96,96],"floor_reached":21,"language":"KOR","playtime":438,"items_purged":["Strike_R","Strike_R"],"score":366,"play_id":"acbba69e-e300-4292-8136-b7754e9eb9be","local_time":"20210228031420","is_ascension_mode":true,"campfire_choices":[{"data":"Shockwave","floor":6,"key":"SMITH"},{"data":"Pommel Strike","floor":8,"key":"SMITH"},{"data":"Pommel Strike","floor":15,"key":"SMITH"}],"circlet_count":0,"master_deck":["AscendersBane","Strike_R","Defend_R","Defend_R","Defend_R","Defend_R","Bash","Shockwave+1","Shrug It Off","Pommel Strike+1","Pommel Strike+1","Carnage","Second Wind+1"],"relics":["Burning Blood","Pear","Ornamental Fan","Ice Cream","Runic Pyramid"],"acts_visited":["Exordium","TheCity"],"potions_floor_usage":[16,19],"damage_taken":[{"damage":2.0,"enemies":"Cultist","floor":1.0,"turns":4.0},{"damage":9.0,"enemies":"Jaw Worm","floor":2.0,"turns":5.0},{"damage":4,"enemies":"Small Slimes","floor":3,"turns":4},{"damage":27,"enemies":"Gremlin Gang","floor":4,"turns":8},{"damage":6,"enemies":"Looter","floor":7,"turns":4},{"damage":11,"enemies":"Exordium Wildlife","floor":11,"turns":6},{"damage":29,"enemies":"Gremlin Nob","floor":12,"turns":4},{"damage":2,"enemies":"Red Slaver","floor":13,"turns":4},{"damage":0,"enemies":"3 Louse","floor":14,"turns":3},{"damage":74,"enemies":"The Guardian","floor":16,"turns":20},{"damage":33,"enemies":"Shell Parasite","floor":18,"turns":5},{"damage":18,"enemies":"Chosen","floor":19,"turns":4},{"damage":29,"enemies":"3 Cultists","floor":21,"turns":4}],"seed_played":"-4984642116985923387","potions_obtained":[{"floor":1.0,"key":"Weak Potion"},{"floor":12,"key":"Explosive Potion"},{"floor":13,"key":"FairyPotion"},{"floor":16,"key":"SpeedPotion"},{"floor":18,"key":"GamblersBrew"},{"floor":19,"key":"LiquidBronze"}],"is_trial":false,"path_per_floor":["M","M","M","M","?","R","M","R","T","$","M","E","M","M","R","B",null,"M","M","$","M"],"character_chosen":"IRONCLAD","items_purchased":["Pommel Strike"],"campfire_rested":0,"item_purchase_floors":[10],"current_hp_per_floor":[68,65,67,46,45,45,45,45,45,45,40,17,21,27,27,8,61,34,22,22,0,0],"gold":96,"neow_bonus":"REMOVE_TWO","is_daily":false,"chose_seed":false,"campfire_upgraded":3,"win_rate":0.0,"timestamp":1614449660,"path_taken":["M","?","M","M","?","R","M","R","T","$","M","E","M","M","R","BOSS","M","M","$","M"],"items_purchased_type":["Card"],"build_version":"2020-12-22","purchased_purges":2,"victory":false,"max_hp_per_floor":[68,68,68,68,78,78,78,78,78,78,78,78,78,78,78,78,78,78,78,78,78,78],"card_choices":[{"not_picked":["Intimidate","Heavy Blade"],"picked":"Shockwave","floor":1.0},{"not_picked":["Flex","Power Through"],"picked":"Shrug It Off","floor":2},{"not_picked":["Spot Weakness","Sword Boomerang","Feel No Pain"],"picked":"SKIP","floor":3},{"not_picked":["Iron Wave","Reckless Charge","Infernal Blade"],"picked":"SKIP","floor":4},{"not_picked":["Pummel","Headbutt"],"picked":"Pommel Strike","floor":7},{"not_picked":["Ghostly Armor","Iron Wave"],"picked":"Carnage","floor":11},{"not_picked":["Twin Strike","Body Slam","Anger"],"picked":"SKIP","floor":12},{"not_picked":["Feed","Armaments","Iron Wave"],"picked":"SKIP","floor":13},{"not_picked":["Searing Blow","Cleave","Sever Soul"],"picked":"SKIP","floor":14},{"not_picked":["Wild Strike","Searing Blow","Iron Wave"],"picked":"SKIP","floor":18},{"not_picked":["Perfected Strike","Clothesline+1"],"picked":"Second Wind+1","floor":19}],"player_experience":725439,"relics_obtained":[{"floor":9,"key":"Ornamental Fan"},{"floor":12,"key":"Ice Cream"}],"event_choices":[{"damage_healed":0,"gold_gain":0,"player_choice":"Success","damage_taken":11,"relics_obtained":["Pear"],"max_hp_gain":0,"max_hp_loss":0,"event_name":"Scrap Ooze","floor":5,"gold_loss":0}],"is_beta":false,"boss_relics":[{"not_picked":["Philosopher\u0027s Stone","Coffee Dripper"],"picked":"Runic Pyramid"}],"items_purged_floors":[10,20],"is_endless":false,"potions_floor_spawned":[1,12,13,14,16,18,19],"killed_by":"3 Cultists","ascension_level":20}}