{"host":"k73jsiy5lznhl6mk","time":1614400960,"event":{"mods":["BaseMod","Colored Map","Colored Powertips","Highlight Path","Infinite Spire","Ironclad Rager","Minty Spire (QoL Compilation)","Retaliation","Spicy Shops","StSLib","The Blue Laboratory","The Jungle","Uncapped"],"gold_per_floor":[11,11,11,27,37,47,47,129,129,141,157,187,197,58,58,158,158,178,538,54,54,54],"floor_reached":21,"language":"ENG","playtime":1080,"items_purged":["Decay"],"score":171,"play_id":"50ddd3bd-71d1-4616-8c9f-f8633e018673","local_time":"20210226204240","is_ascension_mode":false,"campfire_choices":[{"floor":15,"key":"REST"}],"circlet_count":0,"master_deck":["Bash","Parasite","Twin Strike","Twin Strike","Twin Strike","Twin Strike","Twin Strike","Iron Wave","Iron Wave","Iron Wave","Iron Wave","DDmod:SpikeInjectionSkill","Sword Boomerang","Limit Break","Thunderclap","Ghostly Armor","infinitespire:OneForAll","DDmod:SpikeInjectionSkill","Reaper","Armaments","Shrug It Off"],"relics":["Cracked Core","Regal Pillow","infinitespire:Cubic Diamond","Paper Frog","Ornamental Fan","Odd Mushroom","Chemical X","Anchor","Black Star","Blue Candle","infinitespire:ShieldingShard"],"acts_visited":["Exordium","TheCity"],"potions_floor_usage":[12,16,16,21,21],"damage_taken":[{"damage":11,"enemies":"Jaw Worm","floor":1,"turns":2},{"damage":0,"enemies":"Small Slimes","floor":4,"turns":3},{"damage":0,"enemies":"Cultist","floor":5,"turns":3},{"damage":7,"enemies":"3 Louse","floor":6,"turns":3},{"damage":7,"enemies":"Blue Slaver","floor":10,"turns":3},{"damage":8,"enemies":"Large Slime","floor":11,"turns":3},{"damage":0,"enemies":"The Mushroom Lair","floor":12,"turns":2},{"damage":0,"enemies":"2 Fungi Beasts","floor":13,"turns":2},{"damage":60,"enemies":"The Guardian","floor":16,"turns":7},{"damage":22,"enemies":"Chosen","floor":18,"turns":5},{"damage":14,"enemies":"Shell Parasite","floor":21,"turns":3}],"seed_played":"1846965913131318111","potions_obtained":[{"floor":4,"key":"DDmod:CleansePotion"},{"floor":6,"key":"AttackPotion"},{"floor":11,"key":"AttackPotion"},{"floor":12,"key":"DistilledChaos"},{"floor":16,"key":"Strength Potion"},{"floor":18,"key":"blueLaboratory:AbyssPotion"}],"is_trial":false,"path_per_floor":["M","?","?","M","M","M","?","T","T","M","M","?","M","$","R","B",null,"M","?","$","M"],"character_chosen":"IRONCLAD","items_purchased":["Chemical X","Anchor","Blue Candle","infinitespire:ShieldingShard","Shrug It Off"],"campfire_rested":1,"item_purchase_floors":[14,14,20,20,20],"current_hp_per_floor":[46,46,46,52,58,57,57,57,57,50,42,42,42,42,72,12,72,50,14,14,0,0],"gold":54,"neow_bonus":"IRONCLAD_BERSERKER","is_daily":false,"chose_seed":false,"campfire_upgraded":0,"win_rate":0.0,"timestamp":1614400960,"path_taken":["M","?","?","?","M","M","?","?","T","M","M","?","M","$","R","BOSS","M","?","$","M"],"items_purchased_type":["Relic","Relic","Relic","Relic","Card"],"build_version":"2020-12-22","purchased_purges":1,"victory":false,"max_hp_per_floor":[72,72,72,72,72,72,72,72,72,72,72,72,72,72,72,72,72,72,72,72,72,72],"card_choices":[{"not_picked":["Shrug It Off","DDmod:PokeAttack"],"picked":"Dropkick","floor":1},{"not_picked":["Anger","Combust"],"picked":"DDmod:SpikeInjectionSkill","floor":4},{"not_picked":["Wild Strike","DDmod:CallousedSkill"],"picked":"Sword Boomerang","floor":5},{"not_picked":["Anger","Wild Strike"],"picked":"Limit Break","floor":6},{"not_picked":["Wild Strike","Anger"],"picked":"Thunderclap","floor":10},{"not_picked":["Hemokinesis","DDmod:EasePowerCard"],"picked":"Ghostly Armor","floor":11},{"not_picked":["Sever Soul","Cleave"],"picked":"infinitespire:OneForAll","floor":12},{"not_picked":["Havoc","Bloodletting"],"picked":"DDmod:SpikeInjectionSkill","floor":13},{"not_picked":["DDmod:GrandUltimatumAttack","Feed"],"picked":"Reaper","floor":16},{"not_picked":["Twin Strike","Reckless Charge+1"],"picked":"Armaments","floor":18}],"player_experience":454833,"relics_obtained":[{"floor":8,"key":"Paper Frog"},{"floor":9,"key":"Ornamental Fan"},{"floor":12,"key":"Odd Mushroom"}],"event_choices":[{"damage_healed":0,"gold_gain":0,"player_choice":"Ignored","damage_taken":0,"max_hp_gain":0,"max_hp_loss":0,"event_name":"Golden Wing","floor":2,"gold_loss":0},{"cards_removed":["Dropkick"],"damage_healed":0,"gold_gain":0,"player_choice":"Gave Card","damage_taken":0,"relics_obtained":["Regal Pillow"],"max_hp_gain":0,"max_hp_loss":0,"event_name":"WeMeetAgain","floor":3,"gold_loss":0},{"damage_healed":0,"gold_gain":0,"player_choice":"Fought Mushrooms","damage_taken":0,"max_hp_gain":0,"max_hp_loss":0,"event_name":"Mushrooms","floor":12,"gold_loss":0},{"damage_healed":0,"gold_gain":360,"player_choice":"GOLD GOLD GOLD GOLD ","damage_taken":36,"max_hp_gain":0,"max_hp_loss":0,"event_name":"Knowing Skull","floor":19,"potions_obtained":[],"gold_loss":0,"cards_obtained":[]}],"is_beta":false,"boss_relics":[{"not_picked":["Pandora\u0027s Box","Runic Pyramid"],"picked":"Black Star"}],"items_purged_floors":[20],"is_endless":false,"potions_floor_spawned":[4,6,11,12,16,18],"killed_by":"Shell Parasite","ascension_level":0}}