{"host":"jxmsv4d84jcvxth5","time":1614395414,"event":{"mods":["AchievementEnabler","BaseMod","Colored Map","Minty Spire (QoL Compilation)","Relic Stats","StSLib"],"gold_per_floor":[110,110,123,136,154,154,164,164,164,175,23,57,57,101,101,101,101],"floor_reached":16,"language":"ENG","playtime":735,"items_purged":["Strike_G"],"score":224,"play_id":"8ab03c7f-c3d4-40d1-95b7-90039126ec66","local_time":"20210226221014","is_ascension_mode":true,"campfire_choices":[{"data":"Predator","floor":6.0,"key":"SMITH"},{"floor":13,"key":"REST"},{"data":"Bouncing Flask","floor":15,"key":"SMITH"}],"circlet_count":0,"master_deck":["AscendersBane","Strike_G","Strike_G","Strike_G","Strike_G","Defend_G","Defend_G","Defend_G","Defend_G","Defend_G","Survivor","Neutralize+1","Finisher+1","Predator+1","Dagger Spray","PiercingWail","Leg Sweep","Bouncing Flask+1","Cloak And Dagger"],"relics":["Ring of the Snake","Gremlin Horn","CeramicFish","TungstenRod"],"acts_visited":["Exordium"],"potions_floor_usage":[14,14],"damage_taken":[{"damage":4.0,"enemies":"Jaw Worm","floor":1.0,"turns":6.0},{"damage":9.0,"enemies":"Small Slimes","floor":3.0,"turns":4.0},{"damage":0.0,"enemies":"Cultist","floor":4.0,"turns":3.0},{"damage":3.0,"enemies":"Red Slaver","floor":5.0,"turns":3.0},{"damage":0.0,"enemies":"Blue Slaver","floor":7.0,"turns":4.0},{"damage":6,"enemies":"Looter","floor":10,"turns":3},{"damage":30,"enemies":"3 Sentries","floor":12,"turns":11},{"damage":8,"enemies":"Gremlin Nob","floor":14,"turns":3},{"damage":20,"enemies":"Hexaghost","floor":16,"turns":9}],"seed_played":"-2291721126971808211","potions_obtained":[{"floor":1.0,"key":"Block Potion"},{"floor":3.0,"key":"LiquidMemories"},{"floor":7.0,"key":"LiquidMemories"},{"floor":10,"key":"PowerPotion"}],"is_trial":false,"path_per_floor":["M","?","M","M","M","R","M","?","T","M","$","E","R","E","R","B"],"character_chosen":"THE_SILENT","items_purchased":["Leg Sweep"],"campfire_rested":1,"item_purchase_floors":[11],"current_hp_per_floor":[55,55,46,46,43,43,43,43,43,37,37,7,26,18,18,0,0],"gold":101,"neow_bonus":"UPGRADE_CARD","is_daily":false,"chose_seed":false,"campfire_upgraded":2,"win_rate":0.0,"timestamp":1614395414,"path_taken":["M","?","M","M","M","R","M","?","T","?","?","E","R","E","R","BOSS"],"items_purchased_type":["Card"],"build_version":"2020-12-22","purchased_purges":1,"victory":false,"max_hp_per_floor":[66,66,66,66,66,66,66,66,66,66,66,66,66,66,66,66,66],"relic_stats":{"Gremlin Horn":[2,2],"counters":[9,46],"CeramicFish":18,"obtain_stats":[{"Gremlin Horn":9,"CeramicFish":12,"TungstenRod":14,"Ring of the Snake":0},{"Gremlin Horn":5,"CeramicFish":7,"TungstenRod":8,"Ring of the Snake":0},{"Gremlin Horn":20,"CeramicFish":34,"TungstenRod":37,"Ring of the Snake":0}],"TungstenRod":8,"Ring of the Snake":[18]},"card_choices":[{"not_picked":["Setup","Outmaneuver"],"picked":"Finisher","floor":1.0},{"not_picked":["Prepared","Calculated Gamble"],"picked":"Predator","floor":3.0},{"not_picked":["Concentrate","Outmaneuver"],"picked":"Dagger Spray","floor":4.0},{"not_picked":["Bane","Dagger Throw","Deadly Poison"],"picked":"SKIP","floor":5.0},{"not_picked":["Well Laid Plans","Poisoned Stab"],"picked":"PiercingWail","floor":7.0},{"not_picked":["Catalyst","Outmaneuver","Finisher"],"picked":"SKIP","floor":10},{"not_picked":["Choke","Poisoned Stab"],"picked":"Bouncing Flask","floor":12},{"not_picked":["Prepared","Heel Hook"],"picked":"Cloak And Dagger","floor":14}],"player_experience":1608087,"relics_obtained":[{"floor":9,"key":"Gremlin Horn"},{"floor":12,"key":"CeramicFish"},{"floor":14,"key":"TungstenRod"}],"event_choices":[{"damage_healed":0.0,"max_hp_gain":0.0,"max_hp_loss":0.0,"gold_gain":0.0,"event_name":"Living Wall","player_choice":"Grow","floor":2.0,"gold_loss":0.0,"damage_taken":0.0,"cards_upgraded":["Finisher"]},{"damage_healed":0,"gold_gain":0,"player_choice":"Leave","damage_taken":0,"max_hp_gain":0,"max_hp_loss":0,"event_name":"FaceTrader","floor":8,"gold_loss":0}],"is_beta":false,"boss_relics":[],"items_purged_floors":[11],"is_endless":false,"potions_floor_spawned":[1,3,7,10],"killed_by":"Hexaghost","ascension_level":20}}