{"host":"28wgp68li8o525n6","time":1614449531,"event":{"mods":["BaseMod","Minty Spire (QoL Compilation)","Reliquary","StSLib","The Marked","Trackpad"],"gold_per_floor":[219,169,169,181,27,54,54,88,88,116,134,134,134,151,151,256,256,269,169,184,184,184,216,216,241,241,241,116,128,140,152,152,248,248,263,363,377,391,63,63,80,80,156,6,6,32,32,48,48,48],"floor_reached":51,"language":"ENG","playtime":3278,"items_purged":["theMarked:Strike","theMarked:Strike","theMarked:Strike","theMarked:Defend"],"score":859,"play_id":"a6ab5294-95b0-4259-90eb-702c82ef6f0e","local_time":"20210227191211","is_ascension_mode":true,"campfire_choices":[{"data":"theMarked:OneWithTheBlade","floor":7,"key":"SMITH"},{"data":"theMarked:ParalyzingBlade","floor":13,"key":"SMITH"},{"data":"theMarked:RogueSparks","floor":15,"key":"SMITH"},{"data":"theMarked:ChannelForce","floor":24,"key":"SMITH"},{"data":"theMarked:SelfDefenseTraining","floor":27,"key":"SMITH"},{"data":"theMarked:Levitate","floor":32,"key":"SMITH"},{"floor":40,"key":"REST"},{"floor":42,"key":"REST"},{"data":"theMarked:SoldierOfQuellstein","floor":45,"key":"SMITH"},{"floor":49,"key":"DIG"}],"circlet_count":0,"master_deck":["theMarked:Defend","theMarked:Defend","theMarked:Defend","theMarked:SoldierOfQuellstein+1","theMarked:ParalyzingBlade+1","theMarked:Electrocute","theMarked:OneWithTheBlade+1","theMarked:PowerFlow","theMarked:Levitate+1","theMarked:Electrify","theMarked:RogueSparks+1","theMarked:EternalStudent","theMarked:SelfDefenseTraining+1","theMarked:ChannelForce+1","theMarked:MuscleMemory","theMarked:SelfDefenseTraining+1"],"relics":["theMarked:ArtifactOfAir","Prayer Wheel","Shovel","trackpad:GuardianSpirit","reliquary:SharkskinSheath","Snecko Eye","reliquary:TuningFork","Dead Branch","reliquary:Spinner","StoneCalendar","reliquary:WritOfMandamus","Mummified Hand","Blue Candle","Question Card","reliquary:SilkGlove"],"acts_visited":["Exordium","TheCity","TheBeyond"],"potions_floor_usage":[6,6,18,48],"damage_taken":[{"damage":1,"enemies":"Cultist","floor":1,"turns":4},{"damage":0,"enemies":"Jaw Worm","floor":4,"turns":3},{"damage":20,"enemies":"Gremlin Nob","floor":6,"turns":4},{"damage":6,"enemies":"Lagavulin","floor":8,"turns":6},{"damage":19,"enemies":"Gremlin Nob","floor":10,"turns":4},{"damage":0,"enemies":"2 Louse","floor":11,"turns":3},{"damage":5,"enemies":"Lots of Slimes","floor":14,"turns":4},{"damage":11,"enemies":"Slime Boss","floor":16,"turns":6},{"damage":22,"enemies":"Spheric Guardian","floor":18,"turns":4},{"damage":5,"enemies":"Shell Parasite","floor":20,"turns":5},{"damage":0,"enemies":"Slavers","floor":23,"turns":6},{"damage":11,"enemies":"Gremlin Leader","floor":25,"turns":4},{"damage":0,"enemies":"Cultist and Chosen","floor":29,"turns":3},{"damage":0,"enemies":"Snake Plant","floor":30,"turns":1},{"damage":2,"enemies":"Centurion and Healer","floor":31,"turns":4},{"damage":28,"enemies":"Champ","floor":33,"turns":8},{"damage":59,"enemies":"3 Darklings","floor":35,"turns":8},{"damage":7,"enemies":"Orb Walker","floor":37,"turns":3},{"damage":14,"enemies":"Writhing Mass","floor":38,"turns":4},{"damage":4,"enemies":"Jaw Worm Horde","floor":41,"turns":3},{"damage":0,"enemies":"Giant Head","floor":46,"turns":3},{"damage":2,"enemies":"Transient","floor":48,"turns":5},{"damage":23,"enemies":"Donu and Deca","floor":50,"turns":6}],"seed_played":"4293646964363864209","potions_obtained":[{"floor":4,"key":"EntropicBrew"},{"floor":14,"key":"DuplicationPotion"},{"floor":16,"key":"ColorlessPotion"},{"floor":18,"key":"theMarked:SummonPotion"},{"floor":25,"key":"Ancient Potion"},{"floor":30,"key":"theMarked:ChargePotion"},{"floor":38,"key":"SkillPotion"}],"is_trial":false,"path_per_floor":["M","?","$","M","$","E","R","E","T","E","M","?","R","M","R","B",null,"M","$","M","?","?","E","R","E","T","R","$","M","M","M","R","B",null,"M","?","M","M","$","R","M","R","T","$","R","E","?","M","R","B",null],"character_chosen":"THE_DEFAULT","items_purchased":["theMarked:OneWithTheBlade","Mummified Hand","theMarked:MuscleMemory"],"campfire_rested":2,"item_purchase_floors":[5,39,39],"current_hp_per_floor":[71,71,71,71,71,51,51,45,45,26,26,19,19,14,14,3,72,50,50,45,45,45,45,45,34,34,34,34,34,34,32,32,4,72,13,13,6,15,15,36,32,53,53,53,53,53,53,51,51,28],"gold":48,"neow_bonus":"HUNDRED_GOLD","is_daily":false,"chose_seed":false,"campfire_upgraded":7,"win_rate":0.0,"timestamp":1614449531,"path_taken":["M","?","$","M","$","E","R","E","T","E","M","?","R","M","R","BOSS","M","$","M","?","?","E","R","E","T","R","$","M","?","M","R","BOSS","M","?","M","M","$","R","M","R","T","?","R","E","?","M","R","BOSS"],"items_purchased_type":["Card","Relic","Card"],"build_version":"2020-12-22","purchased_purges":4,"victory":true,"max_hp_per_floor":[72,72,72,72,72,72,72,72,72,72,72,72,72,72,72,72,72,72,72,72,72,72,72,72,72,72,72,72,72,72,72,72,72,72,72,72,72,72,72,72,72,72,72,72,72,72,72,72,72,72],"card_choices":[{"not_picked":["theMarked:Parkour","theMarked:TunnelVision"],"picked":"theMarked:ParalyzingBlade","floor":1},{"not_picked":["theMarked:ComboAttacks","theMarked:ElectricStrings"],"picked":"theMarked:Electrocute","floor":4},{"not_picked":["theMarked:RepellingDischarge","theMarked:Generate"],"picked":"theMarked:PowerFlow","floor":6},{"not_picked":["theMarked:Convert","theMarked:Aftermath"],"picked":"theMarked:Levitate","floor":8},{"not_picked":["theMarked:HeightenedSenses","theMarked:Frustration","theMarked:Determination"],"picked":"SKIP","floor":10},{"not_picked":["theMarked:Parkour","theMarked:TakeCover","theMarked:TwofoldDefense"],"picked":"SKIP","floor":11},{"not_picked":["theMarked:EmpowerWeapon","theMarked:TwofoldDefense","theMarked:TakeCover"],"picked":"SKIP","floor":11},{"not_picked":["theMarked:EmpowerWeapon","theMarked:Static"],"picked":"theMarked:Electrify","floor":14},{"not_picked":["theMarked:SwordAndMagic","theMarked:Memento"],"picked":"theMarked:RogueSparks","floor":14},{"not_picked":["theMarked:MagusForm","theMarked:BindingBlade"],"picked":"theMarked:EternalStudent","floor":16},{"not_picked":["theMarked:TakeCover+1","theMarked:Frustration","theMarked:Aftermath"],"picked":"SKIP","floor":18},{"not_picked":["theMarked:ChainLightning","theMarked:WastefulAttack","theMarked:Seal"],"picked":"SKIP","floor":18},{"not_picked":["theMarked:UnarmedFury","theMarked:PowerFlow","theMarked:TakeCover"],"picked":"SKIP","floor":20},{"not_picked":["theMarked:TwofoldDefense","theMarked:Pokerface","theMarked:Electrify+1"],"picked":"SKIP","floor":20},{"not_picked":["theMarked:EmpowerWeapon","theMarked:RepellingDischarge"],"picked":"theMarked:ChannelForce","floor":23},{"not_picked":["theMarked:Parry","theMarked:CreepingChasm","theMarked:MagusForm"],"picked":"SKIP","floor":25},{"not_picked":["theMarked:TwofoldDefense","theMarked:ElectricStrings+1","theMarked:Polarize+1"],"picked":"SKIP","floor":29},{"not_picked":["theMarked:TunnelVision","theMarked:Polarize","theMarked:Memento"],"picked":"SKIP","floor":29},{"not_picked":["theMarked:EmpowerWeapon+1","theMarked:Panic","theMarked:SwordAndMagic"],"picked":"SKIP","floor":30},{"not_picked":["theMarked:TakeOffHeels","theMarked:Aftermath+1","theMarked:EnhanceMovement"],"picked":"SKIP","floor":30},{"not_picked":["theMarked:KeepCalmAndFight","theMarked:Aftermath","theMarked:Parkour+1"],"picked":"SKIP","floor":31},{"not_picked":["theMarked:ResourceFulStrike","theMarked:WastefulAttack","theMarked:ContemptForTheProud"],"picked":"SKIP","floor":31},{"not_picked":["theMarked:Parkour+1","theMarked:Polarize","theMarked:BanishingWave+1"],"picked":"SKIP","floor":35},{"not_picked":["theMarked:Aftermath+1","theMarked:ResourceFulStrike+1","theMarked:SwordAndMagic"],"picked":"SKIP","floor":35},{"not_picked":["theMarked:ChannelForce","theMarked:PowerFlow+1","theMarked:Friction"],"picked":"SKIP","floor":37},{"not_picked":["theMarked:OneWithTheBlade+1","theMarked:AttractMetal","theMarked:SwordAndMagic"],"picked":"SKIP","floor":37},{"not_picked":["theMarked:TakeCover+1","theMarked:RepellingDischarge+1","theMarked:Overcharge"],"picked":"SKIP","floor":38},{"not_picked":["theMarked:Frustration","theMarked:Polarize+1","theMarked:WardOff"],"picked":"SKIP","floor":38},{"not_picked":["theMarked:BanishingWave+1","theMarked:EternalStudent","theMarked:TakeCover"],"picked":"SKIP","floor":41},{"not_picked":["theMarked:BanishingStrike+1","theMarked:Frustration+1","theMarked:Memento+1"],"picked":"SKIP","floor":41},{"not_picked":["theMarked:RepellingDischarge+1","theMarked:WardOff"],"picked":"theMarked:SelfDefenseTraining+1","floor":46},{"not_picked":["theMarked:Parry+1","theMarked:RepellingDischarge","theMarked:SwordAndMagic","theMarked:Parkour+1"],"picked":"SKIP","floor":48},{"not_picked":["theMarked:BanishingStrike+1","theMarked:TakeCover+1","theMarked:SwordAndMagic","theMarked:KeepCalmAndFight+1"],"picked":"SKIP","floor":48}],"player_experience":795473,"relics_obtained":[{"floor":6,"key":"Prayer Wheel"},{"floor":8,"key":"Shovel"},{"floor":9,"key":"trackpad:GuardianSpirit"},{"floor":10,"key":"reliquary:SharkskinSheath"},{"floor":23,"key":"Dead Branch"},{"floor":25,"key":"reliquary:Spinner"},{"floor":26,"key":"StoneCalendar"},{"floor":43,"key":"Blue Candle"},{"floor":46,"key":"Question Card"},{"floor":49,"key":"reliquary:SilkGlove"}],"event_choices":[{"cards_removed":["theMarked:Strike"],"damage_healed":0,"gold_gain":0,"player_choice":"Card Removal","damage_taken":0,"max_hp_gain":0,"max_hp_loss":0,"event_name":"The Cleric","floor":2,"gold_loss":50},{"cards_removed":["theMarked:Strike"],"damage_healed":0,"gold_gain":0,"player_choice":"Card Removal","damage_taken":7,"max_hp_gain":0,"max_hp_loss":0,"event_name":"Golden Wing","floor":12,"gold_loss":0},{"damage_healed":0,"gold_gain":0,"player_choice":"Read","damage_taken":0,"max_hp_gain":0,"max_hp_loss":0,"event_name":"The Library","floor":21,"gold_loss":0,"cards_obtained":["theMarked:SelfDefenseTraining"]},{"damage_healed":0,"gold_gain":0,"player_choice":"Gave Potion","damage_taken":0,"relics_obtained":["reliquary:TuningFork"],"max_hp_gain":0,"max_hp_loss":0,"event_name":"WeMeetAgain","floor":22,"gold_loss":0},{"damage_healed":0,"gold_gain":100,"player_choice":"Pray","damage_taken":0,"max_hp_gain":0,"max_hp_loss":0,"event_name":"Golden Shrine","floor":36,"gold_loss":0},{"damage_healed":0,"gold_gain":0,"player_choice":"Memory 1","damage_taken":0,"max_hp_gain":0,"max_hp_loss":0,"event_name":"SensoryStone","floor":47,"gold_loss":0}],"is_beta":false,"boss_relics":[{"not_picked":["Sozu","Runic Pyramid"],"picked":"Snecko Eye"},{"not_picked":["Empty Cage","Philosopher\u0027s Stone"],"picked":"reliquary:WritOfMandamus"}],"items_purged_floors":[5,19,28,44],"is_endless":false,"potions_floor_spawned":[4,10,14,16,18,25,30,31,35,37,38,41],"ascension_level":2}}