{"host":"i73ch23exsqar74a","time":1614419591,"event":{"mods":["AchievementEnabler","Act Like it!","Arknights","Aspiration","Astrologer","Bard","BaseMod","Beaked The Cultist","Better Sensory Stone","CCEM2","CapriCore","Challenge The Spire","ChefMod","Chen","Colored Map","Colored Powertips","Conjunction","Conspire","Downfall","Fireblade Mod","FutureSeer","GifTheSpireLib","Glutton Mod","Gremlin Mod","Halation","Hermit","Highlight Path","HololiveMod","Hubris","Infinite Spire","Jedi Mod","Library of Ruina","Library of Ruina Extra","Lobotomy","LobotomyExtend","Luminous","Marked Mod","Minty Spire (QoL Compilation)","Prisma Mod","Quarter Circle Forward PUNCH!","Quick Restart","Random Character Button","RatMod","Relic Sorter","Reliquary","Replay The Spire","Ruina","SOS???????","Shade Mod","Spicy Shops","Spikes Relics","Spire Arcade","StSLib","Stuff the Spire","The Alterego","The Animator","The Bug Knight","The Construct","The Cursed","The Druid","The Exalted","The Immortal","The Judge","The Poker Player","The Sage","The Wild Card","TheHero","TheSwordswoman","TheVacant","TheVelvet","Thieving Mod","Yuri Mod","???Mod??????Boss","???mod?????"],"gold_per_floor":[113,129,143,61,61,61,88,88,88,12,26,26,26,39,39,163,163,163,163,163,212,0,36,36,86,86,117,133,133,166,212,212,342,342,365,365,386,410,426,426,460,460,460,474,519,519,572,615,615,615,645,645,645,320,364,364],"floor_reached":57,"language":"ENG","playtime":4932,"items_purged":[],"score":1364,"play_id":"0f15e4b7-37ab-48b4-a2ae-e626b05b87ea","local_time":"20210227135311","is_ascension_mode":true,"campfire_choices":[{"floor":6.0,"key":"REST"},{"data":"SenseQuarry","floor":12.0,"key":"SMITH"},{"data":"Parry","floor":15.0,"key":"SMITH"},{"data":"ChargeUp","floor":24.0,"key":"SMITH"},{"data":"Observe","floor":29.0,"key":"SMITH"},{"data":"Unlock1","floor":32.0,"key":"SMITH"},{"data":"VioletBlade","floor":40.0,"key":"SMITH"},{"data":"TrashDisposal","floor":42.0,"key":"SMITH"},{"data":"MokouMod:BurningDraft","floor":46,"key":"SMITH"},{"data":"NonstopAssault","floor":53,"key":"SMITH"}],"circlet_count":0,"master_deck":["Dodge","LightDefense","LightAttack","LightDefense","ChargeAndCover","FocusedStrikes","hubris:Insight","BiAn","ToOvercomeCrisis","FrontalAssault","Parry+1","SenseQuarry+1","Diversion","AsThePrescriptOrders","ClassAndRespect","GutHarvesting","SerpentSwordTechnique","TheRedNotes","Observe+1","TheWillOfTheCity+1","VioletBlade+1","ChargeUp+1","Zzzzzap+1","Unlock1+1","LawAndOrder","ChopItOff","DaringDecision","FireBladeMod:ComboSlashes","WordoMod:ScatterAshes","SharpCut_Black","MokouMod:BurningDraft+1","animator:MamiTomoe+1","NonstopAssault+1","Decay","TrashDisposal+1","PreemptiveStrike","IngredientHunt+1","SunsetBlade+1","KeepItFresh+1","FierceCharge","Eliminate"],"relics":["PageOfLibrarian","LetterFromLob","Bronze Scales","Bromod:ArcaneMomentum","Toy Ornithopter","ReplayTheSpireMod:TigerMarble","Golden Idol","infinitespire:Cupcake","Gaze_r","Orrery","PageOfPorccubus","CCEMRelics:FryingPan","Orichalcum","infinitespire:Satchel","qcfpunch:Killian_Engine_Alpha","PageOfThreeBirds","CCEMRelics:WhiteRose","PageOfSnowWhitesApple","CCEMRelics:JestersCrown","Bag of Preparation","hubris:BottledRain"],"acts_visited":["Exordium","Exordium","TheBeyond","TheEnding"],"potions_floor_usage":[],"damage_taken":[{"damage":0.0,"enemies":"Small Slimes","floor":1.0,"turns":2.0},{"damage":3.0,"enemies":"conspire:RoseBush","floor":2.0,"turns":3.0},{"damage":0.0,"enemies":"Jaw Worm","floor":3.0,"turns":3.0},{"damage":10.0,"enemies":"3 Sentries","floor":7.0,"turns":6.0},{"damage":0.0,"enemies":"3 Louse","floor":11.0,"turns":2.0},{"damage":13.0,"enemies":"Exordium Wildlife","floor":14.0,"turns":2.0},{"damage":0.0,"enemies":"Hexaghost","floor":16.0,"turns":7.0},{"damage":15.0,"enemies":"ruina:3_Bats","floor":18.0,"turns":2.0},{"damage":10.0,"enemies":"ruina:3_Bats","floor":21.0,"turns":4.0},{"damage":0.0,"enemies":"ruina:RoadHome","floor":23.0,"turns":4.0},{"damage":0.0,"enemies":"ruina:2_Scarecrows","floor":25.0,"turns":2.0},{"damage":2.0,"enemies":"ruina:ServantOfWrath","floor":27.0,"turns":3.0},{"damage":0.0,"enemies":"ruina:KingOfGreed","floor":28.0,"turns":2.0},{"damage":11.0,"enemies":"ruina:RoadHome","floor":30.0,"turns":5.0},{"damage":0.0,"enemies":"ruina:QueenOfHate","floor":31.0,"turns":3.0},{"damage":15.0,"enemies":"ruina:Ozma","floor":33.0,"turns":5.0},{"damage":4.0,"enemies":"3 Darklings","floor":35.0,"turns":3.0},{"damage":0.0,"enemies":"Orb Walker","floor":37.0,"turns":2.0},{"damage":15.0,"enemies":"Maw","floor":38.0,"turns":3.0},{"damage":0.0,"enemies":"Jaw Worm Horde","floor":39.0,"turns":2.0},{"damage":16.0,"enemies":"Nemesis","floor":41.0,"turns":3.0},{"damage":2.0,"enemies":"Spire Growth","floor":44.0,"turns":3.0},{"damage":2,"enemies":"Jaw Worm Horde","floor":45,"turns":3},{"damage":12,"enemies":"Transient","floor":47,"turns":4},{"damage":34,"enemies":"beaked:SuperParasite","floor":48,"turns":4},{"damage":54,"enemies":"hubris:GrandSnecko","floor":50,"turns":5},{"damage":86,"enemies":"Shield and Spear","floor":55,"turns":1},{"damage":110,"enemies":"The Heart","floor":56,"turns":5}],"seed_played":"-1766232197090163174","potions_obtained":[{"floor":2.0,"key":"jedi:hoardpotion"},{"floor":7.0,"key":"jedi:mysterypotion"},{"floor":16.0,"key":"SkillPotion"},{"floor":21.0,"key":"Death Potion"},{"floor":28.0,"key":"FairyPotion"}],"is_trial":false,"path_per_floor":["M","M","M","$","?","R","E","?","T","$","M","R","?","M","R","B",null,"M","?","?","M","?","E","R","M","T","E","M","R","E","M","R","B",null,"M","?","M","M","M","R","E","R","T","M","M","R","M","E","R_BF","B",null,null,"R","$","E","B",null],"character_chosen":"Librarian","items_purchased":["Parry","Bronze Scales","Diversion","CCEMRelics:JestersCrown","Bag of Preparation","FierceCharge"],"campfire_rested":1,"item_purchase_floors":[4,4,10,54,54,54],"current_hp_per_floor":[60,57,57,57,32,56,46,54,54,54,54,54,54,41,41,41,82,67,67,75,70,70,70,70,70,70,70,70,70,67,67,67,54,82,78,78,78,65,69,69,59,59,59,59,59,59,59,51,124,59,8,244,244,244,61,11],"gold":364,"neow_bonus":"RANDOM_COLORLESS","is_daily":false,"chose_seed":false,"campfire_upgraded":9,"win_rate":0.0,"timestamp":1614419591,"path_taken":["M","M","M","$","?","R","E","?","T","$","?","R","?","M","R","BOSS","M","?","?","?","?","E","R","M","T","E","M","R","E","?","R","BOSS","M","?","M","M","M","R","E","R","T","M","?","R","M","E","R_BF","BOSS","R","$","E","BOSS"],"items_purchased_type":["Card","Relic","Card","Relic","Relic","Card"],"build_version":"2020-12-22","purchased_purges":0,"victory":true,"max_hp_per_floor":[63,82,82,82,82,82,82,82,82,82,82,82,82,82,82,82,82,82,82,82,82,82,82,82,82,82,82,82,82,82,82,82,82,82,82,82,82,82,82,82,82,82,82,244,244,244,244,244,244,244,244,244,244,244,244,244],"card_choices":[{"not_picked":["hubris:Ssssneak","Blind"],"picked":"hubris:Insight","floor":0.0},{"not_picked":["GuidanceOfTheGears","SharpSwipe","PreemptiveStrike","Struggle","ExtremeEdge","EnergyStrike","SummaryJudgment","GreatSerpentsImpact"],"picked":"BiAn","floor":1.0},{"not_picked":["TendonChords","GrazeTheGrass","PreparedMind","SmokingPipe","Outburst","Preparation","TraceOfFumes","BayonetCombat"],"picked":"ToOvercomeCrisis","floor":2.0},{"not_picked":["Outburst","CoordinatedAssault","Transpierce","BlindFaith","DevastatingThrash","GreatSerpentsImpact","FeatherShield","BindingChains"],"picked":"FrontalAssault","floor":3.0},{"not_picked":["SpearedSweep","Endure","EnergyCycle","AsThePrescriptOrders","EnergyBeam","ChargeUp","Marionette","PinpointShot"],"picked":"SenseQuarry","floor":7.0},{"not_picked":["Deflect_lor","StrongStrike","Juggling","Parry2","EnergyStrike","UnavoidableGaze","CoordinatedAssault","SerpentSwordTechnique"],"picked":"AsThePrescriptOrders","floor":11.0},{"not_picked":["FrontalAssault","PreparedMind","FlowOfTheSword","PreemptiveStrike","TheWillOfTheCity","FierceCharge","WillOfThePrescript","RipSpace"],"picked":"ClassAndRespect","floor":14.0},{"not_picked":["Cruelty","Commandeering"],"picked":"GutHarvesting","floor":16.0},{"not_picked":["Parry","Thirst+1","PinpointShot+1","SinglePointStab+1","Reload","InnerArdor+1","StructuralAnalysis","EnergyStrike"],"picked":"SerpentSwordTechnique","floor":21.0},{"not_picked":["Quickness","EnergyStrike","QuickSuppression+1","SnakesPrey","Riposte","ViolentFlame","Crush+1","BiAn"],"picked":"TheRedNotes","floor":22.0},{"not_picked":["CutIn","GrazeTheGrass","FierceOnslaught","SpearedSweep+1","Faith","UndertakePrescript+1","QuickAttack","PreemptiveStrike"],"picked":"Observe","floor":22.0},{"not_picked":["Gamble","AsThePrescriptOrders","AutomatedMovement","VenomousFangs","Quickness","ICanCookAnything+1","SerpentSwordTechnique+1","SturdyDefense"],"picked":"ChopItOff","floor":22.0},{"not_picked":["Diversion","ViolentFlame","EndlessBattle","Standoff","Pound+1","ClassAndRespect","SkitterAway","Lock"],"picked":"TheWillOfTheCity+1","floor":22.0},{"not_picked":["TheWillOfTheCity+1","Leap_lor","ViolentFlame","ShrineToMusic","ClassAndRespect","CookingPrep","GrazeTheGrass","ChiWen+1"],"picked":"VioletBlade","floor":22.0},{"not_picked":["SomberProcuration","UndertakePrescript","DefenseOrder","DarkCloud","EndlessBattle","Collision","BlindFaith","Parry2"],"picked":"ChargeUp","floor":23.0},{"not_picked":["ShockingBlow","NightInTheBackstreets","StrikeDown","EnergyStrike","HandleRequest","GuidanceOfTheGears","CombatPreparation","Leap_lor"],"picked":"Zzzzzap+1","floor":25.0},{"not_picked":["SpearedSweep","HandleRequest+1","ReadyUp","GuidanceOfTheGears","MultiBlock","BattleCommand","WillProduceFineSilk","ConcentratedFire","UndertakePrescript"],"picked":"SKIP","floor":27.0},{"not_picked":["Wallop_lor","TheArtOfRapidSteps","SinglePointStab","FleetEdge+1","InnerArdor","Thrust","ExtremeEdge","Deflect_lor"],"picked":"Unlock1","floor":28.0},{"not_picked":["BackstreetsDash","HighKick","FleetFootsteps","Multislash","Diversion","PreemptiveStrike","AsThePrescriptOrders","SearingSword"],"picked":"LawAndOrder","floor":30.0},{"not_picked":["ShockingBlow","EnergyShield","PinpointShot","SnakesPrey","EndlessBattle","CutIn","QuickAttack","AsThePrescriptOrders+1"],"picked":"ChopItOff","floor":31.0},{"not_picked":["Observe","Decapitation"],"picked":"DaringDecision","floor":33.0},{"not_picked":["EnergyCycle+1","BizarreAttack","CoordinatedAssault+1","TheArtOfRapidSteps","Leap_lor+1","FlowOfTheSword+1","SmokingPipe","HighKick"],"picked":"NonstopAssault","floor":35.0},{"not_picked":["Faith+1","HandleRequest","HighKick+1","CombatPreparation","ClassAndRespect","FrontalAssault","SuppressingShot","EnergyCycle","EnergyBeam"],"picked":"SKIP","floor":37.0},{"not_picked":["ConcentratedFire+1","CoordinatedAssault+1","AsThePrescriptOrders","Faith+1","SinglePointStab+1","ViolentFlame+1","WillOfThePrescript+1","Standoff+1"],"picked":"TrashDisposal","floor":38.0},{"not_picked":["FleetFootsteps+1","Unlock1","HardRehearsal","AlloutWar+1","EnergyStrike+1","Quickness","Struggle+1","PinpointShot"],"picked":"PreemptiveStrike","floor":39.0},{"not_picked":["TieShanKao","UnavoidableGaze","Reload","SuppressingShot","SkitterAway","SinglePointStab","BulkyImpact","Thrust"],"picked":"IngredientHunt+1","floor":41.0},{"not_picked":["DesperateStruggle","ButterflySlash","IronWall","Zzzzzap","GuidanceOfTheGears","Wallop_lor+1","Retaliate+1","AsThePrescriptOrders"],"picked":"SunsetBlade+1","floor":44.0},{"not_picked":["IllEndYou","WillOfThePrescript","UndertakePrescript","FocusFire","NonstopAssault","SnakesPrey","FleetFootsteps","HiddenBlade","Reload"],"picked":"SKIP","floor":45},{"not_picked":["HighKick","Clone+1","AbsorbImpact","GreatSerpentsImpact","PreemptiveStrike+1","Diversion+1","Tttonst","EndlessBattle","TendonChords"],"picked":"SKIP","floor":47},{"not_picked":["SuppressingShot","Marionette","Transpierce","CoordinatedAssault","Wallop_lor","Outburst","TendonChords","Brawl"],"picked":"KeepItFresh+1","floor":48},{"not_picked":["CleanUp","Rewind+1","BattleCommand+1","FleetEdge+1","SpearedSweep+1","BizarreAttack+1","Multislash+1","Overcharge"],"picked":"Eliminate","floor":55}],"player_experience":1485421,"relics_obtained":[{"floor":1.0,"key":"LetterFromLob"},{"floor":7.0,"key":"Toy Ornithopter"},{"floor":9.0,"key":"ReplayTheSpireMod:TigerMarble"},{"floor":23.0,"key":"PageOfPorccubus"},{"floor":26.0,"key":"CCEMRelics:FryingPan"},{"floor":27.0,"key":"Orichalcum"},{"floor":30.0,"key":"infinitespire:Satchel"},{"floor":41.0,"key":"PageOfThreeBirds"},{"floor":43.0,"key":"CCEMRelics:WhiteRose"},{"floor":48,"key":"PageOfSnowWhitesApple"},{"floor":55,"key":"hubris:BottledRain"}],"event_choices":[{"damage_healed":0.0,"max_hp_gain":0.0,"max_hp_loss":0.0,"gold_gain":0.0,"event_name":"Scrap Ooze","player_choice":"Success","floor":5.0,"gold_loss":0.0,"damage_taken":25.0,"relics_obtained":["Bromod:ArcaneMomentum"]},{"damage_healed":0.0,"max_hp_gain":0.0,"max_hp_loss":0.0,"gold_gain":0.0,"event_name":"Golden Idol","player_choice":"Take Wound","floor":13.0,"gold_loss":0.0,"damage_taken":0.0,"relics_obtained":["Golden Idol"],"cards_obtained":["Injury"]},{"damage_healed":0.0,"max_hp_gain":0.0,"max_hp_loss":0.0,"gold_gain":0.0,"event_name":"Wheel of Change","player_choice":"Cursed","floor":36.0,"gold_loss":0.0,"damage_taken":0.0,"cards_obtained":["Decay"]}],"is_beta":false,"boss_relics":[{"not_picked":["Fusion Hammer","Tiny House"],"picked":"infinitespire:Cupcake"},{"not_picked":["conspire:SpecialSausage","construct:WeddingRing"],"picked":"qcfpunch:Killian_Engine_Alpha"}],"items_purged_floors":[],"is_endless":false,"potions_floor_spawned":[2,7,16,21,27,28,31,41,44,45,47],"ascension_level":1}}