{"host":"Ringo","time":1614429132,"event":{"mods":["BaseMod","Colored Map","Conspire","Dota2Spire","Hubris","Minty Spire (QoL Compilation)","Replay The Spire","StSLib","The Construct","[IsaacMod]ÒÔÈö¼âËþ","¡¾ÒÅÎï¿¨ÅÆ¡¿REMEMod"],"gold_per_floor":[110,110,124,138,51,78,111,139,139,172,199,227,253,288,288,364,364,382,431,431,458,471,499,530,564,633,633,12,12,41,69,69,141,141,157,157,175,175,188,218,299,316,388,416,444,475,507,532,532,532,532],"floor_reached":52,"language":"ZHS","playtime":1433,"items_purged":["Writhe"],"score":3741,"play_id":"f040e074-6c11-4265-9e57-e402d5d6be85","local_time":"20210227203212","daily_mods":["SealedDeck","Vintage","Colorless Cards","Heirloom","Time Dilation","Flight","DeadlyEvents","Elite Swarm","Lethality","Binary"],"is_ascension_mode":true,"campfire_choices":[{"data":"Crescendo","floor":15,"key":"SMITH"},{"data":"REME_MagicPocketWatch","floor":27,"key":"SMITH"},{"data":"Wish","floor":29,"key":"SMITH"},{"data":"Adaptation","floor":32,"key":"SMITH"},{"floor":49,"key":"DIG"}],"circlet_count":0,"master_deck":["AscendersBane","FlyingSleeves","Consecrate","ClearTheMind","CrushJoints","InnerPeace","FlurryOfBlows","Trip","Crescendo+1","Replay:BluntJabs","construct:SpinDrive+1","Evaluate+1","EmptyBody","SashWhip","JustLucky","REME_MagicPocketWatch+1","Adaptation+1","Wish","Wish+1","Panache","MentalFortress"],"relics":["PureWater","Busted Crown","HushsDoor","REME_ComplimentaryCards","replay:Trail_Library","Dota2Spire:Mjollnir","Chaos","Dota2Spire:EchoSabre","Bottled Lightning","Eternal Feather","Calipers","Pet Ghost","HandDrill","conspire:GlowingRock","Ginger","PillsDrop","hubris:HerbalPaste","Dota2Spire:OrchidMalevolence","NineLifeCat","Dota2Spire:DivineRapier","GuppysCollar","Replay:Baseball","Runic Dome","hubris:Backtick","GuppysTail","Ornamental Fan","Tiny Chest","REME_LimitBreaker","Dota2Spire:LinkenSphere","hubris:PeanutButter","OrangePellets","Dota2Spire:MagicBottle","DoctorsRemote","Dota2Spire:MantaStyle","Shovel","hubris:Towel","Dota2Spire:OctarineCore","conspire:DeflatedDodgeball","Incense Burner","hubris:VirtuousBlindfold","Dota2Spire:AssaultCuirass","TheBattery","hubris:EmptyBottle","BFFS","Mango","hubris:TinFlute","hubris:Spice"],"acts_visited":["Exordium","TheCity","TheBeyond"],"potions_floor_usage":[16,16,21,33,33,50,51,51],"damage_taken":[{"damage":3,"enemies":"conspire:RoseBush","floor":1,"turns":1},{"damage":0,"enemies":"Small Slimes","floor":3,"turns":1},{"damage":0,"enemies":"Cultist","floor":4,"turns":1},{"damage":0,"enemies":"Gremlin Nob","floor":6,"turns":2},{"damage":4,"enemies":"Replay:BlueRogue","floor":7,"turns":2},{"damage":0,"enemies":"3 Sentries","floor":8,"turns":2},{"damage":0,"enemies":"Replay:BlueRogue","floor":10,"turns":2},{"damage":0,"enemies":"Gremlin Nob","floor":11,"turns":2},{"damage":0,"enemies":"3 Sentries","floor":12,"turns":1},{"damage":14,"enemies":"Replay:BlueRogue","floor":13,"turns":2},{"damage":0,"enemies":"3 Sentries","floor":14,"turns":2},{"damage":0,"enemies":"The Guardian","floor":16,"turns":2},{"damage":0,"enemies":"Chosen","floor":18,"turns":1},{"damage":0,"enemies":"Slavers","floor":21,"turns":1},{"damage":0,"enemies":"Shell Parasite","floor":22,"turns":1},{"damage":0,"enemies":"conspire:SneckoGhost","floor":23,"turns":2},{"damage":0,"enemies":"Replay:Snechameleon","floor":24,"turns":1},{"damage":0,"enemies":"REME_1_Revenger","floor":25,"turns":1},{"damage":0,"enemies":"conspire:SneckoGhost","floor":30,"turns":1},{"damage":0,"enemies":"Book of Stabbing","floor":31,"turns":2},{"damage":0,"enemies":"Automaton","floor":33,"turns":2},{"damage":0,"enemies":"3 Darklings","floor":35,"turns":2},{"damage":0,"enemies":"Orb Walker","floor":37,"turns":2},{"damage":0,"enemies":"Spire Growth","floor":39,"turns":1},{"damage":0,"enemies":"Giant Head","floor":40,"turns":1},{"damage":0,"enemies":"Sphere and 2 Shapes","floor":42,"turns":2},{"damage":0,"enemies":"R_Hoarder","floor":44,"turns":2},{"damage":0,"enemies":"Reptomancer","floor":45,"turns":1},{"damage":0,"enemies":"R_Hoarder","floor":46,"turns":2},{"damage":0,"enemies":"Reptomancer","floor":47,"turns":2},{"damage":0,"enemies":"R_Hoarder","floor":48,"turns":1},{"damage":0,"enemies":"Awakened One","floor":50,"turns":3},{"damage":0,"enemies":"Time Eater","floor":51,"turns":2}],"seed_played":"9011440034277072446","potions_obtained":[{"floor":4,"key":"CultistPotion"},{"floor":7,"key":"BlessingOfTheForge"},{"floor":8,"key":"AttackPotion"},{"floor":16,"key":"Dota2Spire:Clarity"},{"floor":18,"key":"Weak Potion"},{"floor":21,"key":"Ancient Potion"},{"floor":30,"key":"LifebloodPotion"},{"floor":35,"key":"Flashbang"},{"floor":39,"key":"Dota2Spire:Clarity"},{"floor":40,"key":"BottledMiracle"}],"is_trial":true,"path_per_floor":["M","?","M","M","$","E","E","E","T","E","E","E","E","E","R","B",null,"M","T","?","E","M","E","E","E","T","R","$","R","E","E","R","B",null,"M","?","M","?","M","E","T","M","T","E","E","E","E","E","R","B","B",null],"character_chosen":"WATCHER","items_purchased":["Evaluate+1","EmptyBody","GuppysCollar","OrangePellets","Adaptation","Wish","Panache","MentalFortress"],"campfire_rested":0,"item_purchase_floors":[5,5,17,28,28,28,28,34],"current_hp_per_floor":[58,58,58,58,58,58,54,54,54,54,54,54,46,17,17,17,4,4,4,4,4,4,4,4,4,4,4,4,4,4,4,4,4,1,1,1,1,1,1,1,1,1,1,1,1,16,16,24,24,24,24],"gold":532,"neow_bonus":"","is_daily":false,"chose_seed":false,"campfire_upgraded":4,"win_rate":0.0,"timestamp":1614429132,"path_taken":["M","?","?","M","?","E","E","E","T","E","E","E","?","E","R","BOSS","M","?","?","?","M","E","E","E","T","R","$","R","E","E","R","BOSS","M","?","M","?","?","E","?","?","T","?","E","E","E","E","R","BOSS","BOSS"],"items_purchased_type":["Card","Card","Relic","Relic","Card","Card","Card","Card"],"build_version":"2020-12-18","purchased_purges":1,"victory":true,"max_hp_per_floor":[68,68,68,68,68,68,68,68,68,68,68,68,71,17,17,17,4,4,4,4,4,4,4,4,4,4,4,4,4,4,4,4,4,1,1,1,1,1,1,1,1,1,1,1,1,16,16,24,24,24,24],"card_choices":[],"player_experience":763260,"relics_obtained":[{"floor":1,"key":"Dota2Spire:EchoSabre"},{"floor":3,"key":"Bottled Lightning"},{"floor":4,"key":"Eternal Feather"},{"floor":6,"key":"Calipers"},{"floor":7,"key":"Pet Ghost"},{"floor":8,"key":"HandDrill"},{"floor":9,"key":"conspire:GlowingRock"},{"floor":10,"key":"Ginger"},{"floor":11,"key":"PillsDrop"},{"floor":12,"key":"hubris:HerbalPaste"},{"floor":13,"key":"Dota2Spire:OrchidMalevolence"},{"floor":14,"key":"NineLifeCat"},{"floor":19,"key":"Replay:Baseball"},{"floor":21,"key":"hubris:Backtick"},{"floor":22,"key":"Ornamental Fan"},{"floor":23,"key":"Tiny Chest"},{"floor":24,"key":"REME_LimitBreaker"},{"floor":25,"key":"Dota2Spire:LinkenSphere"},{"floor":26,"key":"hubris:PeanutButter"},{"floor":30,"key":"Dota2Spire:MagicBottle"},{"floor":31,"key":"DoctorsRemote"},{"floor":35,"key":"Shovel"},{"floor":37,"key":"Dota2Spire:OctarineCore"},{"floor":39,"key":"conspire:DeflatedDodgeball"},{"floor":40,"key":"Incense Burner"},{"floor":41,"key":"hubris:VirtuousBlindfold"},{"floor":42,"key":"Dota2Spire:AssaultCuirass"},{"floor":43,"key":"TheBattery"},{"floor":44,"key":"hubris:EmptyBottle"},{"floor":45,"key":"BFFS"},{"floor":46,"key":"Mango"},{"floor":47,"key":"hubris:TinFlute"},{"floor":48,"key":"hubris:Spice"}],"event_choices":[{"damage_healed":0,"gold_gain":0,"player_choice":"Opened","damage_taken":0,"relics_obtained":["Runic Dome"],"max_hp_gain":0,"max_hp_loss":0,"event_name":"The Mausoleum","floor":20,"gold_loss":0,"cards_obtained":["Writhe"]}],"is_beta":true,"boss_relics":[{"not_picked":["TeardropLocket","ReplayFunnel"],"picked":"Dota2Spire:DivineRapier"},{"not_picked":[]},{"not_picked":["Cursed Key","Replay:Drink Me"],"picked":"Dota2Spire:MantaStyle"},{"not_picked":[]}],"items_purged_floors":[28],"is_endless":false,"potions_floor_spawned":[4,7,8,11,12,14,16,18,21,30,31,35,39,40,44,46],"ascension_level":20}}