{"host":"rolltorest","time":1614449269,"event":{"mods":["BaseMod","Minty Spire (QoL Compilation)","Relic Stats","Slay the Relics Exporter","StSLib"],"gold_per_floor":[117,117,132,57,57,82,82,110,133,151,165,165,165,186,186,261,261,272,272,292,292,307,307,334,334,382,11,46,46,63,82,82,82,82],"floor_reached":33,"language":"ENG","playtime":724,"items_purged":["Strike_G","Strike_G"],"score":686,"play_id":"fad32e6c-1244-4977-a8a7-da43a51bed88","local_time":"20210227100749","is_ascension_mode":true,"campfire_choices":[{"data":"Dash","floor":7,"key":"SMITH"},{"data":"Dodge and Roll","floor":13,"key":"SMITH"},{"data":"Neutralize","floor":15,"key":"SMITH"},{"data":"Noxious Fumes","floor":23,"key":"SMITH"},{"data":"Calculated Gamble","floor":25,"key":"SMITH"},{"floor":32,"key":"REST"}],"circlet_count":0,"master_deck":["AscendersBane","Strike_G","Strike_G","Strike_G","Defend_G","Defend_G","Defend_G","Defend_G","Defend_G","Survivor","Neutralize+1","Dagger Spray+1","Slice","Dash+1","Predator+1","Dodge and Roll+1","Die Die Die+1","Calculated Gamble+1","Noxious Fumes+1","Decay","Bane+1","Blade Dance+1","Dodge and Roll+1","Infinite Blades","Choke+1","Cloak And Dagger+1","Accuracy","PiercingWail+1"],"relics":["Ring of the Snake","NeowsBlessing","Akabeko","Molten Egg 2","Oddly Smooth Stone","Singing Bowl","Odd Mushroom","Runic Dome","Toxic Egg 2","Dream Catcher","OrangePellets","Incense Burner"],"acts_visited":["Exordium","TheCity"],"potions_floor_usage":[28,30,31],"damage_taken":[{"damage":0,"enemies":"2 Louse","floor":1,"turns":1},{"damage":0,"enemies":"Cultist","floor":3,"turns":1},{"damage":0,"enemies":"3 Sentries","floor":6,"turns":1},{"damage":26,"enemies":"Gremlin Nob","floor":8,"turns":4},{"damage":0,"enemies":"Small Slimes","floor":10,"turns":2},{"damage":0,"enemies":"Looter","floor":11,"turns":3},{"damage":0,"enemies":"The Mushroom Lair","floor":14,"turns":1},{"damage":24,"enemies":"The Guardian","floor":16,"turns":17},{"damage":6,"enemies":"3 Byrds","floor":18,"turns":2},{"damage":5,"enemies":"2 Thieves","floor":20,"turns":3},{"damage":7,"enemies":"Centurion and Healer","floor":22,"turns":10},{"damage":2,"enemies":"Gremlin Leader","floor":24,"turns":5},{"damage":0,"enemies":"Slavers","floor":28,"turns":3},{"damage":12,"enemies":"Snake Plant","floor":30,"turns":4},{"damage":12,"enemies":"3 Cultists","floor":31,"turns":4},{"damage":31,"enemies":"Collector","floor":33,"turns":5}],"seed_played":"7908658812034576448","potions_obtained":[{"floor":6,"key":"GamblersBrew"},{"floor":10,"key":"Explosive Potion"},{"floor":11,"key":"DuplicationPotion"},{"floor":30,"key":"Explosive Potion"}],"is_trial":false,"path_per_floor":["M","?","M","$","$","E","R","E","T","M","M","?","R","?","R","B",null,"M","?","M","?","M","R","E","R","T","$","E","$","M","M","R","B"],"character_chosen":"THE_SILENT","items_purchased":["Dodge and Roll+1","OrangePellets","Infinite Blades"],"campfire_rested":1,"item_purchase_floors":[27,27,27],"current_hp_per_floor":[59,59,59,59,59,59,59,33,33,33,33,33,33,35,35,11,54,48,48,43,43,36,36,34,34,34,34,34,34,22,10,30,0,0],"gold":82,"neow_bonus":"THREE_ENEMY_KILL","is_daily":false,"chose_seed":false,"campfire_upgraded":5,"win_rate":0.0,"timestamp":1614449269,"path_taken":["M","?","M","?","$","E","R","E","T","M","M","?","R","?","R","BOSS","M","?","M","?","?","R","E","R","T","$","E","?","?","M","R","BOSS"],"items_purchased_type":["Card","Relic","Card"],"build_version":"2020-12-18","purchased_purges":2,"victory":false,"max_hp_per_floor":[66,66,66,66,66,66,66,66,66,66,66,66,66,68,68,68,68,68,68,68,68,68,68,68,68,68,68,68,68,68,68,68,68,68],"relic_stats":{"OrangePellets":[2],"Dream Catcher":1,"Singing Bowl":2,"counters":[16,66],"obtain_stats":[{"Runic Dome":17,"OrangePellets":27,"Dream Catcher":26,"NeowsBlessing":0,"Singing Bowl":12,"Oddly Smooth Stone":9,"Molten Egg 2":8,"Incense Burner":28,"Odd Mushroom":14,"Toxic Egg 2":24,"Akabeko":6,"Ring of the Snake":0},{"Runic Dome":8,"OrangePellets":12,"Dream Catcher":12,"NeowsBlessing":0,"Singing Bowl":6,"Oddly Smooth Stone":4,"Molten Egg 2":4,"Incense Burner":13,"Odd Mushroom":7,"Toxic Egg 2":12,"Akabeko":3,"Ring of the Snake":0},{"Runic Dome":30,"OrangePellets":50,"Dream Catcher":50,"NeowsBlessing":0,"Singing Bowl":12,"Oddly Smooth Stone":7,"Molten Egg 2":7,"Incense Burner":53,"Odd Mushroom":13,"Toxic Egg 2":50,"Akabeko":3,"Ring of the Snake":0}],"Ring of the Snake":[32]},"card_choices":[{"not_picked":["Quick Slash","Skewer"],"picked":"Dagger Spray","floor":1},{"not_picked":["Quick Slash","Deflect"],"picked":"Slice","floor":3},{"not_picked":["Concentrate","Prepared"],"picked":"Dash","floor":6},{"not_picked":["Outmaneuver","Blade Dance"],"picked":"Predator+1","floor":8},{"not_picked":["Doppelganger","Outmaneuver"],"picked":"Dodge and Roll","floor":10},{"not_picked":["Prepared","Quick Slash+1","Bouncing Flask"],"picked":"SKIP","floor":11},{"not_picked":["Acrobatics","Underhanded Strike+1","Flechettes+1"],"picked":"Singing Bowl","floor":14},{"not_picked":["A Thousand Cuts","Venomology"],"picked":"Die Die Die+1","floor":16},{"not_picked":["Prepared","Outmaneuver+1"],"picked":"Calculated Gamble","floor":18},{"not_picked":["Poisoned Stab+1","Flying Knee+1"],"picked":"Noxious Fumes","floor":20},{"not_picked":["Cloak And Dagger","Dagger Throw+1"],"picked":"Bane+1","floor":22},{"not_picked":["Choke+1","Deflect+1"],"picked":"Blade Dance+1","floor":24},{"not_picked":["Deflect+1","Dash+1"],"picked":"Choke+1","floor":28},{"not_picked":["Quick Slash+1","Sucker Punch+1"],"picked":"Cloak And Dagger+1","floor":30},{"not_picked":["Riddle With Holes+1","Storm of Steel+1"],"picked":"Accuracy","floor":31},{"not_picked":["Slice+1","Outmaneuver+1"],"picked":"PiercingWail+1","floor":32}],"player_experience":2033373,"relics_obtained":[{"floor":6,"key":"Akabeko"},{"floor":8,"key":"Molten Egg 2"},{"floor":9,"key":"Oddly Smooth Stone"},{"floor":14,"key":"Odd Mushroom"},{"floor":24,"key":"Toxic Egg 2"},{"floor":26,"key":"Dream Catcher"},{"floor":28,"key":"Incense Burner"}],"event_choices":[{"damage_healed":0,"gold_gain":0,"player_choice":"Upgraded","damage_taken":0,"max_hp_gain":0,"max_hp_loss":0,"event_name":"Upgrade Shrine","floor":2,"gold_loss":0,"cards_upgraded":["Dagger Spray"]},{"damage_healed":0,"gold_gain":0,"player_choice":"Searched \u00271\u0027 times","damage_taken":0,"relics_obtained":["Singing Bowl"],"max_hp_gain":0,"max_hp_loss":0,"event_name":"Dead Adventurer","floor":12,"gold_loss":0},{"damage_healed":0,"gold_gain":0,"player_choice":"Fought Mushrooms","damage_taken":0,"max_hp_gain":0,"max_hp_loss":0,"event_name":"Mushrooms","floor":14,"gold_loss":0},{"damage_healed":0,"gold_gain":0,"player_choice":"Ignored","damage_taken":0,"max_hp_gain":0,"max_hp_loss":0,"event_name":"The Mausoleum","floor":19,"gold_loss":0},{"damage_healed":0,"gold_gain":0,"player_choice":"Cursed","damage_taken":0,"max_hp_gain":0,"max_hp_loss":0,"event_name":"Wheel of Change","floor":21,"gold_loss":0,"cards_obtained":["Decay"]}],"is_beta":true,"boss_relics":[{"not_picked":["Astrolabe","Empty Cage"],"picked":"Runic Dome"}],"items_purged_floors":[4,27],"is_endless":false,"potions_floor_spawned":[6,10,11,18,24,30],"killed_by":"Collector","ascension_level":20}}