{"host":"76qcaerkv4ktjkdu","time":1614418757,"event":{"mods":["Act Like it!","BaseMod","Library of Ruina","Library of Ruina Extra","Minty Spire (QoL Compilation)","MostiFishMod","StSLib","¡¾ÒÅÎï¿¨ÅÆ¡¿REMEMod"],"gold_per_floor":[11,11,11,29,47,72,72,22,93,93,93,113,133,145,145,243,243,258,258,11,26,43,76,76,95,173,204,204,229,242,422,422,523,523,523,276,305,305],"floor_reached":40,"language":"ZHS","playtime":1769,"items_purged":["FocusedStrikes","LightDefense","LightDefense"],"score":1142,"play_id":"cb47de82-169c-4b5d-825a-1be6764ea630","local_time":"20210227173917","is_ascension_mode":false,"campfire_choices":[{"data":"SnakesPrey","floor":7.0,"key":"SMITH"},{"data":"Unlock1","floor":10.0,"key":"SMITH"},{"floor":15.0,"key":"RECALL"},{"data":"Observe","floor":24,"key":"SMITH"},{"data":"Concentration","floor":28,"key":"SMITH"},{"data":"REME_TwoStrings","floor":32,"key":"SMITH"},{"data":"RipSpace","floor":36,"key":"SMITH"}],"circlet_count":0,"master_deck":["Dodge","LightAttack","LightAttack","LightDefense","ChargeAndCover","TheWillOfTheCity+1","FleshFillet","MostiFishMod:KamiSmash+1","Brawl","Unlock1+1","QuickSuppression","SnakesPrey+1","Concentration+1","RatsGuideToSurvival","Observe+1","Disposal","Parry2","Parry2","ClassAndRespect","VioletBlade+1","RipSpace+1","SwordOfVolition","RushDown+1","QuickSuppression","REME_TwoStrings+1","EnergyBeam","SnakesPrey","WaitUp"],"relics":["PageOfLibrarian","DaveBox","REME_ComplimentaryCards","RhineCircuit","SynthV:TestCard","Smiling Mask","Pocketwatch","FeatherPendant","CultistMask","Civilization","Centennial Puzzle","StrikeDummy","Blood Vial","PageOfLaetitia","REME_DuelDisc","Bronze Scales","SynthV:C4"],"acts_visited":["Exordium","TheCity","TheBeyond","TheEnding"],"potions_floor_usage":[39,39],"damage_taken":[{"damage":0.0,"enemies":"Cultist","floor":1.0,"turns":3.0},{"damage":0.0,"enemies":"Jaw Worm","floor":4.0,"turns":3.0},{"damage":0.0,"enemies":"Small Slimes","floor":5.0,"turns":2.0},{"damage":0.0,"enemies":"3 Sentries","floor":6.0,"turns":1.0},{"damage":7.0,"enemies":"Blue Slaver","floor":12.0,"turns":2.0},{"damage":0.0,"enemies":"Exordium Thugs","floor":13.0,"turns":3.0},{"damage":0.0,"enemies":"Exordium Wildlife","floor":14.0,"turns":3.0},{"damage":0.0,"enemies":"Slime Boss","floor":16.0,"turns":3.0},{"damage":0,"enemies":"Shell Parasite","floor":18,"turns":2},{"damage":0,"enemies":"2 Thieves","floor":21,"turns":3},{"damage":0,"enemies":"Snake Plant","floor":22,"turns":2},{"damage":0,"enemies":"Gremlin Leader","floor":23,"turns":3},{"damage":3,"enemies":"Chosen and Byrds","floor":25,"turns":3},{"damage":0,"enemies":"Slavers","floor":27,"turns":2},{"damage":0,"enemies":"Gremlin Leader","floor":29,"turns":2},{"damage":4,"enemies":"Sentry and Sphere","floor":30,"turns":4},{"damage":20,"enemies":"Champ","floor":33,"turns":3},{"damage":4,"enemies":"Shield and Spear","floor":38,"turns":3},{"damage":15,"enemies":"The Heart","floor":39,"turns":3}],"seed_played":"-898743376162404705","potions_obtained":[{"floor":1.0,"key":"SteroidPotion"},{"floor":13.0,"key":"Explosive Potion"},{"floor":14.0,"key":"PowerPotion"},{"floor":16.0,"key":"SmokeBomb"},{"floor":29,"key":"CultistPotion"}],"is_trial":false,"path_per_floor":["M","?","?","M","M","E","R","$","T","R","?","M","M","M","R","B",null,"M","?","$","M","M","E","R","M","T","E","R","E","M","?","R","B",null,"R","$","E","B",null],"character_chosen":"Librarian","items_purchased":["Civilization","Parry2","Bronze Scales","SnakesPrey"],"campfire_rested":0,"item_purchase_floors":[20,20,37,37],"current_hp_per_floor":[60,60,60,60,60,60,60,60,60,60,48,41,41,41,41,41,89,89,89,89,91,94,98,98,100,100,105,105,112,114,89,89,76,123,123,123,124,116],"gold":305,"neow_bonus":"TRANSFORM_TWO_CARDS","is_daily":false,"chose_seed":false,"campfire_upgraded":6,"win_rate":0.0,"timestamp":1614418757,"path_taken":["M","?","?","M","?","E","R","?","T","R","?","M","M","M","R","BOSS","M","?","?","?","M","E","R","M","T","E","R","E","M","?","R","BOSS","R","$","E","BOSS"],"items_purchased_type":["Relic","Card","Relic","Card"],"build_version":"2020-12-22","purchased_purges":3,"victory":true,"max_hp_per_floor":[77,77,77,77,77,77,77,77,77,77,77,77,85,89,89,89,89,89,89,89,91,94,98,98,103,103,108,108,113,118,118,118,123,123,123,123,128,133],"card_choices":[{"not_picked":["Parry2","Thirst","Reload","FierceCharge","Juggling","Tailoring","Pound","Thrust"],"picked":"Brawl","floor":1.0},{"not_picked":["NightInTheBackstreets","TasteMyFlamingBat","Concentration","ViolentFlame","BackAttack","Rewind","FierceCharge","FlashOfSunup","BiAn","MultiBlock"],"picked":"Unlock1","floor":4.0},{"not_picked":["DefenseOrder","SerpentSwordTechnique","SilentMist","Parry","TheWillOfTheCity","LawAndOrder","Reload","SnakeSlit","LossOfSenses","AGoldenOpportunity"],"picked":"QuickSuppression","floor":5.0},{"not_picked":["DefenseOrder","FierceCharge","UpbeatPerformance","TendonChords","HiddenBlade","EmotionalTurbulence","DarkCloud","StructuralAnalysis","Endure","SinglePointStab"],"picked":"SnakesPrey","floor":6.0},{"not_picked":["Outburst","Marionette","CoordinatedAssault","StructuralAnalysis","Wallop_lor","CombatPreparation","MultiHit","ScatteringSlash","GreatSerpentsImpact","UnforgettableMelody"],"picked":"Concentration","floor":12.0},{"not_picked":["FierceCharge","DefenseOrder","SerpentSwordTechnique","FlashOfSunup","HandlingWork","CircusKnives","Pound","UnavoidableGaze","WaitUp","SpearedSweep","IdentifyWeakpoint"],"picked":"SKIP","floor":13.0},{"not_picked":["UnavoidableGaze","ToWhereThePrescriptPoints","Standoff","FeelinGood","TheArtOfRapidSteps","SunsetBlade","Marionette","ClassAndRespect","Creak","GaleKick"],"picked":"RatsGuideToSurvival","floor":14.0},{"not_picked":["Tttonst","Decapitation","EmotionalTurbulence","BalefulBrand"],"picked":"Observe","floor":16.0},{"not_picked":["Zzzzzap","EnergyStrike","NightInTheBackstreets","ToOvercomeCrisis","DesperateStruggle","SweepTheBackstreets","PinpointShot","EnergyShield+1","AsThePrescriptOrders","Diversion+1"],"picked":"Disposal","floor":18},{"not_picked":["TimeForALittleTest","Execute_lor","FleetEdge","StayCalm","SomberProcuration+1","Riposte","Diversion","DarkCloud","SerpentSwordTechnique","ViolentFlame"],"picked":"Parry2","floor":21},{"not_picked":["UpbeatPerformance+1","ProselytesBlade","PreemptiveStrike+1","OpportunitySpotted","SpearedSweep+1","Rampage_lor+1","GuardingStance","TendonChords+1","Thrust","Unlock1+1"],"picked":"ClassAndRespect","floor":22},{"not_picked":["SpearedSweep","SuppressingShot+1","DriedUp","Quickness+1","ReadyUp+1","ButterflySlash","BackAttack","UnavoidableGaze+1","YoureTooSlow","Rewind+1"],"picked":"VioletBlade+1","floor":23},{"not_picked":["OminousPower","ToWhereThePrescriptPoints","AsThePrescriptOrders+1","Parry2","DarkCloud","YourShield","FleetEdge","ViolentFlame","DirtyBlow","BiAn+1"],"picked":"RipSpace","floor":25},{"not_picked":["FrontalAssault","StructuralAnalysis","SetFire","SturdyDefense+1","FlowOfTheSword","EnergyBeam","IllEndYou","GreatSerpentsImpact","Tailoring","BackAttack+1"],"picked":"SwordOfVolition","floor":27},{"not_picked":["Tailoring","BayonetCombat","WillProduceFineSilk","Quickness","BackAttack+1","JiaoTu","TendonChords","Brawl","ChopItOff","FleetFootsteps+1"],"picked":"RushDown+1","floor":29},{"not_picked":["TheWillOfTheCity+1","MultiBlock+1","Thrust","Quickness","StructuralAnalysis","LawAndOrder+1","Thirst+1","HiddenBlade","Disposal","TendonChords"],"picked":"QuickSuppression","floor":30},{"not_picked":["ChargeUp","CleanUp","FlamingDragonFist","UnforgettableMelody"],"picked":"EnergyBeam","floor":33},{"not_picked":["BladeWhirl+1","BackstreetsDash+1","Standoff+1","WillProduceFineSilk","SerpentSwordTechnique+1","BurningFlash+1","Outburst","GuardingStance+1","SinglePointStab","GuidanceOfTheGears"],"picked":"WaitUp","floor":38}],"player_experience":96035,"relics_obtained":[{"floor":1.0,"key":"SynthV:TestCard"},{"floor":6.0,"key":"Smiling Mask"},{"floor":23,"key":"Centennial Puzzle"},{"floor":26,"key":"StrikeDummy"},{"floor":27,"key":"Blood Vial"},{"floor":29,"key":"PageOfLaetitia"},{"floor":38,"key":"SynthV:C4"}],"event_choices":[{"damage_healed":0.0,"max_hp_gain":0.0,"max_hp_loss":0.0,"gold_gain":0.0,"event_name":"Living Wall","player_choice":"Grow","floor":2.0,"gold_loss":0.0,"damage_taken":0.0,"cards_upgraded":["MostiFishMod:KamiSmash"]},{"damage_healed":0.0,"max_hp_gain":0.0,"max_hp_loss":0.0,"gold_gain":0.0,"event_name":"Upgrade Shrine","player_choice":"Upgraded","floor":3.0,"gold_loss":0.0,"damage_taken":0.0,"cards_upgraded":["TheWillOfTheCity"]},{"damage_healed":0.0,"max_hp_gain":0.0,"max_hp_loss":0.0,"gold_gain":0.0,"event_name":"Scrap Ooze","player_choice":"Success","floor":11.0,"gold_loss":0.0,"damage_taken":12.0,"relics_obtained":["Pocketwatch"]},{"damage_healed":0,"gold_gain":0,"player_choice":"Trade","damage_taken":0,"relics_obtained":["CultistMask"],"max_hp_gain":0,"max_hp_loss":0,"event_name":"FaceTrader","floor":19,"gold_loss":0},{"damage_healed":0,"gold_gain":180,"player_choice":"GOLD CARD GOLD ","damage_taken":25,"max_hp_gain":0,"max_hp_loss":0,"event_name":"Knowing Skull","floor":31,"potions_obtained":[],"gold_loss":0,"cards_obtained":["REME_TwoStrings"]}],"is_beta":false,"boss_relics":[{"not_picked":["NightmareShop","Pandora\u0027s Box"],"picked":"FeatherPendant"},{"not_picked":["REME_DemonsWealth","Tiny House"],"picked":"REME_DuelDisc"}],"items_purged_floors":[8,20,37],"is_endless":false,"potions_floor_spawned":[1,13,14,16,22,29,30,33],"ascension_level":0}}