{"host":"ty9fb48q9oru32qm","time":1614441082,"event":{"mods":["2.2 Compatiblity","AchievementEnabler","Act Like it!","Aspiration","Astrologer","BaseMod","Beaked The Cultist","Better Synergies","Block Reminder","Colored Powertips","Conspire","DeckTracker","Downfall","Friendly Minions","GifTheSpireLib","Halation","Hermit","Hubris","Infinite Spire","Jorbs\u0027s Wanderer Trilogy","Marisa????????","Minty Spire (QoL Compilation)","Permanent Neow","Quick Restart","Random Character Button","Reliquary","Replay The Spire","Somnambulant","StSLib","Stuff the Spire","The Cursed","The Jungle","The Marked","The Runesmith","TheVacant","Wandering Minibosses"],"gold_per_floor":[115,135,135,135,154,181,181,236,285,304,330,344,361,386,386,491,491,506,354,104,117,117,117,117],"floor_reached":23,"language":"ENG","playtime":1572,"items_purged":["theMarked:Strike","theMarked:Strike"],"score":211,"play_id":"0d038ca2-fd76-4279-a386-478288780d3b","local_time":"20210227165122","is_ascension_mode":false,"campfire_choices":[{"data":"theMarked:EmpowerWeapon","floor":7,"key":"SMITH"},{"floor":15,"key":"REST"}],"circlet_count":0,"master_deck":["theMarked:Strike","theMarked:Strike","theMarked:Defend+1","theMarked:Defend","theMarked:Defend","theMarked:Defend","theMarked:SoldierOfQuellstein","theMarked:Indomitable+1","theMarked:EmpowerWeapon+1","theMarked:RepellingDischarge","theMarked:TwofoldDefense","theMarked:Toughness","theMarked:TakeOffHeels","GremboGang"],"relics":["theMarked:ArtifactOfAir","StuffTheSpire:Gunfinga","ReplayTheSpireMod:Lightbulb","Omamori","Iron Hammer","infinitespire:Lucky Rock","aspiration:RitualDagger","Cauldron"],"acts_visited":["Exordium","TheCity"],"potions_floor_usage":[11,11,14,16],"damage_taken":[{"damage":1,"enemies":"Cultist","floor":1,"turns":3},{"damage":1,"enemies":"Jaw Worm","floor":2,"turns":3},{"damage":0,"enemies":"Small Slimes","floor":5,"turns":3},{"damage":15,"enemies":"Gremlin Nob","floor":6,"turns":4},{"damage":20,"enemies":"3 Sentries","floor":8,"turns":6},{"damage":3,"enemies":"3 Louse","floor":10,"turns":3},{"damage":13,"enemies":"3 Sentries","floor":11,"turns":6},{"damage":0,"enemies":"Exordium Wildlife","floor":12,"turns":2},{"damage":0,"enemies":"Blue Slaver","floor":13,"turns":3},{"damage":14,"enemies":"Lagavulin","floor":14,"turns":8},{"damage":20,"enemies":"Slime Boss","floor":16,"turns":11},{"damage":76,"enemies":"3 Byrds","floor":18,"turns":8},{"damage":48,"enemies":"2 Thieves","floor":21,"turns":4},{"damage":31,"enemies":"Book of Stabbing","floor":23,"turns":4}],"seed_played":"451045550197027416","potions_obtained":[{"floor":6,"key":"Weak Potion"},{"floor":8,"key":"champ:CounterPotion"},{"floor":11,"key":"Block Potion"},{"floor":13,"key":"Regen Potion"},{"floor":22,"key":"Strength Potion"},{"floor":22,"key":"SpeedPotion"},{"floor":22,"key":"SmokeBomb"}],"is_trial":false,"path_per_floor":["M","M","?","?","M","E","R","?","T","M","E","M","M","E","R","B",null,"M","$","?","M","AVR","E"],"character_chosen":"THE_DEFAULT","items_purchased":["theMarked:TakeOffHeels"],"campfire_rested":1,"item_purchase_floors":[19],"current_hp_per_floor":[71,70,56,56,56,41,41,21,21,18,5,5,5,6,27,7,72,72,72,72,33,33,10,10],"gold":117,"neow_bonus":"TRANSFORM_CARD","is_daily":false,"chose_seed":false,"campfire_upgraded":1,"win_rate":0.0,"timestamp":1614441082,"path_taken":["M","?","?","?","M","E","R","?","T","M","E","?","M","E","R","BOSS","M","$","?","M","AVR","E"],"items_purchased_type":["Card"],"build_version":"2020-12-22","purchased_purges":2,"victory":false,"max_hp_per_floor":[72,72,72,72,72,72,72,72,72,72,72,72,72,72,72,72,72,72,72,72,72,72,72,72],"card_choices":[{"not_picked":["theMarked:BanishingStrike","theMarked:RepellingDischarge"],"picked":"theMarked:EmpowerWeapon","floor":1},{"not_picked":["theMarked:WastefulAttack","theMarked:Pokerface","theMarked:BanishingStrike"],"picked":"SKIP","floor":2},{"not_picked":["theMarked:BanishingStrike","theMarked:Parkour","theMarked:Friction"],"picked":"SKIP","floor":5},{"not_picked":["theMarked:Electrify","theMarked:Electrocute","theMarked:BanishingStrike"],"picked":"SKIP","floor":6},{"not_picked":["theMarked:WardOff","theMarked:ChainLightning"],"picked":"theMarked:RepellingDischarge","floor":8},{"not_picked":["theMarked:WardOff","theMarked:Polarize","theMarked:RepellingDischarge"],"picked":"SKIP","floor":10},{"not_picked":["theMarked:WastefulAttack","theMarked:Overcharge","theMarked:MuscleMemory"],"picked":"SKIP","floor":11},{"not_picked":["theMarked:Improvise","theMarked:ResourceFulStrike","theMarked:TurnInvisible"],"picked":"SKIP","floor":12},{"not_picked":["theMarked:Parkour","theMarked:ResourceFulStrike"],"picked":"theMarked:TwofoldDefense","floor":13},{"not_picked":["theMarked:Aftermath","theMarked:ChainLightning"],"picked":"theMarked:Toughness","floor":14},{"not_picked":["theMarked:Frustration","theMarked:TakeCover","theMarked:SwordAndMagic"],"picked":"SKIP","floor":18},{"not_picked":["theMarked:TakeCover","theMarked:MysticalArsenal","theMarked:TwofoldDefense"],"picked":"SKIP","floor":21}],"player_experience":361870,"relics_obtained":[{"floor":6,"key":"StuffTheSpire:Gunfinga"},{"floor":9,"key":"Omamori"},{"floor":11,"key":"Iron Hammer"},{"floor":14,"key":"infinitespire:Lucky Rock"}],"event_choices":[{"damage_healed":0,"gold_gain":0,"player_choice":"Entered Light","damage_taken":14,"max_hp_gain":0,"max_hp_loss":0,"event_name":"Shining Light","floor":3,"gold_loss":0,"cards_upgraded":["theMarked:Indomitable","theMarked:Defend"]},{"damage_healed":0,"gold_gain":0,"player_choice":"Searched \u00272\u0027 times","damage_taken":0,"relics_obtained":["ReplayTheSpireMod:Lightbulb"],"max_hp_gain":0,"max_hp_loss":0,"event_name":"Dead Adventurer","floor":8,"gold_loss":0}],"is_beta":false,"boss_relics":[{"not_picked":["bronze:MakeshiftBattery","halation:ForbiddenBikini"],"picked":"aspiration:RitualDagger"}],"items_purged_floors":[19,22],"is_endless":false,"potions_floor_spawned":[6,8,11,13],"killed_by":"Book of Stabbing","ascension_level":0}}