{"host":"43wsnxh97mgjl5zw","time":1614445363,"event":{"mods":["Aspiration","BaseMod","Colored Map","Colored Powertips","Conspire","Downfall","Halation","Hubris","Minty Spire (QoL Compilation)","Quick Restart","Rare Cards Sparkle","Relic Sorter","Reliquary","Replay The Spire","StSLib"],"gold_per_floor":[115,40,40,57,67,67,97,117,141,151,184,184,194,227,227,301,301,321,321,25,25,42,376,388,417,485,510,510,524,539,519,519,595,595,607,607,626,626,626,626,626],"floor_reached":40,"language":"ENG","playtime":1759,"items_purged":["Strike_G"],"score":1132,"play_id":"6b7e6a2a-0cfc-4f4c-9cd3-72f3d17f8ce4","local_time":"20210227190243","is_ascension_mode":true,"campfire_choices":[{"data":"Dodge and Roll","floor":6.0,"key":"SMITH"},{"floor":15.0,"key":"REST"},{"data":"Poison Darts","floor":28.0,"key":"SMITH"},{"data":"Strike_G","floor":32,"key":"PURGE"}],"circlet_count":0,"master_deck":["AscendersBane","Strike_G","Strike_G","Strike_G","Defend_G","Defend_G","Defend_G","Defend_G","Defend_G","Survivor","Neutralize","Corpse Explosion","Poisoned Stab","Dodge and Roll+1","Dagger Spray","Draining Mist+1","PiercingWail","Die Die Die","Corpse Explosion","Well Laid Plans+1","Draining Mist+1","Prepared+1","Backflip","Noxious Fumes+1","Poison Darts+1","Wraith Form v2"],"relics":["Ring of the Snake","Bag of Marbles","Bronze Scales","ReplayTheSpireMod:Lightbulb","reliquary:HotPoker","hubris:DeckOfHolding","Replay:Bronze Core","reliquary:RoseTintedGlasses","PreservedInsect","Old Coin","reliquary:Buckler","Eternal Feather","Juzu Bracelet","halation:PinkSoulGem","ClockworkSouvenir"],"acts_visited":["Exordium","TheCity","TheBeyond"],"potions_floor_usage":[33,33],"damage_taken":[{"damage":6.0,"enemies":"Cultist","floor":1.0,"turns":4.0},{"damage":0.0,"enemies":"Jaw Worm","floor":4.0,"turns":4.0},{"damage":12.0,"enemies":"Small Slimes","floor":5.0,"turns":3.0},{"damage":26.0,"enemies":"Lagavulin","floor":7.0,"turns":7.0},{"damage":9.0,"enemies":"Red Slaver","floor":8.0,"turns":3.0},{"damage":3.0,"enemies":"Exordium Thugs","floor":10.0,"turns":2.0},{"damage":0.0,"enemies":"3 Sentries","floor":11.0,"turns":2.0},{"damage":0.0,"enemies":"Gremlin Gang","floor":13.0,"turns":2.0},{"damage":0.0,"enemies":"Gremlin Nob","floor":14.0,"turns":3.0},{"damage":37.0,"enemies":"Fading Forest","floor":16.0,"turns":13.0},{"damage":0.0,"enemies":"3 Byrds","floor":18.0,"turns":2.0},{"damage":0.0,"enemies":"Spheric Guardian","floor":22.0,"turns":4.0},{"damage":0.0,"enemies":"Slavers","floor":23.0,"turns":1.0},{"damage":0.0,"enemies":"Cultist and Chosen","floor":24.0,"turns":3.0},{"damage":5.0,"enemies":"Book of Stabbing","floor":25.0,"turns":5.0},{"damage":13.0,"enemies":"Gremlin Leader","floor":27.0,"turns":4.0},{"damage":8.0,"enemies":"Snake Plant","floor":29.0,"turns":3.0},{"damage":0,"enemies":"3 Cultists","floor":30,"turns":2},{"damage":31,"enemies":"conspire:MysteriousRune","floor":33,"turns":9},{"damage":6,"enemies":"Orb Walker","floor":35,"turns":4},{"damage":2,"enemies":"3 Shapes","floor":37,"turns":5},{"damage":40,"enemies":"R_Hoarder","floor":40,"turns":4}],"seed_played":"5833511192676157815","potions_obtained":[{"floor":4.0,"key":"sneckomod:MuddlingPotion"},{"floor":5.0,"key":"Block Potion"},{"floor":10.0,"key":"Dexterity Potion"},{"floor":11.0,"key":"SteroidPotion"},{"floor":13.0,"key":"DuplicationPotion"},{"floor":18.0,"key":"SteroidPotion"},{"floor":29.0,"key":"PowerPotion"},{"floor":30,"key":"LiquidBronze"},{"floor":31,"key":"DistilledChaos"},{"floor":33,"key":"Elixir"},{"floor":35,"key":"LiquidBronze"}],"is_trial":false,"path_per_floor":["M","$","?","M","M","R","E","M","T","M","E","?","M","E","R","B",null,"M","T","$","?","M","E","M","E","T","E","R","M","M","?","R_BF","B",null,"M","?","M","?","$","E"],"character_chosen":"THE_SILENT","items_purchased":["Well Laid Plans","Well Laid Plans+1","PreservedInsect","ClockworkSouvenir"],"campfire_rested":1,"item_purchase_floors":[2,20,20,39],"current_hp_per_floor":[53,53,53,53,41,41,15,6,6,3,3,3,3,3,22,7,51,51,51,51,51,51,51,51,46,46,33,48,40,40,40,55,24,56,50,50,48,48,38,0,0],"gold":626,"neow_bonus":"ONE_RANDOM_RARE_CARD","is_daily":false,"chose_seed":false,"campfire_upgraded":2,"win_rate":0.0,"timestamp":1614445363,"path_taken":["M","?","?","?","?","R","E","M","T","M","E","?","M","E","R","BOSS","M","?","$","?","M","E","M","E","T","E","R","M","M","?","R_BF","BOSS","M","?","M","?","?","E"],"items_purchased_type":["Card","Card","Relic","Relic"],"build_version":"2020-12-22","purchased_purges":1,"victory":false,"max_hp_per_floor":[66,66,66,66,66,66,66,66,66,66,66,66,66,66,66,66,66,66,66,66,66,66,66,66,66,66,66,66,66,66,66,66,66,66,66,66,66,66,66,66,66],"card_choices":[{"not_picked":["Outmaneuver","conspire:DoublingDagger"],"picked":"Poisoned Stab","floor":1.0},{"not_picked":["Underhanded Strike","Flechettes"],"picked":"Dodge and Roll","floor":4.0},{"not_picked":["Prepared","PiercingWail"],"picked":"Dagger Spray","floor":5.0},{"not_picked":["Doppelganger","Escape Plan"],"picked":"Draining Mist","floor":7.0},{"not_picked":["ReplayTheSpireMod:Exploit Weakness","All Out Attack"],"picked":"PiercingWail","floor":8.0},{"not_picked":["Blade Dance","Acrobatics","Underhanded Strike"],"picked":"SKIP","floor":10.0},{"not_picked":["Quick Slash","Dagger Spray","Distraction"],"picked":"SKIP","floor":11.0},{"not_picked":["hubris:Counter","Draining Mist","Dagger Spray"],"picked":"SKIP","floor":13.0},{"not_picked":["Endless Agony","PiercingWail"],"picked":"Die Die Die","floor":14.0},{"not_picked":["Tools of the Trade","Grand Finale"],"picked":"Corpse Explosion","floor":16.0},{"not_picked":["Caltrops","Accuracy","Underhanded Strike"],"picked":"SKIP","floor":18.0},{"not_picked":["Cloak And Dagger+1","Terror"],"picked":"Prepared","floor":22.0},{"not_picked":["Corpse Explosion","Crippling Poison"],"picked":"Backflip","floor":23.0},{"not_picked":["Quick Slash","ReplayTheSpireMod:Scrap Shanks"],"picked":"Noxious Fumes","floor":24.0},{"not_picked":["Deflect","Flying Knee"],"picked":"Poison Darts","floor":25.0},{"not_picked":["Crippling Poison","Sucker Punch+1","Backflip"],"picked":"SKIP","floor":27.0},{"not_picked":["Acrobatics+1","Outmaneuver+1","Dagger Spray"],"picked":"SKIP","floor":29.0},{"not_picked":["Deflect","Flying Knee","Sucker Punch+1"],"picked":"SKIP","floor":30},{"not_picked":["Unload","Die Die Die"],"picked":"Wraith Form v2","floor":33},{"not_picked":["Bane","Cloak And Dagger","Blade Dance"],"picked":"SKIP","floor":35},{"not_picked":["Slice","Dagger Throw","Setup"],"picked":"SKIP","floor":37}],"player_experience":1297538,"relics_obtained":[{"floor":7.0,"key":"Bronze Scales"},{"floor":9.0,"key":"ReplayTheSpireMod:Lightbulb"},{"floor":11.0,"key":"reliquary:HotPoker"},{"floor":14.0,"key":"hubris:DeckOfHolding"},{"floor":19.0,"key":"reliquary:RoseTintedGlasses"},{"floor":23.0,"key":"Old Coin"},{"floor":25.0,"key":"reliquary:Buckler"},{"floor":26.0,"key":"Eternal Feather"},{"floor":27.0,"key":"Juzu Bracelet"}],"event_choices":[{"cards_removed":["Well Laid Plans"],"damage_healed":0.0,"max_hp_gain":0.0,"max_hp_loss":0.0,"gold_gain":0.0,"event_name":"WeMeetAgain","player_choice":"Gave Card","floor":3.0,"gold_loss":0.0,"damage_taken":0.0,"relics_obtained":["Bag of Marbles"]},{"damage_healed":0.0,"max_hp_gain":0.0,"max_hp_loss":0.0,"gold_gain":0.0,"event_name":"Upgrade Shrine","player_choice":"Upgraded","floor":12.0,"gold_loss":0.0,"damage_taken":0.0,"cards_upgraded":["Draining Mist"]},{"damage_healed":0.0,"max_hp_gain":0.0,"max_hp_loss":0.0,"gold_gain":0.0,"event_name":"Duplicator","player_choice":"Copied","floor":21.0,"gold_loss":0.0,"damage_taken":0.0,"cards_obtained":["Draining Mist"]},{"damage_healed":0,"gold_gain":0,"player_choice":"Bought 1 Potion","damage_taken":0,"max_hp_gain":0,"max_hp_loss":0,"event_name":"The Woman in Blue","floor":31,"gold_loss":0},{"damage_healed":0,"gold_gain":0,"player_choice":"Ignored","damage_taken":0,"max_hp_gain":0,"max_hp_loss":0,"event_name":"SecretPortal","floor":38,"gold_loss":0}],"is_beta":false,"boss_relics":[{"not_picked":["halation:LoveArrow","Honey Jar"],"picked":"Replay:Bronze Core"},{"not_picked":["Replay:Drink Me","reliquary:WritOfMandamus","aspiration:FutureDiary"]}],"items_purged_floors":[20],"is_endless":false,"potions_floor_spawned":[4,5,10,11,13,18,29,30,33,35],"killed_by":"R_Hoarder","ascension_level":20}}