{"host":"8is2j71l4wmybkoi","time":1614430376,"event":{"mods":["AchievementEnabler","BaseMod","Colored Map","DeckTracker","Minty Spire (QoL Compilation)","Rare Cards Sparkle","Relic Stats","StSLib","SuperFastMode"],"gold_per_floor":[12,12,31,41,41,70,70,81,107,107,133,144,144,17,17,91,91,105,105,115,40,40,40,40,40,40,40,59,91,105,125,125,199,199,212,224,244,244,264,264,264],"floor_reached":40,"language":"KOR","playtime":2106,"items_purged":["Strike_R"],"score":819,"play_id":"8f373c0c-c4fa-4569-a6b6-3e48e7ea3b39","local_time":"20210227215255","is_ascension_mode":true,"campfire_choices":[{"data":"Rage","floor":7,"key":"SMITH"},{"data":"Evolve","floor":10,"key":"SMITH"},{"data":"Flex","floor":13,"key":"SMITH"},{"data":"Cleave","floor":15,"key":"SMITH"},{"data":"Barricade","floor":23,"key":"SMITH"},{"data":"Ghostly","floor":25,"key":"SMITH"},{"data":"Burning Pact","floor":32,"key":"SMITH"}],"circlet_count":0,"master_deck":["AscendersBane","Strike_R","Strike_R","Defend_R","Defend_R","Defend_R","Defend_R","Bash+1","Pummel","Cleave+1","Rage+1","Evolve+1","Flex+1","Barricade+1","Battle Trance","Ghostly+1","Ghostly","Ghostly","Pommel Strike","Armaments","Power Through","Burning Pact+1","Reaper","Dark Embrace","Power Through+1"],"relics":["Burning Blood","Turnip","Omamori","Nunchaku","Coffee Dripper","Kunai","Meat on the Bone","StrikeDummy","Fusion Hammer","Pear"],"acts_visited":["Exordium","TheCity","TheBeyond"],"potions_floor_usage":[6,8,16,16,16,29,31],"damage_taken":[{"damage":7,"enemies":"2 Louse","floor":1,"turns":4},{"damage":12,"enemies":"Jaw Worm","floor":3,"turns":2},{"damage":11,"enemies":"Cultist","floor":4,"turns":4},{"damage":16,"enemies":"Gremlin Nob","floor":6,"turns":3},{"damage":7,"enemies":"Red Slaver","floor":8,"turns":3},{"damage":25,"enemies":"3 Sentries","floor":11,"turns":6},{"damage":0,"enemies":"2 Fungi Beasts","floor":12,"turns":2},{"damage":30,"enemies":"The Guardian","floor":16,"turns":12},{"damage":17,"enemies":"3 Byrds","floor":18,"turns":7},{"damage":33,"enemies":"2 Thieves","floor":20,"turns":4},{"damage":0,"enemies":"Snake Plant","floor":28,"turns":6},{"damage":10,"enemies":"Gremlin Leader","floor":29,"turns":10},{"damage":0,"enemies":"Shelled Parasite and Fungi","floor":30,"turns":7},{"damage":9,"enemies":"Centurion and Healer","floor":31,"turns":6},{"damage":0,"enemies":"Champ","floor":33,"turns":20},{"damage":0,"enemies":"3 Shapes","floor":35,"turns":6},{"damage":11,"enemies":"Orb Walker","floor":36,"turns":5},{"damage":0,"enemies":"Maw","floor":37,"turns":9},{"damage":0,"enemies":"Spire Growth","floor":39,"turns":7},{"damage":1,"enemies":"Giant Head","floor":40,"turns":9}],"seed_played":"454629408246625389","potions_obtained":[{"floor":3,"key":"AttackPotion"},{"floor":4,"key":"SkillPotion"},{"floor":11,"key":"ColorlessPotion"},{"floor":16,"key":"Fruit Juice"},{"floor":18,"key":"Strength Potion"},{"floor":20,"key":"Energy Potion"},{"floor":29,"key":"Weak Potion"}],"is_trial":false,"path_per_floor":["M","?","M","M","?","E","R","M","T","R","E","M","R","$","R","B",null,"M","?","M","?","T","R","?","R","T","?","M","E","M","M","R","B",null,"M","M","M","?","M","E"],"character_chosen":"IRONCLAD","items_purchased":["Fire Potion"],"campfire_rested":0,"item_purchase_floors":[14],"current_hp_per_floor":[67,67,61,56,56,46,46,45,45,45,26,32,32,32,32,13,63,52,52,25,25,25,25,25,25,25,25,31,27,33,30,30,36,39,40,35,40,50,50,50,50],"gold":264,"neow_bonus":"ONE_RARE_RELIC","is_daily":false,"chose_seed":false,"campfire_upgraded":7,"win_rate":0.0,"timestamp":1614430375,"path_taken":["M","?","M","M","?","E","R","?","T","R","E","M","R","?","R","BOSS","M","?","M","?","?","R","?","R","T","?","M","E","?","M","R","BOSS","M","M","M","?","M","E"],"items_purchased_type":["Potion"],"build_version":"2020-12-22","purchased_purges":1,"victory":false,"max_hp_per_floor":[75,75,75,75,75,75,75,75,75,75,75,75,75,75,75,80,80,80,80,80,80,80,80,40,40,40,40,40,40,40,40,40,40,40,40,40,40,50,50,50,50],"relic_stats":{"Nunchaku":[19],"counters":[20,132],"Turnip":[23],"Kunai":[20],"obtain_stats":[{"Nunchaku":11,"Pear":38,"Turnip":0,"Fusion Hammer":34,"Omamori":6,"Coffee Dripper":17,"Kunai":22,"StrikeDummy":29,"Burning Blood":0,"Meat on the Bone":26},{"Nunchaku":6,"Pear":18,"Turnip":0,"Fusion Hammer":15,"Omamori":4,"Coffee Dripper":8,"Kunai":10,"StrikeDummy":12,"Burning Blood":0,"Meat on the Bone":10},{"Nunchaku":22,"Pear":116,"Turnip":0,"Fusion Hammer":96,"Omamori":13,"Coffee Dripper":36,"Kunai":47,"StrikeDummy":63,"Burning Blood":0,"Meat on the Bone":47}],"Burning Blood":96,"Meat on the Bone":0},"card_choices":[{"not_picked":["Thunderclap","True Grit"],"picked":"Pummel","floor":1},{"not_picked":["Wild Strike","Body Slam","Warcry"],"picked":"SKIP","floor":3},{"not_picked":["Warcry","Pummel"],"picked":"Cleave","floor":4},{"not_picked":["Intimidate","Rupture"],"picked":"Rage","floor":6},{"not_picked":["Rampage","Sword Boomerang"],"picked":"Evolve","floor":8},{"not_picked":["Cleave","Thunderclap"],"picked":"Flex","floor":11},{"not_picked":["Iron Wave","Body Slam","Anger"],"picked":"SKIP","floor":12},{"not_picked":["Brutality","Exhume"],"picked":"Barricade","floor":16},{"not_picked":["Flex","Thunderclap"],"picked":"Battle Trance","floor":18},{"not_picked":["True Grit","Warcry","Perfected Strike"],"picked":"SKIP","floor":20},{"not_picked":["Wild Strike","Sword Boomerang"],"picked":"Armaments","floor":28},{"not_picked":["Reckless Charge","Metallicize"],"picked":"Power Through","floor":29},{"not_picked":["Wild Strike","Sentinel","Intimidate"],"picked":"SKIP","floor":30},{"not_picked":["Anger","Flex+1"],"picked":"Burning Pact","floor":31},{"not_picked":["Demon Form","Fiend Fire"],"picked":"Reaper","floor":33},{"not_picked":["Havoc","Heavy Blade","Armaments+1"],"picked":"SKIP","floor":35},{"not_picked":["Warcry+1","Pommel Strike+1"],"picked":"Dark Embrace","floor":36},{"not_picked":["Warcry","Metallicize+1","Wild Strike"],"picked":"SKIP","floor":37},{"not_picked":["Anger","Pummel"],"picked":"Power Through+1","floor":39}],"player_experience":1357982,"relics_obtained":[{"floor":6,"key":"Omamori"},{"floor":11,"key":"Nunchaku"},{"floor":22,"key":"Kunai"},{"floor":26,"key":"Meat on the Bone"},{"floor":29,"key":"StrikeDummy"}],"event_choices":[{"cards_removed":["Strike_R"],"damage_healed":0,"gold_gain":0,"player_choice":"Forget","damage_taken":0,"max_hp_gain":0,"max_hp_loss":0,"event_name":"Living Wall","floor":2,"gold_loss":0},{"damage_healed":0,"gold_gain":0,"player_choice":"Upgraded","damage_taken":0,"max_hp_gain":0,"max_hp_loss":0,"event_name":"Upgrade Shrine","floor":5,"gold_loss":0,"cards_upgraded":["Bash"]},{"damage_healed":0,"gold_gain":0,"player_choice":"Ignored","damage_taken":0,"max_hp_gain":0,"max_hp_loss":0,"event_name":"Vampires","floor":19,"gold_loss":0},{"cards_removed":["Strike_R"],"damage_healed":0,"gold_gain":0,"player_choice":"Gave Gold","damage_taken":0,"max_hp_gain":0,"max_hp_loss":0,"event_name":"Beggar","floor":21,"gold_loss":75},{"damage_healed":0,"gold_gain":0,"player_choice":"Became a Ghost","damage_taken":0,"max_hp_gain":0,"max_hp_loss":40,"event_name":"Ghosts","floor":24,"gold_loss":0,"cards_obtained":["Ghostly","Ghostly","Ghostly"]},{"damage_healed":0,"gold_gain":0,"player_choice":"1 cards matched","damage_taken":0,"max_hp_gain":0,"max_hp_loss":0,"event_name":"Match and Keep!","floor":27,"gold_loss":0,"cards_obtained":["Pommel Strike"]},{"damage_healed":0,"gold_gain":0,"player_choice":"Gave Potion","damage_taken":0,"relics_obtained":["Pear"],"max_hp_gain":0,"max_hp_loss":0,"event_name":"WeMeetAgain","floor":38,"gold_loss":0}],"is_beta":false,"boss_relics":[{"not_picked":["SlaversCollar","Ectoplasm"],"picked":"Coffee Dripper"},{"not_picked":["Snecko Eye","Pandora\u0027s Box"],"picked":"Fusion Hammer"}],"items_purged_floors":[14],"is_endless":false,"potions_floor_spawned":[3,4,11,16,18,20,29],"killed_by":"Giant Head","ascension_level":15}}