{"host":"bakf0s4odzu8z5xt","time":1614413030,"event":{"mods":["2.2 Compatiblity","BaseMod","Downfall","Friendly Minions","Minty Spire (QoL Compilation)","StSLib"],"gold_per_floor":[0,10,25,45,62,62,88,103,103,131,131,145,245,303,323,428,728,628,640,653,244,244,244,244,263,0,32,50,81,81,112,131,234,234,134,9,24,37,57,57,57,77,109,9,41,41,71,221,236,236,236,265,21,21,21,21],"floor_reached":57,"language":"ENG","playtime":5485,"items_purged":["bronze:BurnOut","bronze:Strike","bronze:Replicate"],"score":1680,"play_id":"a50dbff3-6222-472b-944a-2fdc5d9f7518","local_time":"20210227000350","is_ascension_mode":true,"campfire_choices":[{"data":"bronze:Goto","floor":1.0,"key":"SMITH"},{"data":"bronze:Boost","floor":6.0,"key":"SMITH"},{"data":"bronze:BronzeOrb","floor":9.0,"key":"SMITH"},{"data":"bronze:Iterate","floor":11.0,"key":"SMITH"},{"data":"bronze:ChosenStrike","floor":18,"key":"SMITH"},{"floor":23,"key":"RECALL"},{"data":"bronze:Turbo","floor":30,"key":"SMITH"},{"data":"bronze:Frontload","floor":35,"key":"SMITH"},{"data":"bronze:InfiniteLoop","floor":40,"key":"SMITH"},{"floor":44,"key":"REST"},{"data":"bronze:Flail","floor":46,"key":"SMITH"},{"floor":54,"key":"REST"}],"circlet_count":0,"master_deck":["bronze:Defend","bronze:Defend","bronze:Defend","bronze:Goto+1","bronze:Iterate+1","bronze:Boost+1","bronze:Branch+1","bronze:ChosenStrike+1","bronze:BronzeOrb+1","bronze:Flail+1","bronze:InfiniteBeams","bronze:Repair","bronze:Verify","bronze:Constructor","bronze:InfiniteLoop+1","CurseOfTheBell","bronze:Turbo+1","bronze:Frontload+1","bronze:ForceShield+1","bronze:FineTuning+1","bronze:Optimize","bronze:RecursiveStrike","bronze:Shell+1","bronze:Frontload+1","bronze:Assembly+1","bronze:InfiniteBeams+1","bronze:Overload+1","bronze:Return+1","bronze:Terminator+1"],"relics":["bronze:BronzeCore","Anchor","Orichalcum","Akabeko","Calling Bell","Old Coin","Bag of Preparation","Letter Opener","downfall:HeartBlessingGreen","Toxic Egg 2","FaceOfCleric","bronze:DecasWashers","Guardian:BottledAnomaly","bronze:DonusWashers","Happy Flower","Dream Catcher","Philosopher\u0027s Stone","downfall:HeartBlessingRed","Regal Pillow","downfall:HeartBlessingBlue","Du-Vu Doll","Pen Nib","Bottled Lightning"],"acts_visited":["Exordium","TheCity","TheBeyond","TheEnding"],"potions_floor_usage":[14,14,27,29,29,31,43,52,56,56],"damage_taken":[{"damage":0.0,"enemies":"Cultist","floor":2.0,"turns":4.0},{"damage":5.0,"enemies":"Small Slimes","floor":3.0,"turns":3.0},{"damage":0.0,"enemies":"2 Louse","floor":4.0,"turns":3.0},{"damage":0.0,"enemies":"downfall:LooterAlt","floor":5.0,"turns":3.0},{"damage":0.0,"enemies":"Red Slaver","floor":8.0,"turns":2.0},{"damage":12.0,"enemies":"Gremlin Nob","floor":10.0,"turns":3.0},{"damage":0.0,"enemies":"Large Slime","floor":12.0,"turns":2.0},{"damage":16.0,"enemies":"downfall:Heads","floor":13.0,"turns":4.0},{"damage":0,"enemies":"Lagavulin Event","floor":14,"turns":5},{"damage":0,"enemies":"3 Louse","floor":15,"turns":3},{"damage":45,"enemies":"DF_ARCHETYPE_STREAMLINE","floor":16,"turns":10},{"damage":11,"enemies":"downfall:LooterAlt2","floor":19,"turns":5},{"damage":0,"enemies":"3 Byrds","floor":20,"turns":5},{"damage":0,"enemies":"downfall:FleeingMerchant","floor":21,"turns":4},{"damage":2,"enemies":"Cultist and Chosen","floor":25,"turns":4},{"damage":4,"enemies":"downfall:FleeingMerchant","floor":26,"turns":4},{"damage":14,"enemies":"downfall:FleeingMerchant","floor":27,"turns":4},{"damage":0,"enemies":"Snake Plant","floor":28,"turns":1},{"damage":3,"enemies":"Gremlin Leader","floor":29,"turns":5},{"damage":7,"enemies":"Book of Stabbing","floor":31,"turns":4},{"damage":0,"enemies":"Centurion and Healer","floor":32,"turns":4},{"damage":0,"enemies":"SI_MIRROR_ARCHETYPE","floor":33,"turns":8},{"damage":0,"enemies":"3 Shapes","floor":37,"turns":1},{"damage":0,"enemies":"3 Darklings","floor":38,"turns":2},{"damage":0,"enemies":"Maw","floor":39,"turns":5},{"damage":0,"enemies":"Transient","floor":42,"turns":5},{"damage":25,"enemies":"Giant Head","floor":43,"turns":7},{"damage":0,"enemies":"Nemesis","floor":45,"turns":3},{"damage":0,"enemies":"Giant Head","floor":47,"turns":4},{"damage":0,"enemies":"Spire Growth","floor":49,"turns":2},{"damage":33,"enemies":"WA_ARCHETYPE_DIVINITY","floor":50,"turns":8},{"damage":0,"enemies":"downfall:CharBossMerchant","floor":52,"turns":5},{"damage":0,"enemies":"downfall:NeowBoss","floor":55,"turns":13},{"damage":49,"enemies":"downfall:NeowBossFinal","floor":56,"turns":9}],"seed_played":"-257556601421388454","potions_obtained":[{"floor":4.0,"key":"SpeedPotion"},{"floor":5.0,"key":"champ:CounterPotion"},{"floor":8.0,"key":"SpeedPotion"},{"floor":12.0,"key":"AttackPotion"},{"floor":15,"key":"Strength Potion"},{"floor":19,"key":"hexamod:SoulburnPotion"},{"floor":25,"key":"Weak Potion"},{"floor":28,"key":"Guardian:BlockOnCardUsePotion"},{"floor":31,"key":"Weak Potion"},{"floor":32,"key":"PowerPotion"},{"floor":33,"key":"LiquidBronze"},{"floor":43,"key":"DuplicationPotion"},{"floor":52,"key":"sneckomod:MuddlingPotion"}],"is_trial":false,"path_per_floor":["R","M","M","M","M","R","T","M","R","E","R","M","?","?","M","B",null,"R","M","M","$","?","R","T","M","$","$","M","E","R","E","M","B",null,"R","$","M","M","M","R","T","M","E","R","E","R","E","?","M","B",null,"E","$","R","B","B",null],"character_chosen":"THE_AUTOMATON","items_purchased":["Toxic Egg 2","bronze:ForceShield+1","Guardian:BottledAnomaly","bronze:DonusWashers","Happy Flower","Bottled Lightning"],"campfire_rested":2,"item_purchase_floors":[21,21,26,27,27,53],"current_hp_per_floor":[70,70,65,65,65,65,65,65,65,53,53,53,37,44,51,13,56,56,52,59,66,66,66,66,65,62,56,57,66,66,67,75,76,78,78,78,79,80,81,81,81,82,58,93,94,94,95,95,96,64,89,97,97,98,99,51],"gold":21,"neow_bonus":"REMOVE_TWO","is_daily":false,"chose_seed":false,"campfire_upgraded":9,"win_rate":0.0,"timestamp":1614413030,"path_taken":["R","M","M","?","M","R","T","M","R","E","R","M","?","?","M","BOSS","R","M","M","$","?","R","T","?","?","$","M","E","R","E","M","BOSS","R","$","M","M","M","R","T","M","E","R","E","R","E","?","M","BOSS","E","$","R","BOSS","BOSS"],"items_purchased_type":["Relic","Card","Relic","Relic","Relic","Relic"],"build_version":"2020-12-22","purchased_purges":3,"victory":true,"max_hp_per_floor":[70,70,70,70,70,70,70,70,70,70,70,70,70,70,70,70,70,70,70,70,70,70,70,70,71,72,73,74,75,75,76,77,78,78,78,78,79,80,81,81,81,82,83,93,94,94,95,95,96,97,97,98,98,98,99,100],"card_choices":[{"not_picked":["bronze:Philosophize","bronze:CloningBeam"],"picked":"bronze:Iterate","floor":2.0},{"not_picked":["bronze:DelayedSlice","bronze:InfiniteBeams"],"picked":"bronze:Boost","floor":3.0},{"not_picked":["bronze:Iterate","bronze:Break"],"picked":"bronze:Branch","floor":4.0},{"not_picked":["bronze:BuggyMess","bronze:Flail"],"picked":"bronze:ChosenStrike","floor":5.0},{"not_picked":["bronze:Boost","bronze:WildBeam"],"picked":"bronze:BronzeOrb","floor":8.0},{"not_picked":["bronze:Overheat","bronze:Turbo"],"picked":"bronze:Flail","floor":10.0},{"not_picked":["bronze:Repulsor","bronze:CutThrough"],"picked":"bronze:InfiniteBeams","floor":12.0},{"not_picked":["bronze:Flail","bronze:Deprecate"],"picked":"bronze:Repair","floor":13.0},{"not_picked":["bronze:Deprecate","bronze:Philosophize"],"picked":"bronze:Verify","floor":14},{"not_picked":["bronze:DarkDash","bronze:Refactor"],"picked":"bronze:Constructor","floor":15},{"not_picked":["bronze:FindAndReplace","bronze:BurnOut"],"picked":"bronze:InfiniteLoop","floor":16},{"not_picked":["bronze:CutThrough","bronze:Iterate","bronze:CloningBeam"],"picked":"SKIP","floor":19},{"not_picked":["bronze:DelayedSlice","bronze:DelayedGuard"],"picked":"bronze:Turbo","floor":20},{"not_picked":["bronze:BuggyMess","bronze:Constructor"],"picked":"bronze:Frontload","floor":21},{"not_picked":["bronze:CutThrough","bronze:Separator+1"],"picked":"bronze:FineTuning+1","floor":25},{"not_picked":["bronze:DigitalCarnage","bronze:Boost+1"],"picked":"bronze:Optimize","floor":26},{"not_picked":["bronze:Allocate+1","bronze:Overheat","bronze:Iterate"],"picked":"SKIP","floor":27},{"not_picked":["bronze:Backtrace+1","bronze:Branch"],"picked":"bronze:RecursiveStrike","floor":28},{"not_picked":["bronze:OilSpill","bronze:MaxOutput","bronze:DelayedGuard+1"],"picked":"SKIP","floor":29},{"not_picked":["bronze:ChosenStrike","bronze:OilSpill"],"picked":"bronze:Shell+1","floor":31},{"not_picked":["bronze:WildBeam","bronze:ChosenStrike"],"picked":"bronze:Frontload+1","floor":32},{"not_picked":["bronze:Virus","bronze:Format+1"],"picked":"bronze:Assembly+1","floor":33},{"not_picked":["bronze:CutThrough+1","bronze:Optimize+1","bronze:Flail"],"picked":"SKIP","floor":37},{"not_picked":["bronze:DelayedGuard+1","bronze:WildBeam"],"picked":"bronze:InfiniteBeams+1","floor":38},{"not_picked":["bronze:OilSpill","bronze:Deprecate+1","bronze:DelayedSlice"],"picked":"SKIP","floor":39},{"not_picked":["bronze:ChosenStrike+1","bronze:ForceShield+1"],"picked":"bronze:Overload+1","floor":42},{"not_picked":["bronze:DarkDash+1","bronze:MaxOutput"],"picked":"bronze:Return+1","floor":43},{"not_picked":["bronze:Safeguard+1","bronze:Mutator","bronze:Constructor+1"],"picked":"SKIP","floor":45},{"not_picked":["bronze:Shield+1","bronze:InfiniteLoop","bronze:AlphaBuild"],"picked":"SKIP","floor":47},{"not_picked":["bronze:WildBeam+1","bronze:Refactor+1"],"picked":"bronze:Terminator+1","floor":49},{"not_picked":["bronze:Backtrace","bronze:Return+1","bronze:Break"],"picked":"SKIP","floor":52}],"player_experience":2289016,"relics_obtained":[{"floor":7.0,"key":"Anchor"},{"floor":10.0,"key":"Orichalcum"},{"floor":14,"key":"Akabeko"},{"floor":17,"key":"Old Coin"},{"floor":17,"key":"Bag of Preparation"},{"floor":17,"key":"Letter Opener"},{"floor":24,"key":"bronze:DecasWashers"},{"floor":29,"key":"Ancient Tea Set"},{"floor":31,"key":"Dream Catcher"},{"floor":43,"key":"Regal Pillow"},{"floor":47,"key":"Du-Vu Doll"},{"floor":52,"key":"Pen Nib"}],"event_choices":[{"damage_healed":0,"gold_gain":0,"player_choice":"Trade","damage_taken":0,"relics_obtained":["FaceOfCleric"],"max_hp_gain":0,"max_hp_loss":0,"event_name":"FaceTrader","floor":22,"gold_loss":0}],"is_beta":false,"boss_relics":[{"not_picked":["bronze:ElectromagneticCoil","SlaversCollar"],"picked":"Calling Bell"},{"not_picked":["Velvet Choker","Black Star"],"picked":"Philosopher\u0027s Stone"}],"items_purged_floors":[21,26,36],"is_endless":false,"potions_floor_spawned":[4,5,8,12,15,19,25,28,31,32,33,37,42,43,45,52],"ascension_level":5}}