{"host":"ywif2ugnepgiw45s","time":1614444550,"event":{"mods":["Act Like it!","BaseMod","Better Skull","Bossed Relics","Downfall","GifTheSpireLib","Gremlin Mod","Hermit","Lobotomy","Mimic Mod","Minty Spire (QoL Compilation)","Quick Restart","READ ME - Guardian Mod","Replay The Spire","Shade Mod","Shapeshifter Mod","Shop Mod","StSLib","The Cursed","The Exalted","The Hierophant","The Jungle","The Necromancer","The Servant 0.9.4"],"gold_per_floor":[14,14,31,31,206,206,239,239,275,307,307,323,337,15,15,115,115,134,152,165,204,204,234,234,234,234],"floor_reached":25,"language":"ENG","playtime":956,"items_purged":["Doubt"],"score":323,"play_id":"2c2e20ae-75e9-476c-a241-a14fe47a0f32","local_time":"20210227114910","is_ascension_mode":true,"campfire_choices":[{"data":"Plague_Bolt","floor":6,"key":"SMITH"},{"data":"Spectral_Armor","floor":8,"key":"SMITH"},{"floor":11,"key":"RECALL"},{"data":"Negative_Energy_Burst","floor":15,"key":"SMITH"},{"data":"Grasp_Heart","floor":24,"key":"SMITH"}],"circlet_count":0,"master_deck":["Strike_W","Strike_W","Strike_W","Defend_W","Defend_W","Defend_W","Defend_W","Negative_Energy_Arrows","Bone_Wall","Summon_Vampire_Lady+1","Spectral_Armor+1","Plague_Bolt+1","Toxic_Smoke_Screen","Summon_Lich","Necrotic_Claws","Negative_Energy_Burst+1","Grasp_Heart+1","Shade_Step","Bone_Armory+1","Bone_Armory","Negative_Energy_Shield+1"],"relics":["Vampire_Amulet","Toy Ornithopter","Ancient Tea Set","Pen Nib","Replay:Ringing Soul","Ring of Chaos","Divine Protection","Strawberry"],"acts_visited":["Exordium","Exordium"],"potions_floor_usage":[19],"damage_taken":[{"damage":0,"enemies":"Cultist","floor":1,"turns":4},{"damage":0,"enemies":"2 Louse","floor":3,"turns":5},{"damage":16,"enemies":"Lagavulin","floor":7,"turns":8},{"damage":0,"enemies":"Jaw Worm","floor":9,"turns":6},{"damage":30,"enemies":"Gremlin Nob","floor":10,"turns":5},{"damage":0,"enemies":"Jaw Worm","floor":12,"turns":5},{"damage":8,"enemies":"Gremlin Gang","floor":13,"turns":6},{"damage":26,"enemies":"Hexaghost","floor":16,"turns":9},{"damage":16,"enemies":"theJungle:Flameango_and_Byrd","floor":18,"turns":5},{"damage":30,"enemies":"theJungle:5_Spyders","floor":19,"turns":7},{"damage":13,"enemies":"theJungle:SlimyTreeVines","floor":20,"turns":9},{"damage":35,"enemies":"theJungle:Cassacara","floor":23,"turns":8},{"damage":0,"enemies":"theJungle:2_Phrogs","floor":25,"turns":2}],"seed_played":"-5546029760173968544","potions_obtained":[{"floor":7,"key":"Adrenaline Potion"},{"floor":12,"key":"Adrenaline Potion"},{"floor":13,"key":"Elixir"},{"floor":16,"key":"Milkshake"},{"floor":19,"key":"Explosive Potion"}],"is_trial":false,"path_per_floor":["M","?","M","?","?","R","E","R","MIM","E","R","M","M","$","R","B",null,"M","M","M","?","?","E","R","E"],"character_chosen":"NECROMANCER","items_purchased":["Replay:Ringing Soul"],"campfire_rested":0,"item_purchase_floors":[14],"current_hp_per_floor":[75,75,75,75,75,75,75,75,75,53,53,67,75,75,75,63,74,77,81,84,66,66,67,67,67,67],"gold":234,"neow_bonus":"THREE_RARE_CARDS","is_daily":false,"chose_seed":false,"campfire_upgraded":4,"win_rate":0.0,"timestamp":1614444550,"path_taken":["M","?","?","?","?","R","E","R","MIM","E","R","?","M","$","R","BOSS","M","M","M","?","?","E","R","E"],"items_purchased_type":["Relic"],"build_version":"2020-12-22","purchased_purges":1,"victory":false,"max_hp_per_floor":[75,75,75,75,75,75,75,75,75,75,75,75,75,75,75,78,78,81,84,84,87,87,97,97,97,97],"card_choices":[{"not_picked":["Requiem","Skeleton_Dragon"],"picked":"Summon_Vampire_Lady","floor":0},{"not_picked":["Bone_Spikes","Negative_Energy_Mist"],"picked":"Spectral_Armor","floor":1},{"not_picked":["Negative_Energy_Shield","Vampiric_Strike"],"picked":"Toxic_Smoke_Screen","floor":3},{"not_picked":["Summon_Undead","Negative_Energy_Sphere"],"picked":"Summon_Lich","floor":7},{"not_picked":["Detonate_Bones","Finger_Of_Death","Toxic_Smoke_Screen"],"picked":"SKIP","floor":10},{"not_picked":["Slay_Living","Bone_Armor"],"picked":"Necrotic_Claws","floor":12},{"not_picked":["Vampiric_Strike","Negative_Energy_Sphere"],"picked":"Negative_Energy_Burst","floor":13},{"not_picked":["Cloudkill","Hellfire"],"picked":"Grasp_Heart","floor":16},{"not_picked":["Negative_Energy_Burst+1","Death_March_Dance"],"picked":"Shade_Step","floor":18},{"not_picked":["Acid_Javelin+1","Epidemic"],"picked":"Bone_Armory+1","floor":19},{"not_picked":["Shackles_Of_Pain","Flesh_Made_Foul","Chill_Blood+1"],"picked":"SKIP","floor":20},{"not_picked":["Consume_Illness","Life_Drain"],"picked":"Bone_Armory","floor":21},{"not_picked":["Negative_Energy_Sphere","Bone_Shift"],"picked":"Negative_Energy_Shield+1","floor":23}],"player_experience":1851714,"relics_obtained":[{"floor":7,"key":"Toy Ornithopter"},{"floor":9,"key":"Ancient Tea Set"},{"floor":10,"key":"Pen Nib"},{"floor":21,"key":"Divine Protection"},{"floor":23,"key":"Strawberry"}],"event_choices":[{"damage_healed":0,"gold_gain":0,"cards_transformed":["Strike_W"],"player_choice":"Transformed","damage_taken":0,"max_hp_gain":0,"max_hp_loss":0,"event_name":"Transmorgrifier","floor":2,"gold_loss":0,"cards_obtained":["Plague_Bolt"]},{"damage_healed":0,"gold_gain":0,"player_choice":"Grow","damage_taken":0,"max_hp_gain":0,"max_hp_loss":0,"event_name":"Living Wall","floor":4,"gold_loss":0,"cards_upgraded":["Summon_Vampire_Lady"]},{"damage_healed":0,"gold_gain":175,"player_choice":"AGREE","damage_taken":0,"max_hp_gain":0,"max_hp_loss":0,"event_name":"Liars Game","floor":5,"gold_loss":0,"cards_obtained":["Doubt"]}],"is_beta":false,"boss_relics":[{"not_picked":["Bromod:ArcaneBarrier","bronze:MakeshiftBattery"],"picked":"Ring of Chaos"}],"items_purged_floors":[14],"is_endless":false,"potions_floor_spawned":[7,12,13,16,19,23],"killed_by":"theJungle:2_Phrogs","ascension_level":6}}