{"host":"2rbn7ywmirq5y689","time":1614455128,"event":{"mods":["BaseMod","Bestiary","Colored Map","Colored Powertips","Highlight Path","Minty Spire (QoL Compilation)","Rare Cards Sparkle","Relic Stats","StSLib"],"gold_per_floor":[218,293,306,318,318,333,333,31,31,31,31,51,84,109,109,109,109],"floor_reached":16,"language":"ENG","playtime":678,"items_purged":["Strike_R"],"score":125,"play_id":"b76fdd87-b7ea-4fc8-9d9b-e4c6632352e2","local_time":"20210228034528","is_ascension_mode":true,"campfire_choices":[{"floor":7,"key":"REST"},{"data":"Rupture","floor":10,"key":"SMITH"},{"data":"Whirlwind","floor":15,"key":"SMITH"}],"circlet_count":0,"master_deck":["Strike_R","Strike_R","Strike_R","Strike_R","Defend_R","Defend_R","Defend_R","Defend_R","Bash","Shrug It Off","Battle Trance","Shockwave","Rupture+1","Whirlwind+1","Corruption"],"relics":["Burning Blood","Akabeko","PreservedInsect","Kunai","Prayer Wheel","Boot"],"acts_visited":["Exordium"],"potions_floor_usage":[],"damage_taken":[{"damage":8,"enemies":"Jaw Worm","floor":1,"turns":4},{"damage":4,"enemies":"Small Slimes","floor":3,"turns":3},{"damage":7,"enemies":"Cultist","floor":4,"turns":5},{"damage":43,"enemies":"Exordium Wildlife","floor":6,"turns":7},{"damage":4,"enemies":"2 Fungi Beasts","floor":12,"turns":3},{"damage":32,"enemies":"Lagavulin","floor":13,"turns":6},{"damage":31,"enemies":"Hexaghost","floor":16,"turns":8}],"seed_played":"-1621715673376392129","potions_obtained":[{"floor":1,"key":"SkillPotion"},{"floor":12,"key":"Explosive Potion"},{"floor":13,"key":"ElixirPotion"}],"is_trial":false,"path_per_floor":["M","?","M","M","?","M","R","$","T","R","?","M","E","T","R","B"],"character_chosen":"IRONCLAD","items_purchased":["Rupture","Akabeko"],"campfire_rested":1,"item_purchase_floors":[8,8],"current_hp_per_floor":[78,67,69,68,68,31,55,55,55,55,48,50,24,24,24,0,0],"gold":109,"neow_bonus":"HUNDRED_GOLD","is_daily":false,"chose_seed":false,"campfire_upgraded":2,"win_rate":0.0,"timestamp":1614455128,"path_taken":["M","?","M","M","?","?","R","$","T","R","?","M","E","?","R","BOSS"],"items_purchased_type":["Card","Relic"],"build_version":"2020-12-22","purchased_purges":1,"victory":false,"max_hp_per_floor":[80,80,80,80,80,80,80,80,80,80,80,80,80,80,80,80,80],"relic_stats":{"counters":[7,36],"Prayer Wheel":0,"PreservedInsect":28,"Kunai":[1],"Boot":[0],"obtain_stats":[{"Prayer Wheel":13,"PreservedInsect":9,"Kunai":11,"Boot":14,"Burning Blood":0,"Akabeko":8},{"Prayer Wheel":6,"PreservedInsect":4,"Kunai":4,"Boot":6,"Burning Blood":0,"Akabeko":4},{"Prayer Wheel":28,"PreservedInsect":19,"Kunai":19,"Boot":28,"Burning Blood":0,"Akabeko":19}],"Burning Blood":36},"card_choices":[{"not_picked":["Searing Blow","Iron Wave"],"picked":"Shrug It Off","floor":1},{"not_picked":["Havoc","Feel No Pain","Clash"],"picked":"SKIP","floor":3},{"not_picked":["Havoc","Dark Embrace"],"picked":"Battle Trance","floor":4},{"not_picked":["Thunderclap","Clash"],"picked":"Shockwave","floor":6},{"not_picked":["Rage","Corruption"],"picked":"Whirlwind","floor":12},{"not_picked":["Carnage","Thunderclap"],"picked":"Corruption","floor":13}],"player_experience":244139,"relics_obtained":[{"floor":9,"key":"PreservedInsect"},{"floor":13,"key":"Prayer Wheel"},{"floor":14,"key":"Boot"}],"event_choices":[{"damage_healed":0,"gold_gain":75,"player_choice":"Gather Gold","damage_taken":11,"max_hp_gain":0,"max_hp_loss":0,"event_name":"World of Goop","floor":2,"gold_loss":0},{"damage_healed":0,"gold_gain":0,"player_choice":"0 cards matched","damage_taken":0,"max_hp_gain":0,"max_hp_loss":0,"event_name":"Match and Keep!","floor":5,"gold_loss":0,"cards_obtained":[]},{"damage_healed":0,"gold_gain":0,"player_choice":"Success","damage_taken":7,"relics_obtained":["Kunai"],"max_hp_gain":0,"max_hp_loss":0,"event_name":"Scrap Ooze","floor":11,"gold_loss":0}],"is_beta":false,"boss_relics":[],"items_purged_floors":[8],"is_endless":false,"potions_floor_spawned":[1,12,13],"killed_by":"Hexaghost","ascension_level":5}}