{"host":"qc268ltokmxwqyrx","time":1614444114,"event":{"mods":["BaseMod","Colored Map","Minty Spire (QoL Compilation)","Relic Stats","Slay the Relics Exporter","StSLib","ojb\u0027s Info Mod"],"gold_per_floor":[109,129,140,155,174,174,99,132,132,148,176,14,49,67,67,144,144,160,172,172,183,183,183],"floor_reached":22,"language":"ENG","playtime":846,"items_purged":[],"score":445,"play_id":"b22b16ea-6c58-4ea3-a8a2-4893a3113f77","local_time":"20210227104154","is_ascension_mode":true,"campfire_choices":[{"data":"Carnage","floor":6,"key":"SMITH"},{"data":"Flame Barrier","floor":15,"key":"SMITH"}],"circlet_count":0,"master_deck":["AscendersBane","Strike_R","Strike_R","Strike_R","Strike_R","Defend_R+1","Defend_R","Defend_R+1","Defend_R","Bash","Cleave","Carnage+1","Battle Trance","Flame Barrier+1","Shockwave","Body Slam+1","Pommel Strike+1","Power Through","Feed+1","Dropkick+1","Uppercut+1","Seeing Red+1"],"relics":["Burning Blood","Strawberry","Molten Egg 2","Ornamental Fan","War Paint","Frozen Eye","Question Card","Philosopher\u0027s Stone"],"acts_visited":["Exordium","TheCity"],"potions_floor_usage":[8,10,13,13],"damage_taken":[{"damage":4,"enemies":"2 Louse","floor":1,"turns":3},{"damage":9,"enemies":"Jaw Worm","floor":2,"turns":5},{"damage":1,"enemies":"Cultist","floor":3,"turns":3},{"damage":3,"enemies":"3 Louse","floor":4,"turns":4},{"damage":6,"enemies":"Lots of Slimes","floor":5,"turns":3},{"damage":15,"enemies":"3 Sentries","floor":8,"turns":8},{"damage":9,"enemies":"Blue Slaver","floor":10,"turns":3},{"damage":15,"enemies":"Lagavulin","floor":11,"turns":6},{"damage":2,"enemies":"Gremlin Nob","floor":13,"turns":3},{"damage":0,"enemies":"Looter","floor":14,"turns":2},{"damage":34,"enemies":"The Guardian","floor":16,"turns":12},{"damage":9,"enemies":"Chosen","floor":18,"turns":3},{"damage":25,"enemies":"Spheric Guardian","floor":19,"turns":6},{"damage":10,"enemies":"Snake Plant","floor":21,"turns":2},{"damage":35,"enemies":"Cultist and Chosen","floor":22,"turns":5}],"seed_played":"6030423990388043194","potions_obtained":[{"floor":2,"key":"Energy Potion"},{"floor":5,"key":"EssenceOfSteel"},{"floor":8,"key":"ColorlessPotion"},{"floor":10,"key":"FairyPotion"},{"floor":11,"key":"FearPotion"},{"floor":19,"key":"CultistPotion"}],"is_trial":false,"path_per_floor":["M","M","M","M","M","R","?","E","T","M","E","$","E","M","R","B",null,"M","M","?","M","M"],"character_chosen":"IRONCLAD","items_purchased":["Frozen Eye"],"campfire_rested":0,"item_purchase_floors":[12],"current_hp_per_floor":[77,74,79,82,82,82,82,73,73,70,61,61,65,71,71,43,72,73,58,31,31,0,0],"gold":183,"neow_bonus":"RANDOM_COMMON_RELIC","is_daily":false,"chose_seed":false,"campfire_upgraded":2,"win_rate":0.0,"timestamp":1614444114,"path_taken":["M","M","M","M","M","R","?","E","T","M","E","$","E","M","R","BOSS","M","M","?","M","M"],"items_purchased_type":["Relic"],"build_version":"2020-12-22","purchased_purges":0,"victory":false,"max_hp_per_floor":[82,82,82,82,82,82,82,82,82,82,82,82,82,82,82,82,82,86,90,95,99,103,103],"relic_stats":{"counters":[15,68],"Ornamental Fan":[32],"War Paint":["Defend_R","Defend_R"],"Question Card":5,"obtain_stats":[{"Frozen Eye":12,"Ornamental Fan":9,"Strawberry":0,"Molten Egg 2":8,"Philosopher\u0027s Stone":17,"War Paint":11,"Question Card":13,"Burning Blood":0},{"Frozen Eye":8,"Ornamental Fan":6,"Strawberry":0,"Molten Egg 2":6,"Philosopher\u0027s Stone":11,"War Paint":8,"Question Card":9,"Burning Blood":0},{"Frozen Eye":35,"Ornamental Fan":26,"Strawberry":0,"Molten Egg 2":26,"Philosopher\u0027s Stone":52,"War Paint":35,"Question Card":38,"Burning Blood":0}],"Burning Blood":84},"card_choices":[{"not_picked":["Twin Strike","Thunderclap"],"picked":"Cleave","floor":1},{"not_picked":["Heavy Blade","Shrug It Off"],"picked":"Carnage","floor":2},{"not_picked":["Cleave","Carnage","Rampage"],"picked":"SKIP","floor":3},{"not_picked":["Body Slam","Reckless Charge"],"picked":"Battle Trance","floor":4},{"not_picked":["Havoc","Infernal Blade"],"picked":"Flame Barrier","floor":5},{"not_picked":["Combust","Limit Break"],"picked":"Shockwave","floor":8},{"not_picked":["Headbutt+1","Perfected Strike+1"],"picked":"Body Slam+1","floor":10},{"not_picked":["Seeing Red","Havoc"],"picked":"Pommel Strike+1","floor":11},{"not_picked":["Headbutt+1","Warcry","Havoc"],"picked":"SKIP","floor":13},{"not_picked":["Cleave+1","Pommel Strike+1","Juggernaut"],"picked":"Power Through","floor":14},{"not_picked":["Reaper+1","Fiend Fire+1","Immolate+1"],"picked":"Feed+1","floor":16},{"not_picked":["Rage","Headbutt+1","Ghostly Armor"],"picked":"Dropkick+1","floor":18},{"not_picked":["Combust","Pommel Strike+1","Body Slam+1"],"picked":"Uppercut+1","floor":19},{"not_picked":["Metallicize","Body Slam+1","Headbutt+1"],"picked":"Seeing Red+1","floor":21}],"player_experience":1949681,"relics_obtained":[{"floor":8,"key":"Molten Egg 2"},{"floor":9,"key":"Ornamental Fan"},{"floor":11,"key":"War Paint"},{"floor":13,"key":"Question Card"}],"event_choices":[{"cards_removed":["Strike_R"],"damage_healed":0,"gold_gain":0,"player_choice":"Card Removal","damage_taken":0,"max_hp_gain":0,"max_hp_loss":0,"event_name":"The Cleric","floor":7,"gold_loss":75},{"damage_healed":0,"gold_gain":0,"player_choice":"Shed Blood","damage_taken":32,"max_hp_gain":5,"max_hp_loss":0,"event_name":"Forgotten Altar","floor":20,"gold_loss":0}],"is_beta":false,"boss_relics":[{"not_picked":["Tiny House","Black Star"],"picked":"Philosopher\u0027s Stone"}],"items_purged_floors":[],"is_endless":false,"potions_floor_spawned":[2,5,8,10,11,19],"killed_by":"Cultist and Chosen","ascension_level":20}}