{"host":"hm18vdih9r0bxrsc","time":1614416877,"event":{"mods":["BaseMod","Colored Map","Colored Powertips","Downfall","Googly Eyes","Hubris","Minty Spire (QoL Compilation)","Replay The Spire","StSLib"],"gold_per_floor":[113,129,129,204,214,214,214,226,226,280,330,355,355,399,399,513,513,546,546,546,645,222,222,252,126,126,166,202,241,257,257],"floor_reached":30,"language":"ENG","playtime":854,"items_purged":["Doubt","Decay"],"score":280,"play_id":"9bca887b-38a3-43e0-903b-200cc3153692","local_time":"20210227100757","is_ascension_mode":false,"campfire_choices":[{"data":"Run Through","floor":7,"key":"SMITH"},{"data":"ReplayTheSpireMod:LeadingStrike","floor":13,"key":"SMITH"},{"data":"Life Link","floor":15,"key":"SMITH"},{"floor":23,"key":"RECALL"}],"circlet_count":0,"master_deck":["Strike_R","Strike_R","Strike_R","Strike_R","Defend_R","Defend_R","Defend_R","Defend_R","Bash","Rampage+1","Run Through+1","Thunderclap","Life Link+1","Overencumbered","ReplayTheSpireMod:LeadingStrike+1","Berserk","Cleave","Necronomicurse","Jack Of All Trades","Sword Boomerang+1","Clash","Writhe","hubris:CleavingFinish+1","Thunderclap","Thunderclap+1"],"relics":["Burning Blood","NeowsBlessing","Replay:Ringing Soul","Mummified Hand","Ring of Misfortune","Ring of Greed","Replay:Bandana","Replay:Wax Seal","Bronze Scales","Necronomicon","Gremlin Horn"],"acts_visited":["Exordium","TheCity"],"potions_floor_usage":[14,16,29],"damage_taken":[{"damage":0,"enemies":"Jaw Worm","floor":1,"turns":1},{"damage":0,"enemies":"Small Slimes","floor":2,"turns":1},{"damage":0,"enemies":"2 Louse","floor":5,"turns":1},{"damage":10,"enemies":"2 Fungi Beasts","floor":8,"turns":4},{"damage":7,"enemies":"3 Louse","floor":12,"turns":2},{"damage":10,"enemies":"Gremlin Nob","floor":14,"turns":3},{"damage":26,"enemies":"Slime Boss","floor":16,"turns":7},{"damage":5,"enemies":"Chosen","floor":18,"turns":6},{"damage":32,"enemies":"2 Thieves","floor":24,"turns":3},{"damage":13,"enemies":"Snake Plant","floor":27,"turns":3},{"damage":47,"enemies":"Shelled Parasite and Fungi","floor":28,"turns":4},{"damage":7,"enemies":"Cultist and Chosen","floor":29,"turns":3},{"damage":31,"enemies":"Snake Plant","floor":30,"turns":2}],"seed_played":"-3218287294457775255","potions_obtained":[{"floor":1,"key":"Venom Potion"},{"floor":5,"key":"DuplicationPotion"},{"floor":10,"key":"PowerPotion"},{"floor":28,"key":"BlessingOfTheForge"}],"is_trial":false,"path_per_floor":["M","M","?","?","M","?","R","M","T","?","?","M","R","E","R","B",null,"M","?","?","?","$","R","M","$","T","M","M","M","M"],"character_chosen":"IRONCLAD","items_purchased":["Gremlin Horn","Jack Of All Trades","Clash"],"campfire_rested":0,"item_purchase_floors":[22,22,25],"current_hp_per_floor":[80,80,73,62,68,68,68,64,64,67,70,72,72,68,68,51,92,95,82,82,85,88,88,65,68,68,64,26,28,0,0],"gold":257,"neow_bonus":"THREE_ENEMY_KILL","is_daily":false,"chose_seed":false,"campfire_upgraded":3,"win_rate":0.0,"timestamp":1614416877,"path_taken":["M","M","?","?","M","?","R","M","T","?","?","M","R","E","R","BOSS","M","?","?","?","$","R","M","$","T","M","?","M","M"],"items_purchased_type":["Relic","Card","Card"],"build_version":"2020-12-22","purchased_purges":2,"victory":false,"max_hp_per_floor":[80,80,80,80,80,80,80,80,80,83,86,89,89,89,89,92,92,95,98,98,101,104,104,107,110,110,113,116,119,119,119],"card_choices":[{"not_picked":["Sever Soul","Massacre","Second Wind"],"picked":"SKIP","floor":1},{"not_picked":["Sword Boomerang","Flex"],"picked":"Rampage","floor":2},{"not_picked":["Bloodletting","Perfected Strike"],"picked":"Run Through","floor":5},{"not_picked":["Reckless Charge","Bloodletting"],"picked":"Thunderclap","floor":8},{"not_picked":["Body Slam","Anger"],"picked":"Life Link","floor":10},{"not_picked":["Wild Strike","Rage"],"picked":"ReplayTheSpireMod:LeadingStrike","floor":12},{"not_picked":["Entrench","True Grit","Body Slam"],"picked":"SKIP","floor":14},{"not_picked":["Immolate","Fiend Fire"],"picked":"Berserk","floor":16},{"not_picked":["Shrug It Off","Ghostly Armor"],"picked":"Cleave","floor":18},{"not_picked":["Defy Death+1","Dark Embrace"],"picked":"Sword Boomerang+1","floor":24},{"not_picked":["Iron Wave","Perfected Strike"],"picked":"hubris:CleavingFinish+1","floor":27},{"not_picked":["Metallicize","Searing Blow"],"picked":"Thunderclap","floor":28},{"not_picked":["hubris:ReadiedAction","Anger"],"picked":"Thunderclap+1","floor":29}],"player_experience":343414,"relics_obtained":[{"floor":9,"key":"Replay:Ringing Soul"},{"floor":10,"key":"Mummified Hand"},{"floor":11,"key":"Ring of Misfortune"},{"floor":11,"key":"Ring of Greed"},{"floor":11,"key":"Replay:Bandana"},{"floor":11,"key":"Replay:Wax Seal"},{"floor":14,"key":"Bronze Scales"},{"floor":19,"key":"Necronomicon"}],"event_choices":[{"cards_removed":["Strike_R"],"damage_healed":0,"gold_gain":0,"player_choice":"Card Removal","damage_taken":7,"max_hp_gain":0,"max_hp_loss":0,"event_name":"Golden Wing","floor":3,"gold_loss":0},{"damage_healed":0,"gold_gain":75,"player_choice":"Gather Gold","damage_taken":11,"max_hp_gain":0,"max_hp_loss":0,"event_name":"World of Goop","floor":4,"gold_loss":0},{"damage_healed":0,"gold_gain":0,"player_choice":"Grow","damage_taken":0,"max_hp_gain":0,"max_hp_loss":0,"event_name":"Living Wall","floor":6,"gold_loss":0,"cards_upgraded":["Rampage"]},{"damage_healed":0,"gold_gain":0,"player_choice":"Obtained Book","damage_taken":16,"max_hp_gain":0,"max_hp_loss":0,"event_name":"Cursed Tome","floor":19,"gold_loss":0},{"cards_removed":["ReplayTheSpireMod:Splinters"],"damage_healed":0,"gold_gain":0,"player_choice":"Elegance","damage_taken":0,"max_hp_gain":0,"max_hp_loss":0,"event_name":"Back to Basics","floor":20,"gold_loss":0},{"damage_healed":0,"gold_gain":99,"player_choice":"Stole From Cult","damage_taken":0,"max_hp_gain":0,"max_hp_loss":0,"event_name":"Nest","floor":21,"gold_loss":0}],"is_beta":false,"boss_relics":[{"not_picked":["Fusion Hammer","ChewingGum","Replay:Wanted Poster"]}],"items_purged_floors":[22,25],"is_endless":false,"potions_floor_spawned":[1,5,28],"killed_by":"Snake Plant","ascension_level":0}}