{"host":"jsd6g3c2vo13e69c","time":1614458456,"event":{"mods":["2.2 Compatiblity","Act Like it!","BaseMod","Better Altar","Better Match","Better Note","Better Sensory Stone","Better Third Choice","BetterRewards","Colored Map","Colored Powertips","Downfall","Friendly Minions","GifTheSpireLib","Googly Eyes","Gremlin Mod","Hermit","Hubris","Infinite Spire","Melee Mod","Minty Spire (QoL Compilation)","Permanent Neow","Quick Restart","Random Character Button","Replay The Spire","Shop Mod","Spire Arcade","StSLib","The Cursed","The Disciple","The Forsaken","thorton"],"gold_per_floor":[99,119,139,155,155,80,131,158,171,188,88,103,88,118,138,138,138,138],"floor_reached":16,"language":"ENG","playtime":1086,"items_purged":[],"score":114,"play_id":"329f0ff8-40ab-4e84-9b09-0e769d3375ac","local_time":"20210227154056","is_ascension_mode":false,"campfire_choices":[{"data":"hexamod:HexaLevel","floor":1,"key":"SMITH"},{"data":"hexamod:Float","floor":11,"key":"SMITH"}],"circlet_count":0,"master_deck":["hexamod:Strike","hexamod:Strike","hexamod:Strike+1","hexamod:Strike+1","hexamod:Defend+1","hexamod:Defend","hexamod:Defend","hexamod:Defend","hexamod:Sear+1","hexamod:Float+1","hexamod:HexaLevel+1","hexamod:FastForward","hexamod:RainOfEmbers","hexamod:SkipABeat+1","hexamod:SixthSeal","hexamod:ChargedBarrage","hexamod:BurningTouch","hexamod:FastForward+1","hexamod:SecondSeal","hexamod:ForkedFlame"],"relics":["hexamod:SpiritBrand","hubris:Icosahedron","Bronze Scales","Tiny Chest","downfall:HeartBlessingGreen","Art of War"],"acts_visited":["Exordium"],"potions_floor_usage":[4,14,14,16],"damage_taken":[{"damage":0,"enemies":"Cultist","floor":2,"turns":3},{"damage":0,"enemies":"Small Slimes","floor":3,"turns":4},{"damage":0,"enemies":"Jaw Worm","floor":4,"turns":3},{"damage":8,"enemies":"Gremlin Nob","floor":8,"turns":3},{"damage":7,"enemies":"Blue Slaver","floor":9,"turns":3},{"damage":0,"enemies":"downfall:LooterAlt","floor":10,"turns":4},{"damage":2,"enemies":"3 Louse","floor":12,"turns":4},{"damage":0,"enemies":"downfall:FleeingMerchant","floor":13,"turns":4},{"damage":9,"enemies":"3 Sentries","floor":14,"turns":6},{"damage":2,"enemies":"Blue Slaver","floor":15,"turns":3},{"damage":56,"enemies":"WA_ARCHETYPE_RETAIN","floor":16,"turns":6}],"seed_played":"2520292711137904304","potions_obtained":[{"floor":2,"key":"Block Potion"},{"floor":3,"key":"ColorlessPotion"},{"floor":4,"key":"sneckomod:MuddlingPotion"},{"floor":9,"key":"Swift Potion"},{"floor":15,"key":"Reflective Coating"}],"is_trial":false,"path_per_floor":["R","M","M","M","?","?","T","E","M","M","R","M","$","E","M","B"],"character_chosen":"THE_SPIRIT","items_purchased":[],"campfire_rested":0,"item_purchase_floors":[],"current_hp_per_floor":[70,70,70,70,70,70,70,62,55,55,55,53,53,44,42,0,0,0],"gold":138,"neow_bonus":"ONE_RANDOM_RARE_CARD","is_daily":false,"chose_seed":false,"campfire_upgraded":2,"win_rate":0.0,"timestamp":1614458456,"path_taken":["R","M","M","M","?","?","T","E","M","M","R","M","$","E","M","BOSS"],"items_purchased_type":[],"build_version":"2020-12-22","purchased_purges":0,"victory":false,"max_hp_per_floor":[70,70,70,70,70,70,70,70,70,70,70,70,70,70,70,70,70,70],"card_choices":[{"not_picked":["hexamod:Hexaguard","hexamod:HeatCrush","hexamod:ThermalTransfer"],"picked":"SKIP","floor":2},{"not_picked":["hexamod:Hexaguard","hexamod:HeatCrush","hexamod:ThermalTransfer"],"picked":"SKIP","floor":2},{"not_picked":["hexamod:ShieldOfDarkness","hexamod:SpectersWail"],"picked":"hexamod:FastForward","floor":3},{"not_picked":["hexamod:GhostflameInferno","hexamod:FlamesFromBeyond"],"picked":"hexamod:RainOfEmbers","floor":4},{"not_picked":["hexamod:HeatShield+1","hexamod:SpectralAdrenaline+1"],"picked":"hexamod:SkipABeat+1","floor":6},{"not_picked":["hexamod:SpectralSpark","hexamod:ThermalTransfer"],"picked":"hexamod:SixthSeal","floor":8},{"not_picked":["hexamod:FlamesFromBeyond","hexamod:Firestarter"],"picked":"hexamod:ChargedBarrage","floor":9},{"not_picked":["hexamod:ThermalTransfer","hexamod:InspiringFlames","hexamod:RecurringNightmare"],"picked":"SKIP","floor":10},{"not_picked":["hexamod:GhostflameBarrier","hexamod:HeatMetal"],"picked":"hexamod:BurningTouch","floor":12},{"not_picked":["hexamod:ShieldOfDarkness","hexamod:FlamesFromBeyond"],"picked":"hexamod:FastForward","floor":13},{"not_picked":["hexamod:SpectersWail","hexamod:NecessarySacrifice"],"picked":"hexamod:SecondSeal","floor":14},{"not_picked":["hexamod:NightmareStrike","hexamod:HauntingEcho"],"picked":"hexamod:ForkedFlame","floor":15}],"player_experience":550868,"relics_obtained":[{"floor":7,"key":"Bronze Scales"},{"floor":8,"key":"Tiny Chest"},{"floor":14,"key":"Art of War"}],"event_choices":[{"damage_healed":0,"gold_gain":0,"player_choice":"2","damage_taken":0,"max_hp_gain":0,"max_hp_loss":0,"event_name":"betterMatch:BetterMatch","floor":6,"gold_loss":0,"cards_obtained":["betterMatch:UncommonCard"]}],"is_beta":false,"boss_relics":[],"items_purged_floors":[],"is_endless":false,"potions_floor_spawned":[2,3,4,9,15],"killed_by":"WA_ARCHETYPE_RETAIN","ascension_level":0}}