{"host":"tj45uo9npo129mc6","time":1614435126,"event":{"mods":["AchievementEnabler","BaseMod","Colored Powertips","Downfall","Friendly Minions","Hubris","Infinite Spire","Kiyohime????","LagranYue(???·?)","Minty Spire (QoL Compilation)","Quick Restart","Remilia??????","StSLib","The Animator","The Bladedancer","The Cursed","The Servant 0.9.4"],"gold_per_floor":[111,36,36,54,54,82,82,95,95,95,109,137,137,153,153,153,153],"floor_reached":16,"language":"FRA","playtime":572,"items_purged":["Strike_B"],"score":169,"play_id":"7b2ab8bc-281e-4c83-94b8-abfb7814698e","local_time":"20210227151206","is_ascension_mode":true,"campfire_choices":[{"floor":7,"key":"RECALL"},{"data":"Defragment","floor":13,"key":"SMITH"},{"data":"Genetic Algorithm","floor":15,"key":"SMITH"}],"circlet_count":0,"master_deck":["Strike_B","Strike_B","Defend_B","Defend_B","Defend_B","Defend_B","Zap","Dualcast","Defragment+1","Genetic Algorithm+1","Leap","Tempest","Leap"],"relics":["Cracked Core","LagranYue:RandomDrawCardRelic","NeowsBlessing","HornCleat","Happy Flower","Pen Nib"],"acts_visited":["Exordium"],"potions_floor_usage":[14],"damage_taken":[{"damage":0,"enemies":"Small Slimes","floor":1,"turns":1},{"damage":0,"enemies":"Cultist","floor":4,"turns":1},{"damage":0,"enemies":"Gremlin Nob","floor":6,"turns":1},{"damage":0,"enemies":"2 Louse","floor":8,"turns":4},{"damage":1,"enemies":"Exordium Wildlife","floor":11,"turns":4},{"damage":11,"enemies":"Lagavulin","floor":12,"turns":7},{"damage":2,"enemies":"3 Louse","floor":14,"turns":3},{"damage":55,"enemies":"Hexaghost","floor":16,"turns":12}],"seed_played":"8414908306528429404","potions_obtained":[{"floor":8,"key":"Block Potion"},{"floor":12,"key":"SteroidPotion"}],"is_trial":false,"path_per_floor":["M","$","?","M","?","E","R","M","T","?","M","E","R","M","R","B"],"character_chosen":"DEFECT","items_purchased":[],"campfire_rested":0,"item_purchase_floors":[],"current_hp_per_floor":[75,75,68,68,68,68,68,68,68,68,67,56,56,54,54,0,0],"gold":153,"neow_bonus":"THREE_ENEMY_KILL","is_daily":false,"chose_seed":false,"campfire_upgraded":2,"win_rate":0.0,"timestamp":1614435126,"path_taken":["M","$","?","M","?","E","R","M","T","?","?","E","R","M","R","BOSS"],"items_purchased_type":[],"build_version":"2020-12-22","purchased_purges":1,"victory":false,"max_hp_per_floor":[75,75,75,75,75,75,75,75,75,75,75,75,75,75,75,75,75],"card_choices":[{"not_picked":["Stack","Leap"],"picked":"Defragment","floor":1},{"not_picked":["Scrape","Double Energy"],"picked":"Genetic Algorithm","floor":4},{"not_picked":["Beam Cell","Sweeping Beam","Streamline"],"picked":"SKIP","floor":6},{"not_picked":["Coolheaded","Hello World"],"picked":"Leap","floor":8},{"not_picked":["Chaos","Rebound"],"picked":"Tempest","floor":11},{"not_picked":["Steam Power","Turbo","Compile Driver"],"picked":"SKIP","floor":12},{"not_picked":["Coolheaded","Scrape"],"picked":"Leap","floor":14}],"player_experience":277619,"relics_obtained":[{"floor":6,"key":"Happy Flower"},{"floor":12,"key":"Pen Nib"}],"event_choices":[{"damage_healed":0,"gold_gain":0,"player_choice":"Success","damage_taken":7,"relics_obtained":["HornCleat"],"max_hp_gain":0,"max_hp_loss":0,"event_name":"Scrap Ooze","floor":3,"gold_loss":0},{"damage_healed":0,"gold_gain":0,"player_choice":"Ignored","damage_taken":0,"max_hp_gain":0,"max_hp_loss":0,"event_name":"Golden Wing","floor":5,"gold_loss":0},{"cards_removed":["Strike_B"],"damage_healed":0,"gold_gain":0,"player_choice":"Offered Basic","damage_taken":0,"max_hp_gain":0,"max_hp_loss":0,"event_name":"Bonfire Elementals","floor":10,"gold_loss":0}],"is_beta":false,"boss_relics":[],"items_purged_floors":[2],"is_endless":false,"potions_floor_spawned":[8,12],"killed_by":"Hexaghost","ascension_level":5}}