{"host":"7sni158j623xchr2","time":1614412795,"event":{"mods":["BaseMod","Colored Map","Highlight Path","Minty Spire (QoL Compilation)","Permanent Neow","Potion Indicator Mod","Rare Cards Sparkle","Relic Sorter","Relic Stats","StSLib","everything is the same but u backflip on backflip"],"gold_per_floor":[119,7,21,21,21,64,64,105,105,105,120,295,331,331,331,452,452,466,34,34,53,53,97,97,136,136,177,197,197,197,216,216,347,347,370,370,27,52,75,110,110,128,128,163,163,163,199,222,222,222,222,222,17,52,52],"floor_reached":56,"language":"ENG","playtime":1830,"items_purged":["Defend_P","Strike_P"],"score":1823,"play_id":"70f57825-64dd-444f-a46d-987c846f8731","local_time":"20210227015955","is_ascension_mode":true,"campfire_choices":[{"data":"Wallop","floor":7,"key":"SMITH"},{"data":"Eruption","floor":10,"key":"SMITH"},{"data":"FlurryOfBlows","floor":15,"key":"SMITH"},{"data":"Brilliance","floor":24,"key":"SMITH"},{"data":"MentalFortress","floor":30,"key":"SMITH"},{"data":"Consecrate","floor":32,"key":"SMITH"},{"data":"TalkToTheHand","floor":41,"key":"SMITH"},{"floor":46,"key":"RECALL"},{"data":"Prostrate","floor":49,"key":"SMITH"},{"data":"Vault","floor":52,"key":"SMITH"}],"circlet_count":0,"master_deck":["Strike_P+1","Strike_P+1","Defend_P+1","Defend_P+1","Defend_P+1","Eruption+1","Vigilance","EmptyFist+1","Wallop+1","FearNoEvil","FlurryOfBlows+1","Prostrate+1","Brilliance+1","FollowUp+1","Master of Strategy","Vault+1","MentalFortress+1","MentalFortress+1","DeusExMachina+1","ThirdEye+1","Consecrate+1","Vault+1","Sanctity+1","Eruption","Master of Strategy+1","CrushJoints+1","Prostrate+1","Pray+1","TalkToTheHand+1","WaveOfTheHand+1","Worship+1","Study+1","TalkToTheHand+1"],"relics":["PureWater","Golden Idol","Pear","TeardropLocket","Unceasing Top","Yang","Empty Cage","Enchiridion","Happy Flower","Toxic Egg 2","Gremlin Horn","Prayer Wheel","Black Star","DollysMirror","Bag of Preparation","Blood Vial","Mango","Calipers","StrikeDummy","Dream Catcher","Pantograph","Whetstone","Sling","InkBottle","Damaru"],"acts_visited":["Exordium","TheCity","TheBeyond","TheEnding"],"potions_floor_usage":[6,6,8,13,25,38,50,54,55],"damage_taken":[{"damage":0,"enemies":"Cultist","floor":1,"turns":3},{"damage":7,"enemies":"Jaw Worm","floor":3,"turns":3},{"damage":62,"enemies":"Gremlin Nob","floor":6,"turns":6},{"damage":3,"enemies":"Lagavulin","floor":8,"turns":7},{"damage":0,"enemies":"Small Slimes","floor":11,"turns":3},{"damage":0,"enemies":"Gremlin Nob","floor":13,"turns":2},{"damage":0,"enemies":"Slime Boss","floor":16,"turns":8},{"damage":0,"enemies":"2 Thieves","floor":18,"turns":3},{"damage":25,"enemies":"3 Byrds","floor":21,"turns":4},{"damage":0,"enemies":"Gremlin Leader","floor":23,"turns":5},{"damage":15,"enemies":"Slavers","floor":25,"turns":4},{"damage":0,"enemies":"Book of Stabbing","floor":27,"turns":4},{"damage":0,"enemies":"Centurion and Healer","floor":28,"turns":3},{"damage":0,"enemies":"Chosen and Byrds","floor":31,"turns":4},{"damage":13,"enemies":"Collector","floor":33,"turns":8},{"damage":0,"enemies":"3 Shapes","floor":35,"turns":2},{"damage":11,"enemies":"3 Darklings","floor":38,"turns":3},{"damage":0,"enemies":"Jaw Worm Horde","floor":39,"turns":3},{"damage":0,"enemies":"Giant Head","floor":40,"turns":4},{"damage":0,"enemies":"Spire Growth","floor":42,"turns":3},{"damage":0,"enemies":"Reptomancer","floor":44,"turns":3},{"damage":0,"enemies":"Giant Head","floor":47,"turns":6},{"damage":0,"enemies":"Transient","floor":48,"turns":6},{"damage":0,"enemies":"Awakened One","floor":50,"turns":9},{"damage":28,"enemies":"Shield and Spear","floor":54,"turns":5},{"damage":63,"enemies":"The Heart","floor":55,"turns":9}],"seed_played":"5772284316994252902","potions_obtained":[{"floor":0,"key":"Weak Potion"},{"floor":0,"key":"LiquidMemories"},{"floor":0,"key":"SmokeBomb"},{"floor":1,"key":"FairyPotion"},{"floor":6,"key":"Dexterity Potion"},{"floor":8,"key":"ColorlessPotion"},{"floor":21,"key":"Fire Potion"},{"floor":25,"key":"LiquidBronze"},{"floor":27,"key":"AttackPotion"},{"floor":40,"key":"Regen Potion"},{"floor":42,"key":"SkillPotion"},{"floor":48,"key":"Strength Potion"}],"is_trial":false,"path_per_floor":["M","$","M","?","$","E","R","E","T","R","M","?","E","?","R","B",null,"M","$","?","M","?","E","R","E","T","E","M","?","R","M","R","B",null,"M","?","$","M","M","E","R","M","T","E","?","R","E","M","R","B",null,"R","$","E","B",null],"character_chosen":"WATCHER","items_purchased":["Wallop","Master of Strategy","Vault","DollysMirror","Bag of Preparation","CrushJoints","Sling","Weak Potion"],"campfire_rested":0,"item_purchase_floors":[2,19,19,37,37,37,53,53],"current_hp_per_floor":[72,72,65,65,65,13,13,10,10,10,10,10,10,7,7,7,77,77,77,61,36,36,36,36,21,21,21,21,21,21,21,21,8,77,77,77,77,66,66,80,80,82,82,84,84,84,86,86,86,86,86,86,86,58,22],"gold":52,"neow_bonus":"THREE_SMALL_POTIONS","is_daily":false,"chose_seed":false,"campfire_upgraded":9,"win_rate":0.0,"timestamp":1614412795,"path_taken":["M","$","?","?","$","E","R","E","T","R","M","?","E","?","R","BOSS","M","$","?","M","?","E","R","E","T","E","M","?","R","M","R","BOSS","M","?","$","M","?","E","R","M","T","E","?","R","E","M","R","BOSS","R","$","E","BOSS"],"items_purchased_type":["Card","Card","Card","Relic","Relic","Card","Relic","Potion"],"build_version":"2020-12-22","purchased_purges":2,"victory":true,"max_hp_per_floor":[72,72,72,67,67,77,77,77,77,77,77,77,77,77,77,77,77,77,77,77,77,77,77,77,77,77,77,77,77,77,77,77,77,77,77,77,77,77,77,91,91,91,91,91,86,86,86,86,86,86,86,86,86,86,86],"relic_stats":{"Happy Flower":[25],"Gremlin Horn":[19,17],"counters":[26,120],"Golden Idol":218,"Yang":[334],"Bag of Preparation":[20],"Whetstone":["EmptyFist","CrushJoints"],"Blood Vial":8,"Dream Catcher":0,"Pantograph":25,"Prayer Wheel":7,"Black Star":4,"obtain_stats":[{"Calipers":43,"Gremlin Horn":26,"Enchiridion":20,"Yang":14,"Mango":40,"Bag of Preparation":37,"TeardropLocket":8,"Whetstone":47,"Empty Cage":17,"Sling":53,"Blood Vial":40,"Dream Catcher":44,"DollysMirror":37,"Pantograph":47,"Prayer Wheel":27,"Toxic Egg 2":25,"InkBottle":54,"Pear":6,"Happy Flower":23,"Golden Idol":4,"Damaru":54,"Black Star":34,"PureWater":0,"StrikeDummy":44,"Unceasing Top":13},{"Calipers":20,"Gremlin Horn":11,"Enchiridion":8,"Yang":6,"Mango":19,"Bag of Preparation":16,"TeardropLocket":4,"Whetstone":22,"Empty Cage":7,"Sling":24,"Blood Vial":19,"Dream Catcher":21,"DollysMirror":16,"Pantograph":22,"Prayer Wheel":12,"Toxic Egg 2":11,"InkBottle":25,"Pear":3,"Happy Flower":10,"Golden Idol":2,"Damaru":25,"Black Star":15,"PureWater":0,"StrikeDummy":21,"Unceasing Top":6},{"Calipers":82,"Gremlin Horn":48,"Enchiridion":35,"Yang":24,"Mango":79,"Bag of Preparation":69,"TeardropLocket":19,"Whetstone":91,"Empty Cage":32,"Sling":106,"Blood Vial":79,"Dream Catcher":85,"DollysMirror":69,"Pantograph":91,"Prayer Wheel":52,"Toxic Egg 2":48,"InkBottle":111,"Pear":12,"Happy Flower":44,"Golden Idol":6,"Damaru":111,"Black Star":67,"PureWater":0,"StrikeDummy":85,"Unceasing Top":24}],"Unceasing Top":[4],"InkBottle":[5]},"card_choices":[{"not_picked":["DeceiveReality","CutThroughFate"],"picked":"EmptyFist","floor":1},{"not_picked":["InnerPeace","Worship"],"picked":"FearNoEvil","floor":3},{"not_picked":["CarveReality","EmptyBody","JustLucky"],"picked":"SKIP","floor":6},{"not_picked":["Worship","Conclude","FearNoEvil"],"picked":"SKIP","floor":8},{"not_picked":["Omniscience","EmptyBody"],"picked":"FlurryOfBlows","floor":11},{"not_picked":["SignatureMove","Protect","Prostrate"],"picked":"SKIP","floor":13},{"not_picked":["SignatureMove","Protect"],"picked":"Prostrate","floor":13},{"not_picked":["Omniscience","LessonLearned"],"picked":"Brilliance","floor":16},{"not_picked":["Protect","ClearTheMind+1"],"picked":"FollowUp+1","floor":18},{"not_picked":["Prostrate","FollowUp"],"picked":"MentalFortress","floor":21},{"not_picked":["Crescendo","Brilliance","ForeignInfluence"],"picked":"SKIP","floor":23},{"not_picked":["Swivel+1","ClearTheMind+1","PathToVictory+1"],"picked":"SKIP","floor":25},{"not_picked":["JustLucky","Protect+1"],"picked":"MentalFortress","floor":27},{"not_picked":["BowlingBash","FollowUp"],"picked":"DeusExMachina+1","floor":28},{"not_picked":["EmptyBody+1","Conclude","BowlingBash"],"picked":"SKIP","floor":28},{"not_picked":["Nirvana+1","Collect+1"],"picked":"ThirdEye+1","floor":31},{"not_picked":["EmptyFist","PathToVictory+1"],"picked":"Consecrate","floor":31},{"not_picked":["Alpha+1","Blasphemy+1"],"picked":"Vault+1","floor":33},{"not_picked":["ThirdEye+1","PathToVictory+1"],"picked":"Sanctity+1","floor":35},{"not_picked":["WreathOfFlame+1","JustLucky","FlyingSleeves"],"picked":"SKIP","floor":35},{"not_picked":["SandsOfTime","FlyingSleeves","JustLucky+1"],"picked":"SKIP","floor":38},{"not_picked":["Evaluate+1","Protect+1","FollowUp+1"],"picked":"SKIP","floor":38},{"not_picked":["FlurryOfBlows+1","WindmillStrike"],"picked":"Prostrate+1","floor":39},{"not_picked":["WreathOfFlame+1","SashWhip+1"],"picked":"Pray+1","floor":39},{"not_picked":["Establishment","WindmillStrike+1"],"picked":"TalkToTheHand","floor":40},{"not_picked":["CrushJoints+1","BattleHymn"],"picked":"WaveOfTheHand+1","floor":42},{"not_picked":["Halt+1","Protect+1","WreathOfFlame+1"],"picked":"SKIP","floor":42},{"not_picked":["FollowUp+1","BowlingBash"],"picked":"Worship+1","floor":44},{"not_picked":["EmptyBody+1","SashWhip"],"picked":"Study+1","floor":47},{"not_picked":["CutThroughFate","Protect+1"],"picked":"TalkToTheHand+1","floor":48},{"not_picked":["Evaluate+1","Fasting2+1","EmptyBody+1"],"picked":"SKIP","floor":48},{"not_picked":["SashWhip+1","WheelKick","Alpha+1"],"picked":"SKIP","floor":54}],"player_experience":1865139,"relics_obtained":[{"floor":6,"key":"Pear"},{"floor":8,"key":"TeardropLocket"},{"floor":13,"key":"Unceasing Top"},{"floor":20,"key":"Enchiridion"},{"floor":23,"key":"Happy Flower"},{"floor":25,"key":"Toxic Egg 2"},{"floor":26,"key":"Gremlin Horn"},{"floor":27,"key":"Prayer Wheel"},{"floor":40,"key":"Blood Vial"},{"floor":40,"key":"Mango"},{"floor":43,"key":"Calipers"},{"floor":44,"key":"StrikeDummy"},{"floor":44,"key":"Dream Catcher"},{"floor":47,"key":"Pantograph"},{"floor":47,"key":"Whetstone"},{"floor":54,"key":"InkBottle"},{"floor":54,"key":"Damaru"}],"event_choices":[{"damage_healed":0,"gold_gain":0,"player_choice":"Lose Max HP","damage_taken":0,"relics_obtained":["Golden Idol"],"max_hp_gain":0,"max_hp_loss":5,"event_name":"Golden Idol","floor":4,"gold_loss":0},{"damage_healed":0,"gold_gain":175,"player_choice":"AGREE","damage_taken":0,"max_hp_gain":0,"max_hp_loss":0,"event_name":"Liars Game","floor":12,"gold_loss":0,"cards_obtained":["Doubt"]},{"damage_healed":0,"gold_gain":0,"player_choice":"Success","damage_taken":3,"relics_obtained":["Yang"],"max_hp_gain":0,"max_hp_loss":0,"event_name":"Scrap Ooze","floor":14,"gold_loss":0},{"damage_healed":0,"gold_gain":0,"player_choice":"Obtained Book","damage_taken":16,"max_hp_gain":0,"max_hp_loss":0,"event_name":"Cursed Tome","floor":20,"gold_loss":0},{"damage_healed":0,"gold_gain":0,"player_choice":"Simplicity","damage_taken":0,"max_hp_gain":0,"max_hp_loss":0,"event_name":"Back to Basics","floor":22,"gold_loss":0,"cards_upgraded":["Strike_P","Strike_P","Defend_P","Defend_P","Defend_P"]},{"damage_healed":0,"gold_gain":0,"player_choice":"Forge","damage_taken":0,"max_hp_gain":0,"max_hp_loss":0,"event_name":"Accursed Blacksmith","floor":29,"gold_loss":0,"cards_upgraded":["MentalFortress"]},{"damage_healed":0,"gold_gain":0,"player_choice":"1 cards matched","damage_taken":0,"max_hp_gain":0,"max_hp_loss":0,"event_name":"Match and Keep!","floor":36,"gold_loss":0,"cards_obtained":["Eruption"]},{"damage_healed":0,"gold_gain":0,"player_choice":"Max HP","damage_taken":0,"max_hp_gain":0,"max_hp_loss":5,"event_name":"Winding Halls","floor":45,"gold_loss":0}],"is_beta":false,"boss_relics":[{"not_picked":["Runic Pyramid","SacredBark"],"picked":"Empty Cage"},{"not_picked":["Runic Dome","Coffee Dripper"],"picked":"Black Star"}],"items_purged_floors":[2,19],"is_endless":false,"potions_floor_spawned":[1,6,8,21,25,27,40,42,47,48],"ascension_level":3}}