{"host":"seujf6kmfn3ctpoe","time":1614450454,"event":{"mods":["BaseMod","Colored Map","Minty Spire (QoL Compilation)","Permanent Neow","Relic Sorter","Relic Stats","StSLib"],"gold_per_floor":[109,109,125,50,62,62,95,114,161,86,99,99,126,142,142,245,245,261,261,12,27,44,44,44,44],"floor_reached":24,"language":"ENG","playtime":1120,"items_purged":["Defend_B","Strike_B"],"score":218,"play_id":"251766d5-563c-4bed-a744-92b579183658","local_time":"20210227192734","is_ascension_mode":true,"campfire_choices":[{"data":"Zap","floor":6,"key":"SMITH"},{"data":"Defragment","floor":12,"key":"SMITH"},{"data":"Doom and Gloom","floor":15,"key":"SMITH"},{"data":"Creative AI","floor":23,"key":"SMITH"}],"circlet_count":0,"master_deck":["Strike_B","Defend_B","Defend_B","Defend_B","Zap+1","Dualcast","Barrage","Defragment+1","BootSequence","Leap","Glacier","Leap","Doom and Gloom+1","Creative AI+1","Loop","Static Discharge","Skim","Barrage"],"relics":["Cracked Core","InkBottle","Bronze Scales","Toy Ornithopter","Philosopher\u0027s Stone","Runic Capacitor"],"acts_visited":["Exordium","TheCity"],"potions_floor_usage":[21,22],"damage_taken":[{"damage":5,"enemies":"Small Slimes","floor":1,"turns":4},{"damage":0,"enemies":"Cultist","floor":3,"turns":3},{"damage":7,"enemies":"2 Louse","floor":5,"turns":3},{"damage":20,"enemies":"Gremlin Nob","floor":7,"turns":4},{"damage":2,"enemies":"Blue Slaver","floor":8,"turns":4},{"damage":0,"enemies":"Red Slaver","floor":11,"turns":4},{"damage":3,"enemies":"3 Sentries","floor":13,"turns":10},{"damage":3,"enemies":"Exordium Wildlife","floor":14,"turns":5},{"damage":6,"enemies":"Hexaghost","floor":16,"turns":9},{"damage":4,"enemies":"Shell Parasite","floor":18,"turns":6},{"damage":4,"enemies":"2 Thieves","floor":21,"turns":4},{"damage":32,"enemies":"Cultist and Chosen","floor":22,"turns":7},{"damage":47,"enemies":"Slavers","floor":24,"turns":4}],"seed_played":"4037154411848462749","potions_obtained":[{"floor":3,"key":"Strength Potion"},{"floor":5,"key":"Fire Potion"},{"floor":11,"key":"Weak Potion"}],"is_trial":false,"path_per_floor":["M","?","M","$","M","R","E","M","T","$","M","R","E","M","R","B",null,"M","?","$","M","M","R","E"],"character_chosen":"DEFECT","items_purchased":["Defragment","Runic Capacitor"],"campfire_rested":0,"item_purchase_floors":[4,20],"current_hp_per_floor":[70,70,70,70,63,63,43,41,41,41,41,41,38,35,35,29,75,71,71,71,72,43,43,0,0],"gold":44,"neow_bonus":"REMOVE_CARD","is_daily":false,"chose_seed":false,"campfire_upgraded":4,"win_rate":0.0,"timestamp":1614450454,"path_taken":["M","?","M","$","M","R","E","M","T","$","?","R","E","M","R","BOSS","M","?","$","?","M","R","E"],"items_purchased_type":["Card","Relic"],"build_version":"2020-12-22","purchased_purges":2,"victory":false,"max_hp_per_floor":[75,75,75,75,75,75,75,75,75,75,75,75,75,75,75,75,75,75,75,75,75,75,75,75,75],"relic_stats":{"counters":[13,67],"Bronze Scales":[177],"obtain_stats":[{"Bronze Scales":9,"Philosopher\u0027s Stone":17,"Runic Capacitor":20,"Cracked Core":0,"InkBottle":7,"Toy Ornithopter":13},{"Bronze Scales":5,"Philosopher\u0027s Stone":9,"Runic Capacitor":10,"Cracked Core":0,"InkBottle":4,"Toy Ornithopter":7},{"Bronze Scales":18,"Philosopher\u0027s Stone":46,"Runic Capacitor":52,"Cracked Core":0,"InkBottle":14,"Toy Ornithopter":32}],"InkBottle":[14],"Toy Ornithopter":8},"card_choices":[{"not_picked":["Hologram","Chill"],"picked":"Barrage","floor":1},{"not_picked":["Stack","Hologram","Redo"],"picked":"SKIP","floor":3},{"not_picked":["Compile Driver","Coolheaded","Cold Snap"],"picked":"SKIP","floor":5},{"not_picked":["Undo","Go for the Eyes"],"picked":"BootSequence","floor":7},{"not_picked":["Conserve Battery","BootSequence"],"picked":"Leap","floor":8},{"not_picked":["Undo","Heatsinks"],"picked":"Glacier","floor":11},{"not_picked":["Gash","Undo"],"picked":"Leap","floor":13},{"not_picked":["Machine Learning","Fusion"],"picked":"Doom and Gloom","floor":14},{"not_picked":["Electrodynamics","All For One"],"picked":"Creative AI","floor":16},{"not_picked":["Steam","Beam Cell"],"picked":"Loop","floor":18},{"not_picked":["Ball Lightning+1","Streamline"],"picked":"Skim","floor":21},{"not_picked":["Compile Driver","Beam Cell"],"picked":"Barrage","floor":22}],"player_experience":475817,"relics_obtained":[{"floor":7,"key":"InkBottle"},{"floor":9,"key":"Bronze Scales"},{"floor":13,"key":"Toy Ornithopter"}],"event_choices":[{"cards_removed":["Strike_B"],"damage_healed":0,"gold_gain":0,"player_choice":"Offered Basic","damage_taken":0,"max_hp_gain":0,"max_hp_loss":0,"event_name":"Bonfire Elementals","floor":2,"gold_loss":0},{"damage_healed":0,"gold_gain":0,"player_choice":"1 cards matched","damage_taken":0,"max_hp_gain":0,"max_hp_loss":0,"event_name":"Match and Keep!","floor":19,"gold_loss":0,"cards_obtained":["Static Discharge"]}],"is_beta":false,"boss_relics":[{"not_picked":["Inserter","Black Star"],"picked":"Philosopher\u0027s Stone"}],"items_purged_floors":[10,20],"is_endless":false,"potions_floor_spawned":[3,5,11],"killed_by":"Slavers","ascension_level":1}}