{"host":"vlqej45p0v31lhdi","time":1614413299,"event":{"mods":["AchievementEnabler","BaseMod","Bestiary","Colored Powertips","Minty Spire (QoL Compilation)","Relic Stats"],"gold_per_floor":[111,130,142,142,155,155,187,187,187,143,156,167,186,151,151,247,247,262,262,276,3,20,20,46,65,92,92,103,113,113,13,13,13,13],"floor_reached":33,"language":"ENG","playtime":1636,"items_purged":["Decay","Hyperbeam"],"score":379,"play_id":"c4efb7a2-6463-4f57-87db-7ee72959253b","local_time":"20210227020819","is_ascension_mode":true,"campfire_choices":[{"data":"Zap","floor":6,"key":"SMITH"},{"data":"Coolheaded","floor":15,"key":"SMITH"},{"data":"Loop","floor":23,"key":"SMITH"},{"data":"Aggregate","floor":27,"key":"SMITH"},{"data":"Capacitor","floor":32,"key":"SMITH"}],"circlet_count":0,"master_deck":["Strike_B","Defend_B","Defend_B","Defend_B","Defend_B","Zap+1","Dualcast","Rebound","Redo","Capacitor+1","BootSequence","Compile Driver","Recycle","Rip and Tear","Coolheaded+1","Echo Form","Loop+1","Force Field+1","Glacier","Leap+1","Doom and Gloom","Aggregate+1","Stack","Barrage+1","Echo Form"],"relics":["Coffee Dripper","Letter Opener","Mercury Hourglass","Snecko Eye","Darkstone Periapt","Art of War"],"acts_visited":["Exordium","TheCity"],"potions_floor_usage":[7,13,16,22,24,24,29,33],"damage_taken":[{"damage":9,"enemies":"Small Slimes","floor":1,"turns":4},{"damage":2,"enemies":"Jaw Worm","floor":2,"turns":2},{"damage":1,"enemies":"2 Louse","floor":3,"turns":2},{"damage":17,"enemies":"Looter","floor":5,"turns":3},{"damage":19,"enemies":"3 Sentries","floor":7,"turns":8},{"damage":2,"enemies":"2 Fungi Beasts","floor":11,"turns":2},{"damage":0,"enemies":"3 Louse","floor":12,"turns":3},{"damage":0,"enemies":"Looter","floor":13,"turns":2},{"damage":47,"enemies":"The Guardian","floor":16,"turns":11},{"damage":0,"enemies":"Chosen","floor":18,"turns":4},{"damage":22,"enemies":"3 Byrds","floor":20,"turns":4},{"damage":0,"enemies":"Shelled Parasite and Fungi","floor":22,"turns":7},{"damage":40,"enemies":"Gremlin Leader","floor":24,"turns":7},{"damage":0,"enemies":"Centurion and Healer","floor":25,"turns":4},{"damage":0,"enemies":"Sentry and Sphere","floor":28,"turns":4},{"damage":0,"enemies":"Cultist and Chosen","floor":29,"turns":5},{"damage":30,"enemies":"Collector","floor":33,"turns":2}],"seed_played":"5775001298219940692","potions_obtained":[{"floor":3,"key":"BlessingOfTheForge"},{"floor":12,"key":"Dexterity Potion"},{"floor":13,"key":"Weak Potion"},{"floor":16,"key":"FocusPotion"},{"floor":28,"key":"SkillPotion"},{"floor":29,"key":"CultistPotion"}],"is_trial":false,"path_per_floor":["M","M","M","?","M","R","E","?","T","?","M","M","M","?","R","B",null,"M","?","M","$","M","R","E","M","T","R","M","M","?","$","R","B"],"character_chosen":"DEFECT","items_purchased":["Regen Potion","Glacier","Explosive Potion"],"campfire_rested":0,"item_purchase_floors":[21,21,21],"current_hp_per_floor":[59,57,56,75,58,58,39,32,32,32,30,30,30,48,48,1,57,57,57,35,35,50,50,10,10,10,10,10,10,10,10,10,0,0],"gold":13,"neow_bonus":"BOSS_RELIC","is_daily":false,"chose_seed":false,"campfire_upgraded":5,"win_rate":0.0,"timestamp":1614413299,"path_taken":["M","M","M","?","M","R","E","?","T","?","M","M","M","?","R","BOSS","M","?","M","$","M","R","E","M","T","R","M","M","?","$","R","BOSS"],"items_purchased_type":["Potion","Card","Potion"],"build_version":"2020-12-22","purchased_purges":2,"victory":false,"max_hp_per_floor":[75,75,75,75,75,75,75,75,75,75,75,75,75,75,75,75,75,75,75,75,75,75,75,75,75,75,75,75,75,75,75,75,75,75],"relic_stats":{"Darkstone Periapt":0,"counters":[17,72],"Snecko Eye":[82,78,62,62],"Art of War":[1],"Letter Opener":[210],"obtain_stats":[{"Darkstone Periapt":24,"Snecko Eye":17,"Coffee Dripper":0,"Art of War":26,"Letter Opener":7,"Cracked Core":0,"Mercury Hourglass":9},{"Darkstone Periapt":13,"Snecko Eye":9,"Coffee Dripper":0,"Art of War":14,"Letter Opener":5,"Cracked Core":0,"Mercury Hourglass":5},{"Darkstone Periapt":57,"Snecko Eye":36,"Coffee Dripper":0,"Art of War":61,"Letter Opener":19,"Cracked Core":0,"Mercury Hourglass":19}],"Mercury Hourglass":[218]},"card_choices":[{"not_picked":["Scrape","Compile Driver"],"picked":"Rebound","floor":1},{"not_picked":["Hologram","Rebound"],"picked":"Redo","floor":2},{"not_picked":["Leap","Barrage"],"picked":"Capacitor","floor":3},{"not_picked":["Tempest","Beam Cell"],"picked":"BootSequence","floor":5},{"not_picked":["Double Energy","Stack"],"picked":"Compile Driver","floor":7},{"not_picked":["Capacitor","Compile Driver"],"picked":"Recycle","floor":11},{"not_picked":["Hologram","Steam Power"],"picked":"Rip and Tear","floor":12},{"not_picked":["Leap","Stack"],"picked":"Coolheaded","floor":13},{"not_picked":["Reboot","Core Surge"],"picked":"Echo Form","floor":16},{"not_picked":["Blizzard","Ball Lightning+1"],"picked":"Loop","floor":18},{"not_picked":["Undo","Hologram"],"picked":"Force Field+1","floor":20},{"not_picked":["Beam Cell","Cold Snap"],"picked":"Leap+1","floor":22},{"not_picked":["Go for the Eyes","Leap"],"picked":"Doom and Gloom","floor":24},{"not_picked":["Steam","Go for the Eyes+1"],"picked":"Aggregate","floor":25},{"not_picked":["Ball Lightning+1","Skim"],"picked":"Stack","floor":28},{"not_picked":["Recycle","Hyperbeam"],"picked":"Barrage+1","floor":29}],"player_experience":3121595,"relics_obtained":[{"floor":7,"key":"Letter Opener"},{"floor":9,"key":"Mercury Hourglass"},{"floor":24,"key":"Darkstone Periapt"},{"floor":26,"key":"Art of War"}],"event_choices":[{"damage_healed":25,"gold_gain":0,"player_choice":"Banana","damage_taken":0,"max_hp_gain":0,"max_hp_loss":0,"event_name":"Big Fish","floor":4,"gold_loss":0},{"cards_removed":["Strike_B"],"damage_healed":0,"gold_gain":0,"player_choice":"Card Removal","damage_taken":7,"max_hp_gain":0,"max_hp_loss":0,"event_name":"Golden Wing","floor":8,"gold_loss":0},{"damage_healed":0,"gold_gain":0,"player_choice":"Left Gold","damage_taken":0,"max_hp_gain":0,"max_hp_loss":0,"event_name":"World of Goop","floor":10,"gold_loss":44},{"damage_healed":18,"gold_gain":0,"player_choice":"Healed","damage_taken":0,"max_hp_gain":0,"max_hp_loss":0,"event_name":"The Cleric","floor":14,"gold_loss":35},{"damage_healed":0,"gold_gain":0,"player_choice":"Smashed Altar","damage_taken":0,"max_hp_gain":0,"max_hp_loss":0,"event_name":"Forgotten Altar","floor":19,"gold_loss":0,"cards_obtained":["Decay"]},{"damage_healed":0,"gold_gain":0,"cards_transformed":["Strike_B","Strike_B"],"player_choice":"Became Test Subject","damage_taken":0,"max_hp_gain":0,"max_hp_loss":0,"event_name":"Drug Dealer","floor":30,"gold_loss":0,"cards_obtained":["Hyperbeam","Echo Form"]}],"is_beta":false,"boss_relics":[{"not_picked":["Sozu","Runic Dome"],"picked":"Snecko Eye"}],"items_purged_floors":[21,31],"is_endless":false,"potions_floor_spawned":[3,12,13,16,28,29],"killed_by":"Collector","ascension_level":8}}