{"host":"qcf259yvvmr1jh6w","time":1614427749,"event":{"mods":["AchievementEnabler","Always Whale","BaseMod","BetterRewards","Colored Map","Downfall","Energized Spire","Hubris","Infinite Spire","Jorbs\u0027s Wanderer Trilogy","Minty Spire (QoL Compilation)","Quick Restart","Relic Sorter","Replay The Spire","Shop Mod","StSLib","SuperFastMode"],"gold_per_floor":[118,118,136,153,163,192,192,211,235,254,254,254,25,355,355,454,454,468,62,62,74,91,91,104,120,120,120,150,169,182,192,192,192,192],"floor_reached":33,"language":"ENG","playtime":1761,"items_purged":[],"score":283,"play_id":"3ec752ef-4023-48c8-bf7f-0bee267296b2","local_time":"20210227130909","is_ascension_mode":false,"campfire_choices":[{"floor":7,"key":"REST"},{"floor":12,"key":"REST"},{"floor":15,"key":"REST"},{"floor":23,"key":"REST"},{"floor":27,"key":"REST"},{"floor":32,"key":"REST"}],"circlet_count":0,"master_deck":["Strike_R+1","Strike_R+1","Strike_R","Strike_R","Defend_R","Defend_R","Defend_R","Defend_R","Bash","Demonic Infusion+1","Life Link","Flex","Infernal Blade+1","Pommel Strike+1","Flex+1","Twin Strike"],"relics":["Burning Blood","ReplayFunnel","Simple Rune","Centennial Puzzle","Vajra","Old Coin","hubris:Backtick","Sling","infinitespire:Satchel","Bag of Marbles","Replay:Arrowhead","Gremlin Food"],"acts_visited":["Exordium","TheCity"],"potions_floor_usage":[6,6,16,31,33,33],"damage_taken":[{"damage":9,"enemies":"2 Louse","floor":1,"turns":3},{"damage":12,"enemies":"Small Slimes","floor":3,"turns":4},{"damage":14,"enemies":"Jaw Worm","floor":4,"turns":4},{"damage":25,"enemies":"Exordium Wildlife","floor":5,"turns":6},{"damage":14,"enemies":"Gremlin Nob","floor":6,"turns":3},{"damage":7,"enemies":"3 Louse","floor":8,"turns":4},{"damage":13,"enemies":"Red Slaver","floor":10,"turns":3},{"damage":31,"enemies":"3 Sentries","floor":14,"turns":8},{"damage":33,"enemies":"Slime Boss","floor":16,"turns":9},{"damage":22,"enemies":"Shell Parasite","floor":18,"turns":3},{"damage":21,"enemies":"3 Byrds","floor":21,"turns":4},{"damage":23,"enemies":"Cultist and Chosen","floor":22,"turns":4},{"damage":22,"enemies":"Snake Plant","floor":24,"turns":3},{"damage":30,"enemies":"Sentry and Sphere","floor":25,"turns":4},{"damage":30,"enemies":"Book of Stabbing","floor":28,"turns":3},{"damage":12,"enemies":"Chosen and Byrds","floor":29,"turns":6},{"damage":0,"enemies":"Snake Plant","floor":30,"turns":2},{"damage":4,"enemies":"Cultist and Chosen","floor":31,"turns":3},{"damage":93,"enemies":"Champ","floor":33,"turns":8}],"seed_played":"-5395846327112276623","potions_obtained":[{"floor":3,"key":"champ:CounterPotion"},{"floor":5,"key":"BloodPotion"},{"floor":6,"key":"Milkshake"},{"floor":14,"key":"Energy Potion"},{"floor":22,"key":"Languid Potion"},{"floor":31,"key":"Swift Potion"}],"is_trial":false,"path_per_floor":["M","?","M","M","M","E","R","M","T","M","?","R","$","E","R","B",null,"M","$","?","M","M","R","M","M","T","R","E","M","M","M","R","B"],"character_chosen":"IRONCLAD","items_purchased":["Vajra","Infernal Blade","infinitespire:Satchel","Bag of Marbles","FairyPotion"],"campfire_rested":6,"item_purchase_floors":[13,13,19,19,19],"current_hp_per_floor":[77,70,64,56,37,45,69,68,68,61,49,73,73,48,72,45,80,64,64,64,49,32,56,40,16,16,40,16,10,16,18,42,0,0],"gold":192,"neow_bonus":"ONE_RANDOM_RARE_CARD","is_daily":false,"chose_seed":false,"campfire_upgraded":0,"win_rate":0.0,"timestamp":1614427749,"path_taken":["M","?","M","M","M","E","R","M","T","M","?","R","?","E","R","BOSS","M","$","?","M","M","R","M","M","T","R","E","?","M","M","R","BOSS"],"items_purchased_type":["Relic","Card","Relic","Relic","Potion"],"build_version":"2020-12-22","purchased_purges":0,"victory":false,"max_hp_per_floor":[80,80,80,80,80,80,80,80,80,80,80,80,80,80,80,80,80,80,80,80,80,80,80,80,80,80,80,80,80,80,80,80,80,80],"card_choices":[{"not_picked":["Feel No Pain","Clash"],"picked":"Life Link","floor":1},{"not_picked":["hubris:ReadiedAction","Abandon","Rupture"],"picked":"SKIP","floor":3},{"not_picked":["ReplayTheSpireMod:LeadingStrike","Heavy Blade","Cleave"],"picked":"SKIP","floor":4},{"not_picked":["Feel No Pain","Headbutt"],"picked":"Flex","floor":5},{"not_picked":["Searing Blow","hubris:ReadiedAction","Cleave"],"picked":"SKIP","floor":6},{"not_picked":["Headbutt","Havoc","Searing Blow"],"picked":"SKIP","floor":8},{"not_picked":["Rupture","ReplayTheSpireMod:Corrosion Curse","Run Through"],"picked":"SKIP","floor":10},{"not_picked":["Anger","Sentinel","Clothesline"],"picked":"SKIP","floor":14},{"not_picked":["Body Slam","Anger"],"picked":"Pommel Strike+1","floor":18},{"not_picked":["Disarm+1","ReplayTheSpireMod:Strike From Hell+1"],"picked":"Flex+1","floor":21},{"not_picked":["hubris:CleavingFinish","Carnage+1","Sever Soul"],"picked":"SKIP","floor":22},{"not_picked":["Thunderclap","hubris:ReadiedAction"],"picked":"Twin Strike","floor":24},{"not_picked":["ReplayTheSpireMod:Corrosion Curse","Uppercut","Feel No Pain"],"picked":"SKIP","floor":25},{"not_picked":["Anger","Barricade","Pommel Strike+1"],"picked":"SKIP","floor":28},{"not_picked":["Twin Strike","Iron Wave","Clash"],"picked":"SKIP","floor":29},{"not_picked":["Dark Embrace","Dropkick+1","Cleave+1"],"picked":"SKIP","floor":30},{"not_picked":["Cleave","Abandon","Heavy Blade"],"picked":"SKIP","floor":31}],"player_experience":145651,"relics_obtained":[{"floor":6,"key":"ReplayFunnel"},{"floor":9,"key":"Simple Rune"},{"floor":14,"key":"Old Coin"},{"floor":26,"key":"Replay:Arrowhead"},{"floor":28,"key":"Gremlin Food"}],"event_choices":[{"cards_removed":["Strike_R"],"damage_healed":0,"gold_gain":0,"player_choice":"Card Removal","damage_taken":7,"max_hp_gain":0,"max_hp_loss":0,"event_name":"Golden Wing","floor":2,"gold_loss":0},{"damage_healed":0,"gold_gain":0,"player_choice":"Success","damage_taken":12,"relics_obtained":["Centennial Puzzle"],"max_hp_gain":0,"max_hp_loss":0,"event_name":"Scrap Ooze","floor":11,"gold_loss":0},{"damage_healed":0,"gold_gain":0,"player_choice":"Forge","damage_taken":0,"max_hp_gain":0,"max_hp_loss":0,"event_name":"Accursed Blacksmith","floor":20,"gold_loss":0,"cards_upgraded":["Infernal Blade"]}],"is_beta":false,"boss_relics":[{"not_picked":["SacredBark","Mark of Pain"],"picked":"hubris:Backtick"}],"items_purged_floors":[],"is_endless":false,"potions_floor_spawned":[3,5,6,14,22,24,25,28,31],"killed_by":"Champ","ascension_level":0}}