{"host":"ogk9ry5953hr85uy","time":1614459289,"event":{"mods":["Act Like it!","BaseMod","Bestiary","Better Third Choice","BetterRewards","Conspire","Downfall","Gremlin Mod","Halation","Hallownest","Hubris","Library of Ruina","Lobotomy","LobotomyExtend","Mimic Mod","Minty Spire (QoL Compilation)","Reliquary","Replay The Spire","Ruina","Shop Mod","Spicy Shops","StSLib","The Bug Knight","The Disciple","The Jungle","The Marked","Waifu the Spire"],"gold_per_floor":[276,276,63,75,75,108,108,168,168,13,13,31,42,68,68,170,170,187,128,128,139,139,139,35,35,35,62,78,411,411,423,423,522,522,522,290,318,318,318],"floor_reached":39,"language":"RUS","playtime":3888,"items_purged":["SinglePointStab"],"score":486,"play_id":"2e7beb15-fd29-4161-a892-b2a7583a822e","local_time":"20210228015449","is_ascension_mode":false,"campfire_choices":[{"floor":7,"key":"REST"},{"floor":11,"key":"REST"},{"floor":15,"key":"REST"},{"floor":23,"key":"REST"},{"data":"HandlingWork","floor":25,"key":"SMITH"},{"data":"LightAttack","floor":30,"key":"SMITH"},{"data":"LightAttack","floor":32,"key":"SMITH"},{"data":"LightAttack","floor":36,"key":"SMITH"}],"circlet_count":0,"master_deck":["Dodge","LightDefense","LightAttack+3","LightAttack","LightAttack","LightDefense","LightDefense","LightDefense","ChargeAndCover","FocusedStrikes","HighKick","VoidDream","SilentMist","UniverseFragment","ShockRound","SunsetBlade","DespairKnight","MHz","Track","QueenOfHatred","ICanCookAnything","LongBird","WillProduceFineSilk","GuidanceOfTheGears+1","ShyLook","HandlingWork+1","Concentration+1","SilentMist","SilentMist","DesperateStruggle","WallGazer","AbsorbImpact+1","OSAHOGD","RushDown","OldLady","Laceration","FieryBird","GreedKing","Transpierce","PunishingBird","FieryWaltz+1"],"relics":["PageOfLibrarian","CogitoBucket","LetterFromLob","reliquary:BoilingFlask","Shuriken","MerchantsRug","reliquary:Knoch","hubris:TerracottaHorce","Simple Rune","reliquary:RoseTintedGlasses","TungstenRod","Enchiridion","PageOfPorccubus","PageOfThreeBirds","Mercury Hourglass","Old Coin","Painkiller Herb","PageOfSpiderBud","PageOfScorchedGirl"],"acts_visited":["Exordium","TheCity","TheBeyond","TheEnding"],"potions_floor_usage":[13,33,38,39,39],"damage_taken":[{"damage":10,"enemies":"Jaw Worm","floor":1,"turns":7},{"damage":0,"enemies":"Cultist","floor":4,"turns":7},{"damage":29,"enemies":"Gremlin Nob","floor":6,"turns":6},{"damage":3,"enemies":"Small Slimes","floor":12,"turns":5},{"damage":38,"enemies":"Exordium Wildlife","floor":13,"turns":9},{"damage":69,"enemies":"Fading Forest","floor":16,"turns":11},{"damage":14,"enemies":"Spheric Guardian","floor":18,"turns":5},{"damage":0,"enemies":"3 Byrds","floor":21,"turns":6},{"damage":5,"enemies":"Book of Stabbing","floor":27,"turns":9},{"damage":2,"enemies":"Cultist and Chosen","floor":28,"turns":6},{"damage":60,"enemies":"Slavers","floor":29,"turns":6},{"damage":24,"enemies":"Chosen and Byrds","floor":31,"turns":6},{"damage":33,"enemies":"conspire:MysteriousRune","floor":33,"turns":9},{"damage":59,"enemies":"Shield and Spear","floor":38,"turns":7},{"damage":76,"enemies":"The Heart","floor":39,"turns":8}],"seed_played":"3847182262900626676","potions_obtained":[{"floor":4,"key":"FairyPotion"},{"floor":6,"key":"PowerPotion"},{"floor":16,"key":"Ancient Potion"},{"floor":21,"key":"conspire:TimeTravelPotion"},{"floor":28,"key":"Fire Potion"},{"floor":33,"key":"Dexterity Potion"}],"is_trial":false,"path_per_floor":["M","?","$","M","?","E","R","?","T","$","R","M","M","T","R","B",null,"M","$","?","M","?","R","$","R","T","E","M","E","R","M","R","B",null,"T","T","E","B"],"character_chosen":"Librarian","items_purchased":["SilentMist","MerchantsRug","reliquary:RoseTintedGlasses","HandlingWork","TungstenRod","SilentMist","DesperateStruggle","PageOfSpiderBud"],"campfire_rested":4,"item_purchase_floors":[3,10,19,19,19,24,24,37],"current_hp_per_floor":[50,50,50,50,58,29,54,54,54,54,79,62,24,24,47,5,50,49,49,37,51,51,76,76,76,76,76,75,49,49,45,45,47,71,71,71,45,0,0],"gold":318,"neow_bonus":"","is_daily":false,"chose_seed":false,"campfire_upgraded":4,"win_rate":0.0,"timestamp":1614459289,"path_taken":["M","?","$","M","?","E","R","?","T","$","R","M","?","?","R","BOSS","M","?","?","M","?","R","$","R","T","E","?","E","R","M","R","BOSS","T","T","E","BOSS"],"items_purchased_type":["Card","Relic","Relic","Card","Relic","Card","Card","Relic"],"build_version":"2020-12-22","purchased_purges":1,"victory":false,"max_hp_per_floor":[85,85,85,62,62,67,85,85,85,85,85,62,78,78,78,65,65,63,63,63,70,70,85,85,85,85,76,76,84,85,201,201,72,72,87,87,70,70,70],"card_choices":[{"not_picked":["Wallop_lor","Suppress","ViolentFlame","DefenseOrder","EnergyStrike","QuickAttack","SnakesPrey","GreatSerpentsImpact"],"picked":"HighKick","floor":1},{"not_picked":["Scorched","SpiderBud"],"picked":"VoidDream","floor":1},{"not_picked":["SnowQueen","SpiderBud"],"picked":"UniverseFragment","floor":4},{"not_picked":["Retaliate","FocusFire","YourShield","MultiBlock","HiddenBlade","Juggling","GuidanceOfTheGears","FleetFootsteps"],"picked":"ShockRound","floor":4},{"not_picked":["SharpenedBlade","Rewind","ShockRound","GreatSerpentsImpact","HeavyPeaks","EnergyCycle","Outburst","SkyClearingCut"],"picked":"SunsetBlade","floor":6},{"not_picked":["CherryBlossoms","OldLady"],"picked":"DespairKnight","floor":6},{"not_picked":["FieryBird","PunishingBird"],"picked":"MHz","floor":12},{"not_picked":["QuickSuppression","InhaleSmoke","WildCard","PinpointShot","NightInTheBackstreets","AutomatedMovement","ReadyUp","UnavoidableGaze"],"picked":"Track","floor":12},{"not_picked":["NakedNest","BeautyBeast"],"picked":"QueenOfHatred","floor":13},{"not_picked":["ProselytesBlade","HiddenBlade","SharpSwipe","HandleRequest","FleetEdge","ConcentratedFire","IngredientHunt","Retaliate"],"picked":"ICanCookAnything","floor":13},{"not_picked":["CherryBlossoms","Variant"],"picked":"LongBird","floor":16},{"not_picked":["Cruelty","Observe"],"picked":"WillProduceFineSilk","floor":16},{"not_picked":["Standoff","ScratchThat","WillOfThePrescript","Reload+1","Thrust","FlashOfSunup","SnakesPrey","Deflect_lor"],"picked":"GuidanceOfTheGears+1","floor":18},{"not_picked":["Funeral","RedShoes"],"picked":"ShyLook","floor":18},{"not_picked":["DesperateStruggle","Thrust+1","SteelKnuckles","Wallop_lor","EnergyCycle+1","SmokingPipe+1","HighKick","QuickAttack+1"],"picked":"Concentration+1","floor":21},{"not_picked":["BeautyBeast","OldLady","LittlePrince"],"picked":"Singing Bowl","floor":21},{"not_picked":["BlackSwan","LittleHelper","Variant"],"picked":"Singing Bowl","floor":27},{"not_picked":["LaLuna","MeatLantern"],"picked":"WallGazer","floor":27},{"not_picked":["FlyingSword","Collision","EnergyCycle+1","Reload","Tttonst","Mutilate","DesperateStruggle+1","Fence"],"picked":"AbsorbImpact+1","floor":27},{"not_picked":["Rudolta","Murderer"],"picked":"OSAHOGD","floor":28},{"not_picked":["Crush","ViolentFlame","QuickSuppression+1","NightInTheBackstreets+1","ScatteringSlash","SerpentSwordTechnique","WillOfThePrescript","FierceCharge"],"picked":"RushDown","floor":28},{"not_picked":["QueenBee","LittleHelper"],"picked":"OldLady","floor":29},{"not_picked":["DeepDrag","GrazeTheGrass+1","GutHarvesting","MirageStorm","AutomatedMovement","SkitterAway","FieryDragonSlash","ReadyUp+1"],"picked":"Laceration","floor":29},{"not_picked":["BigBird","LaLuna"],"picked":"FieryBird","floor":31},{"not_picked":["Leap_lor+1","BackAttack","Rewind","AlloutWar","BiAn","UncannyStrike","StrikeDown+1","Parry"],"picked":"SinglePointStab","floor":31},{"not_picked":["HeroicMonk","RedShoes"],"picked":"GreedKing","floor":33},{"not_picked":["ChargeUp","GroundSmash"],"picked":"Transpierce","floor":33},{"not_picked":["WhiteNight","MeltingLove","Scarecrow"],"picked":"Singing Bowl","floor":38},{"not_picked":["Scarecrow","MeatLantern"],"picked":"PunishingBird","floor":38},{"not_picked":["DevastatingThrash+1","SinglePointStab+1","InkOver+1","FrontalAssault","Reload+1","ElectricShock","BackAttack+1","Transpierce"],"picked":"FieryWaltz+1","floor":38}],"player_experience":128820,"relics_obtained":[{"floor":1,"key":"LetterFromLob"},{"floor":6,"key":"reliquary:BoilingFlask"},{"floor":9,"key":"Shuriken"},{"floor":14,"key":"reliquary:Knoch"},{"floor":20,"key":"Enchiridion"},{"floor":26,"key":"PageOfThreeBirds"},{"floor":27,"key":"Mercury Hourglass"},{"floor":29,"key":"Old Coin"},{"floor":38,"key":"PageOfScorchedGirl"}],"event_choices":[{"damage_healed":0,"gold_gain":60,"player_choice":"Gained Gold","damage_taken":0,"max_hp_gain":0,"max_hp_loss":0,"event_name":"Golden Wing","floor":8,"gold_loss":0},{"damage_healed":0,"gold_gain":0,"player_choice":"Obtained Book","damage_taken":16,"max_hp_gain":0,"max_hp_loss":0,"event_name":"Cursed Tome","floor":20,"gold_loss":0},{"damage_healed":0,"gold_gain":0,"player_choice":"Gave Potion","damage_taken":0,"relics_obtained":["PageOfPorccubus"],"max_hp_gain":0,"max_hp_loss":0,"event_name":"WeMeetAgain","floor":22,"gold_loss":0}],"is_beta":false,"boss_relics":[{"not_picked":["reliquary:WritOfMandamus","Busted Crown"],"picked":"Replay:Grab Bag"},{"not_picked":["conspire:SlowCooker","Ectoplasm"],"picked":"hubris:TerracottaHorce"},{"not_picked":["reliquary:Ember","reliquary:Craggleroot"],"picked":"hubris:GrandSneckoEye"},{"not_picked":["Snecko Eye","Astrolabe"],"picked":"hubris:Backtick"},{"not_picked":["ChewingGum","hubris:CrackedHourglass"],"picked":"Painkiller Herb"}],"items_purged_floors":[37],"is_endless":false,"potions_floor_spawned":[4,6,16,21,28,33],"killed_by":"The Heart","ascension_level":0}}