{"host":"6p0attdrtjqaih7v","time":1614410656,"event":{"mods":["2.2 Compatiblity","AchievementEnabler","BaseMod","Better Skull","Better Third Choice","Better Vampires","Card Filter","Colored Powertips","Hermit","Highlight Path","Hubris","Key Reminder","Minty Spire (QoL Compilation)","Permanent Neow","Quick Restart","Random Character Button","Relic Filter","Relic Stats","Reliquary","Replay The Spire","Robot Space Explorer","StSLib","The Construct","The Hayseed","The Runesmith","The Witch"],"gold_per_floor":[362,362,82,95,106,132,132,162,162,173,189,203,203,221,221,319,319,336,356,356,367,137,163,163,188,188,217,36,46,62,79,79,184,184,194,204,215,215,63,63,77,77,124,124,124,124,201,201,201,216],"floor_reached":51,"language":"ENG","playtime":3092,"items_purged":["TheSimpletonMod:Strike_TheSimpleton","TheSimpletonMod:Strike_TheSimpleton"],"score":1070,"play_id":"6ba85a54-af58-46c1-ad6e-7805e017ab54","local_time":"20210227022416","is_ascension_mode":true,"campfire_choices":[{"data":"TheSimpletonMod:CrackOfDawn","floor":7,"key":"SMITH"},{"data":"TheSimpletonMod:ReapAndSow","floor":13,"key":"SMITH"},{"data":"TheSimpletonMod:FlashPasteurize","floor":15,"key":"SMITH"},{"data":"TheSimpletonMod:Sunseed","floor":24,"key":"SMITH"},{"data":"TheSimpletonMod:Barnstorm","floor":24,"key":"SMITH"},{"data":"TheSimpletonMod:Sunseed","floor":32,"key":"SMITH"},{"data":"TheSimpletonMod:ErosionControl","floor":32,"key":"SMITH"},{"data":"TheSimpletonMod:Fecundity","floor":40,"key":"SMITH"},{"data":"TheSimpletonMod:HitTheSack","floor":40,"key":"SMITH"},{"floor":42,"key":"REST"},{"data":"TheSimpletonMod:RootDown","floor":46,"key":"SMITH"},{"data":"TheSimpletonMod:ResearchGrant","floor":46,"key":"SMITH"},{"floor":49,"key":"REST"}],"circlet_count":0,"master_deck":["TheSimpletonMod:Defend_TheSimpleton+1","TheSimpletonMod:Defend_TheSimpleton+1","TheSimpletonMod:Defend_TheSimpleton+1","TheSimpletonMod:Defend_TheSimpleton+1","TheSimpletonMod:Haymaker+1","TheSimpletonMod:ReapAndSow+1","TheSimpletonMod:BumperCrop","TheSimpletonMod:ResearchGrant+1","TheSimpletonMod:FlashPasteurize+1","TheSimpletonMod:RootDown+1","TheSimpletonMod:CloseScrape","TheSimpletonMod:BumperCrop","TheSimpletonMod:CrackOfDawn+1","Pot Of Greed","Pot Of Greed","TheSimpletonMod:Fertilaser","TheSimpletonMod:SoilSample","TheSimpletonMod:SeedCoat","TheSimpletonMod:SaltTheEarth","TheSimpletonMod:Barnstorm+1","CurseOfTheBell","TheSimpletonMod:DigIn+1","Pot Of Greed","TheSimpletonMod:Fertilaser","TheSimpletonMod:Sunseed+1","TheSimpletonMod:Ferment+1","TheSimpletonMod:ErosionControl+1","TheSimpletonMod:Fecundity+1","TheSimpletonMod:Rake","TheSimpletonMod:Sunseed+1","TheSimpletonMod:HitTheSack+1","TheSimpletonMod:DigIn+1","Parasite","TheSimpletonMod:CloseScrape","TheSimpletonMod:Ferment+1","Pot Of Greed","TheSimpletonMod:BuzzBomb"],"relics":["TheSimpletonMod:SpudOfTheInnocent","TheSimpletonMod:NightSoil","TheSimpletonMod:TheHarvester","Orrery","Grinning Jar","Toy Ornithopter","Vajra","Calling Bell","ReplayTheSpireMod:Lightbulb","Replay:Arrowhead","Replay:Bottled Eggs","reliquary:Bookmark","reliquary:SharkskinSheath","reliquary:PurpleTingedLeaf","TheSimpletonMod:SpudOfTheMartyr","hubris:DeckOfHolding","Empty Cage","hubris:Icosahedron","Juzu Bracelet","TheSimpletonMod:CashCrop","Replay:Baseball","hubris:Towel"],"acts_visited":["Exordium","TheCity","TheBeyond"],"potions_floor_usage":[6,8,16,19,21,25,33,33,37,50],"damage_taken":[{"damage":4,"enemies":"Small Slimes","floor":1,"turns":4},{"damage":0,"enemies":"Cultist","floor":4,"turns":4},{"damage":0,"enemies":"Jaw Worm","floor":5,"turns":3},{"damage":17,"enemies":"3 Sentries","floor":6,"turns":7},{"damage":1,"enemies":"Replay:BlueRogue","floor":8,"turns":5},{"damage":2,"enemies":"Red Slaver","floor":10,"turns":3},{"damage":7,"enemies":"Blue Slaver","floor":11,"turns":5},{"damage":7,"enemies":"2 Fungi Beasts","floor":12,"turns":4},{"damage":3,"enemies":"Large Slime","floor":14,"turns":4},{"damage":54,"enemies":"The Guardian","floor":16,"turns":13},{"damage":21,"enemies":"2 Thieves","floor":18,"turns":5},{"damage":11,"enemies":"Spheric Guardian","floor":19,"turns":3},{"damage":20,"enemies":"Snake Plant","floor":21,"turns":3},{"damage":2,"enemies":"Replay:Snechameleon","floor":23,"turns":4},{"damage":3,"enemies":"Slavers","floor":25,"turns":4},{"damage":14,"enemies":"Book of Stabbing","floor":27,"turns":4},{"damage":2,"enemies":"Centurion and Healer","floor":29,"turns":7},{"damage":0,"enemies":"Cultist and Chosen","floor":30,"turns":5},{"damage":7,"enemies":"Snake Plant","floor":31,"turns":5},{"damage":17,"enemies":"Automaton","floor":33,"turns":10},{"damage":10,"enemies":"3 Shapes","floor":35,"turns":4},{"damage":4,"enemies":"Orb Walker","floor":36,"turns":3},{"damage":42,"enemies":"Writhing Mass","floor":37,"turns":8},{"damage":2,"enemies":"Sphere and 2 Shapes","floor":41,"turns":6},{"damage":46,"enemies":"Donu and Deca","floor":50,"turns":10}],"seed_played":"-883079471837931690","potions_obtained":[{"floor":5,"key":"SpeedPotion"},{"floor":6,"key":"ColorlessPotion"},{"floor":11,"key":"TheSimpletonMod:AbundancePotion"},{"floor":12,"key":"Fruit Juice"},{"floor":16,"key":"SpeedPotion"},{"floor":19,"key":"Milkshake"},{"floor":21,"key":"Venom Potion"},{"floor":27,"key":"EssenceOfSteel"},{"floor":29,"key":"Adrenaline Potion"},{"floor":30,"key":"Strength Potion"},{"floor":36,"key":"TheSimpletonMod:KindlingPotion"}],"is_trial":false,"path_per_floor":["M","?","$","M","M","E","R","E","T","M","M","M","R","M","R","B",null,"M","M","?","M","$","E","R","E","T","E","$","M","M","M","R","B",null,"M","M","M","?","$","R","M","R","T","?","?","R","?","?","R","B",null],"character_chosen":"THE_SIMPLETON","items_purchased":["Adrenaline Potion","Ancient Potion","Orrery","reliquary:Bookmark","TheSimpletonMod:Fecundity","Juzu Bracelet"],"campfire_rested":2,"item_purchase_floors":[3,3,3,22,28,39],"current_hp_per_floor":[64,64,64,68,68,57,57,62,62,60,53,52,52,55,55,12,54,39,44,73,58,58,62,62,70,70,63,63,68,73,66,66,64,71,63,61,31,31,31,31,31,52,52,52,52,52,34,34,55,22],"gold":216,"neow_bonus":"TWO_FIFTY_GOLD","is_daily":false,"chose_seed":false,"campfire_upgraded":11,"win_rate":0.0,"timestamp":1614410656,"path_taken":["M","?","$","M","M","E","R","E","T","M","M","?","R","M","R","BOSS","M","M","?","M","$","E","R","E","T","E","?","M","M","M","R","BOSS","M","M","M","?","$","R","M","R","T","?","?","R","?","?","R","BOSS"],"items_purchased_type":["Potion","Potion","Relic","Relic","Card","Relic"],"build_version":"2020-12-22","purchased_purges":2,"victory":true,"max_hp_per_floor":[68,68,68,68,68,68,68,68,68,68,68,68,68,68,68,68,68,68,73,73,73,73,73,73,73,73,73,73,73,73,73,73,73,73,73,73,73,73,73,73,73,73,73,73,73,73,73,73,73,73],"relic_stats":{"counters":[25,133],"Juzu Bracelet":0,"obtain_stats":[{"TheSimpletonMod:CashCrop":43,"TheSimpletonMod:SpudOfTheMartyr":26,"Vajra":9,"Juzu Bracelet":39,"hubris:Towel":48,"Empty Cage":34,"Replay:Arrowhead":17,"TheSimpletonMod:TheHarvester":0,"Calling Bell":17,"reliquary:Bookmark":22,"Replay:Baseball":47,"hubris:Icosahedron":38,"Orrery":3,"hubris:DeckOfHolding":27,"TheSimpletonMod:SpudOfTheInnocent":0,"Grinning Jar":6,"Replay:Bottled Eggs":17,"TheSimpletonMod:NightSoil":0,"ReplayTheSpireMod:Lightbulb":17,"Toy Ornithopter":8,"reliquary:PurpleTingedLeaf":25,"reliquary:SharkskinSheath":23},{"TheSimpletonMod:CashCrop":24,"TheSimpletonMod:SpudOfTheMartyr":15,"Vajra":5,"Juzu Bracelet":23,"hubris:Towel":24,"Empty Cage":20,"Replay:Arrowhead":10,"TheSimpletonMod:TheHarvester":0,"Calling Bell":10,"reliquary:Bookmark":13,"Replay:Baseball":24,"hubris:Icosahedron":23,"Orrery":1,"hubris:DeckOfHolding":16,"TheSimpletonMod:SpudOfTheInnocent":0,"Grinning Jar":4,"Replay:Bottled Eggs":10,"TheSimpletonMod:NightSoil":0,"ReplayTheSpireMod:Lightbulb":10,"Toy Ornithopter":5,"reliquary:PurpleTingedLeaf":15,"reliquary:SharkskinSheath":14},{"TheSimpletonMod:CashCrop":123,"TheSimpletonMod:SpudOfTheMartyr":71,"Vajra":23,"Juzu Bracelet":117,"hubris:Towel":123,"Empty Cage":102,"Replay:Arrowhead":52,"TheSimpletonMod:TheHarvester":0,"Calling Bell":52,"reliquary:Bookmark":63,"Replay:Baseball":123,"hubris:Icosahedron":117,"Orrery":4,"hubris:DeckOfHolding":75,"TheSimpletonMod:SpudOfTheInnocent":0,"Grinning Jar":18,"Replay:Bottled Eggs":52,"TheSimpletonMod:NightSoil":0,"ReplayTheSpireMod:Lightbulb":52,"Toy Ornithopter":23,"reliquary:PurpleTingedLeaf":71,"reliquary:SharkskinSheath":67}],"Toy Ornithopter":37},"card_choices":[{"not_picked":["TheSimpletonMod:Thresh","TheSimpletonMod:DigIn"],"picked":"TheSimpletonMod:BumperCrop","floor":1},{"not_picked":["TheSimpletonMod:Thresh","TheSimpletonMod:Rototilling"],"picked":"TheSimpletonMod:ResearchGrant","floor":3},{"not_picked":["TheSimpletonMod:SeedCoat","TheSimpletonMod:Pruning"],"picked":"TheSimpletonMod:FlashPasteurize","floor":3},{"not_picked":["TheSimpletonMod:FlashPasteurize","TheSimpletonMod:Mulch"],"picked":"TheSimpletonMod:RootDown","floor":3},{"not_picked":["TheSimpletonMod:Innovate","TheSimpletonMod:BumperCrop"],"picked":"TheSimpletonMod:CloseScrape","floor":4},{"not_picked":["TheSimpletonMod:Rototilling","TheSimpletonMod:DigIn"],"picked":"TheSimpletonMod:BumperCrop","floor":5},{"not_picked":["TheSimpletonMod:SlashAndBurn","TheSimpletonMod:Corn"],"picked":"TheSimpletonMod:CrackOfDawn","floor":6},{"not_picked":["TheSimpletonMod:KeenEdge","TheSimpletonMod:Polyculture","TheSimpletonMod:DoubleBarrel"],"picked":"SKIP","floor":8},{"not_picked":["TheSimpletonMod:SaladShooter","TheSimpletonMod:OnionBloom"],"picked":"TheSimpletonMod:Fertilaser","floor":10},{"not_picked":["TheSimpletonMod:Ferment","TheSimpletonMod:VineRipen"],"picked":"TheSimpletonMod:SoilSample","floor":11},{"not_picked":["TheSimpletonMod:VineRipen","TheSimpletonMod:StockTheCellar"],"picked":"TheSimpletonMod:SeedCoat","floor":12},{"not_picked":["TheSimpletonMod:PestManagement","TheSimpletonMod:ToughenUp"],"picked":"TheSimpletonMod:SaltTheEarth","floor":14},{"not_picked":["TheSimpletonMod:ResearchGrant","TheSimpletonMod:TakeHeart"],"picked":"TheSimpletonMod:Barnstorm","floor":16},{"not_picked":["TheSimpletonMod:Ferment","TheSimpletonMod:Sunseed"],"picked":"TheSimpletonMod:DigIn+1","floor":18},{"not_picked":["TheSimpletonMod:SeedCoat","TheSimpletonMod:PestManagement+1"],"picked":"TheSimpletonMod:Fertilaser","floor":19},{"not_picked":["TheSimpletonMod:PestManagement","TheSimpletonMod:ControlledBurn"],"picked":"TheSimpletonMod:Sunseed","floor":21},{"not_picked":["TheSimpletonMod:ToughenUp","TheSimpletonMod:Innovate"],"picked":"TheSimpletonMod:Ferment+1","floor":23},{"not_picked":["TheSimpletonMod:Rototilling","TheSimpletonMod:Photosynthesis","TheSimpletonMod:CropRotation"],"picked":"SKIP","floor":25},{"not_picked":["TheSimpletonMod:Aerate","TheSimpletonMod:SoilSample"],"picked":"TheSimpletonMod:ErosionControl","floor":27},{"not_picked":["TheSimpletonMod:SeedCoat","TheSimpletonMod:BumperCrop"],"picked":"TheSimpletonMod:Rake","floor":29},{"not_picked":["TheSimpletonMod:SpiceUp","TheSimpletonMod:GoToMarket","TheSimpletonMod:Ferment"],"picked":"SKIP","floor":30},{"not_picked":["TheSimpletonMod:Mulch","TheSimpletonMod:KeenEdge"],"picked":"TheSimpletonMod:Sunseed","floor":31},{"not_picked":["TheSimpletonMod:Photosynthesis","TheSimpletonMod:DoubleDigging"],"picked":"TheSimpletonMod:HitTheSack","floor":33},{"not_picked":["TheSimpletonMod:OnionBloom","TheSimpletonMod:SeedCoat","TheSimpletonMod:DigIn"],"picked":"SKIP","floor":35},{"not_picked":["TheSimpletonMod:SaladShooter","TheSimpletonMod:PestManagement"],"picked":"TheSimpletonMod:DigIn+1","floor":36},{"not_picked":["TheSimpletonMod:SlashAndBurn","TheSimpletonMod:BumperCrop"],"picked":"TheSimpletonMod:CloseScrape","floor":37},{"not_picked":["TheSimpletonMod:Mulch","TheSimpletonMod:Polyculture+1","TheSimpletonMod:Corn"],"picked":"SKIP","floor":41},{"not_picked":["TheSimpletonMod:Rototilling+1","TheSimpletonMod:PestManagement"],"picked":"TheSimpletonMod:Ferment+1","floor":47},{"not_picked":["TheSimpletonMod:SoilSample","TheSimpletonMod:OnionBloom"],"picked":"TheSimpletonMod:BuzzBomb","floor":47}],"player_experience":1236749,"relics_obtained":[{"floor":6,"key":"Grinning Jar"},{"floor":8,"key":"Toy Ornithopter"},{"floor":9,"key":"Vajra"},{"floor":17,"key":"ReplayTheSpireMod:Lightbulb"},{"floor":17,"key":"Replay:Arrowhead"},{"floor":17,"key":"Replay:Bottled Eggs"},{"floor":23,"key":"reliquary:SharkskinSheath"},{"floor":25,"key":"reliquary:PurpleTingedLeaf"},{"floor":26,"key":"TheSimpletonMod:SpudOfTheMartyr"},{"floor":27,"key":"hubris:DeckOfHolding"},{"floor":43,"key":"TheSimpletonMod:CashCrop"},{"floor":47,"key":"Replay:Baseball"}],"event_choices":[{"damage_healed":0,"gold_gain":0,"player_choice":"Upgraded","damage_taken":0,"max_hp_gain":0,"max_hp_loss":0,"event_name":"Upgrade Shrine","floor":2,"gold_loss":0,"cards_upgraded":["TheSimpletonMod:Haymaker"]},{"damage_healed":29,"gold_gain":0,"player_choice":"Full Heal","damage_taken":0,"max_hp_gain":0,"max_hp_loss":0,"event_name":"Wheel of Change","floor":20,"gold_loss":0},{"damage_healed":0,"gold_gain":0,"player_choice":"Ignored","damage_taken":0,"max_hp_gain":0,"max_hp_loss":0,"event_name":"Mysterious Sphere","floor":44,"gold_loss":0}],"is_beta":false,"boss_relics":[{"not_picked":["Replay:Drink Me","TheSimpletonMod:OnionBelt"],"picked":"Calling Bell"},{"not_picked":["Busted Crown","Replay:Wanted Poster"],"picked":"Empty Cage"}],"items_purged_floors":[22,28],"is_endless":false,"potions_floor_spawned":[5,6,11,12,16,19,21,27,29,30,36],"ascension_level":9}}