{"host":"xdbac5uiks898er5","time":1614411266,"event":{"mods":["2.2 Compatiblity","BaseMod","Become a monster ???","Lobotomy","LobotomyExtend","Minty Spire (QoL Compilation)","Spire Arcade","StSLib","SuperFastMode","Unknown Chances"],"gold_per_floor":[115,190,208,208,208,241,241,266,292,292,308,308,308,343,343,343,343],"floor_reached":16,"language":"ENG","playtime":237,"items_purged":[],"score":116,"play_id":"81cc9392-5f5b-4a30-8de1-0623f8a48498","local_time":"20210227083426","is_ascension_mode":false,"campfire_choices":[{"data":"Rupture","floor":7,"key":"SMITH"},{"data":"Bash","floor":10,"key":"SMITH"},{"data":"Berserk","floor":13,"key":"SMITH"},{"data":"Strike_R","floor":15,"key":"SMITH"}],"circlet_count":0,"master_deck":["Strike_R","Strike_R","Strike_R","Strike_R","Strike_R+1","Defend_R","Defend_R","Defend_R","Defend_R","Bash+1","FairyFestival","Rupture+1","Berserk+1","Pommel Strike+1"],"relics":["Burning Blood","CogitoBucket","LetterFromLob","Toy Ornithopter","Matryoshka","Red Skull","Juzu Bracelet","Molten Egg 2"],"acts_visited":["Exordium"],"potions_floor_usage":[8,8,14],"damage_taken":[{"damage":3,"enemies":"Small Slimes","floor":1,"turns":3},{"damage":6,"enemies":"Jaw Worm","floor":3,"turns":3},{"damage":76,"enemies":"Lagavulin","floor":6,"turns":11},{"damage":47,"enemies":"Gremlin Nob","floor":8,"turns":5},{"damage":4,"enemies":"2 Louse","floor":11,"turns":4},{"damage":38,"enemies":"3 Sentries","floor":14,"turns":9},{"damage":47,"enemies":"Slime Boss","floor":16,"turns":3}],"seed_played":"787425784048716994","potions_obtained":[{"floor":1,"key":"BloodPotion"},{"floor":6,"key":"Regen Potion"},{"floor":11,"key":"Regen Potion"}],"is_trial":false,"path_per_floor":["M","?","M","?","?","E","R","E","T","R","M","?","R","E","R","B"],"character_chosen":"IRONCLAD","items_purchased":[],"campfire_rested":0,"item_purchase_floors":[],"current_hp_per_floor":[80,69,72,77,81,24,24,31,31,31,38,38,38,37,37,0,0],"gold":343,"neow_bonus":"","is_daily":false,"chose_seed":false,"campfire_upgraded":4,"win_rate":0.0,"timestamp":1614411266,"path_taken":["M","?","M","?","?","E","R","E","T","R","M","?","R","E","R","BOSS"],"items_purchased_type":[],"build_version":"2020-12-22","purchased_purges":0,"victory":false,"max_hp_per_floor":[80,80,80,85,85,85,85,85,85,85,85,85,85,85,85,85,85],"card_choices":[{"not_picked":["Mercenary","WhitesApple"],"picked":"FairyFestival","floor":1},{"not_picked":["Cleave","Body Slam"],"picked":"Rupture","floor":1},{"not_picked":["Sword Boomerang","Hemokinesis"],"picked":"Berserk","floor":3},{"not_picked":["Metallicize","Spot Weakness","Searing Blow"],"picked":"SKIP","floor":6},{"not_picked":["Perfected Strike","Dark Embrace","Rampage"],"picked":"SKIP","floor":8},{"not_picked":["Heavy Blade","Thunderclap","Anger"],"picked":"SKIP","floor":11},{"not_picked":["Clash+1","Clothesline+1"],"picked":"Pommel Strike+1","floor":14}],"player_experience":4675,"relics_obtained":[{"floor":1,"key":"LetterFromLob"},{"floor":6,"key":"Toy Ornithopter"},{"floor":8,"key":"Matryoshka"},{"floor":9,"key":"Red Skull"},{"floor":9,"key":"Juzu Bracelet"},{"floor":14,"key":"Molten Egg 2"}],"event_choices":[{"damage_healed":0,"gold_gain":75,"player_choice":"Gather Gold","damage_taken":11,"max_hp_gain":0,"max_hp_loss":0,"event_name":"World of Goop","floor":2,"gold_loss":0},{"damage_healed":0,"gold_gain":0,"player_choice":"Donut","damage_taken":0,"max_hp_gain":5,"max_hp_loss":0,"event_name":"Big Fish","floor":4,"gold_loss":0},{"damage_healed":0,"gold_gain":0,"player_choice":"Ignored","damage_taken":0,"max_hp_gain":0,"max_hp_loss":0,"event_name":"Liars Game","floor":12,"gold_loss":0}],"is_beta":false,"boss_relics":[],"items_purged_floors":[],"is_endless":false,"potions_floor_spawned":[1,6,11],"killed_by":"Slime Boss","ascension_level":0}}