{"host":"sr8h12zimc8zi8zs","time":1614429623,"event":{"mods":["2.2 Compatiblity","AchievementEnabler","BaseMod","CapriCore","Colored Map","GifTheSpireLib","GungeonMod","Minty Spire (QoL Compilation)","Permanent Neow","StSLib","The Jungle"],"gold_per_floor":[209,25,36,102,102,156,156,156,156,180,180,180,140,186,186,186,186],"floor_reached":16,"language":"KOR","playtime":1372,"items_purged":[],"score":108,"play_id":"e69e03c0-993d-44dd-ab60-a92be5b0a34d","local_time":"20210227214023","is_ascension_mode":false,"campfire_choices":[{"data":"DemoMod:ManualReload","floor":7.0,"key":"SMITH"},{"data":"DemoMod:ShadowBullets","floor":12.0,"key":"SMITH"},{"floor":15.0,"key":"REST"}],"circlet_count":0,"master_deck":["DemoMod:Strike_Huntress","DemoMod:Strike_Huntress","DemoMod:Strike_Huntress","DemoMod:Defend_Huntress","DemoMod:Defend_Huntress","DemoMod:Defend_Huntress","DemoMod:Defend_Huntress","DemoMod:Roll","DemoMod:ManualReload+1","DemoMod:RustySidearm","DemoMod:CrossBow","DemoMod:StickyCrossBow","DemoMod:TableSutra","DemoMod:HardPowerCard","DemoMod:FeignSurrender+1","DemoMod:FastSwitch","DemoMod:ShadowBullets+1","DemoMod:FullFirepower+1"],"relics":["DemoMod:Dog","DemoMod:GnawedKey","Golden Idol","Nunchaku","Potion Belt","Toxic Egg 2"],"acts_visited":["Exordium"],"potions_floor_usage":[],"damage_taken":[{"damage":1.0,"enemies":"Jaw Worm","floor":1.0,"turns":4.0},{"damage":11.0,"enemies":"Small Slimes","floor":3.0,"turns":5.0},{"damage":0.0,"enemies":"Cultist","floor":4.0,"turns":4.0},{"damage":2.0,"enemies":"3 Sentries","floor":6.0,"turns":10.0},{"damage":6.0,"enemies":"Large Slime","floor":10.0,"turns":6.0},{"damage":12.0,"enemies":"Lagavulin","floor":14.0,"turns":5.0},{"damage":36,"enemies":"The Guardian","floor":16,"turns":10}],"seed_played":"7449387716276605489","potions_obtained":[{"floor":1.0,"key":"Block Potion"},{"floor":13.0,"key":"Strength Potion"},{"floor":13.0,"key":"LiquidMemories"},{"floor":13.0,"key":"Ancient Potion"},{"floor":14.0,"key":"PowerPotion"}],"is_trial":false,"path_per_floor":["M","$","M","M","?","E","R","?","T","M","?","R","?","E","R","B"],"character_chosen":"HUNTRESS","items_purchased":["DemoMod:GnawedKey","DemoMod:TableSutra"],"campfire_rested":1,"item_purchase_floors":[2,2],"current_hp_per_floor":[69,69,58,58,41,39,39,39,39,33,26,26,26,14,35,0,0],"gold":186,"neow_bonus":"HUNDRED_GOLD","is_daily":false,"chose_seed":false,"campfire_upgraded":2,"win_rate":0.0,"timestamp":1614429623,"path_taken":["M","$","M","M","?","E","R","?","T","M","?","R","?","E","R","BOSS"],"items_purchased_type":["Relic","Card"],"build_version":"2020-12-22","purchased_purges":0,"victory":false,"max_hp_per_floor":[70,70,70,70,70,70,70,70,70,70,70,70,70,70,70,70,70],"card_choices":[{"not_picked":["DemoMod:Unmoved","DemoMod:Camera"],"picked":"DemoMod:StickyCrossBow","floor":1.0},{"not_picked":["DemoMod:AbyssalTentacle","DemoMod:BSG"],"picked":"DemoMod:HardPowerCard","floor":3.0},{"not_picked":["DemoMod:MachoBrace","DemoMod:Unmoved"],"picked":"DemoMod:FeignSurrender","floor":4.0},{"not_picked":["DemoMod:GunstockTap","DemoMod:SkilledReload"],"picked":"DemoMod:FastSwitch","floor":6.0},{"not_picked":["DemoMod:Polaris","DemoMod:FastSwitch"],"picked":"DemoMod:ShadowBullets","floor":10.0},{"not_picked":["DemoMod:ShadowBullets","DemoMod:EasyReloadBullets"],"picked":"DemoMod:FullFirepower+1","floor":14.0}],"player_experience":173334,"relics_obtained":[{"floor":6.0,"key":"Nunchaku"},{"floor":14.0,"key":"Toxic Egg 2"}],"event_choices":[{"damage_healed":0.0,"max_hp_gain":0.0,"max_hp_loss":0.0,"gold_gain":0.0,"event_name":"Golden Idol","player_choice":"Take Damage","floor":5.0,"gold_loss":0.0,"damage_taken":17.0,"relics_obtained":["Golden Idol"]},{"damage_healed":0.0,"max_hp_gain":0.0,"max_hp_loss":0.0,"gold_gain":0.0,"event_name":"Living Wall","player_choice":"Grow","floor":8.0,"gold_loss":0.0,"damage_taken":0.0,"cards_upgraded":["DemoMod:FeignSurrender"]},{"damage_healed":0.0,"max_hp_gain":0.0,"max_hp_loss":0.0,"gold_gain":0.0,"event_name":"Scrap Ooze","player_choice":"Success","floor":11.0,"gold_loss":0.0,"damage_taken":7.0,"relics_obtained":["Potion Belt"]},{"damage_healed":0.0,"max_hp_gain":0.0,"max_hp_loss":0.0,"gold_gain":0.0,"event_name":"The Woman in Blue","player_choice":"Bought 3 Potions","floor":13.0,"gold_loss":0.0,"damage_taken":0.0}],"is_beta":false,"boss_relics":[],"items_purged_floors":[],"is_endless":false,"potions_floor_spawned":[1,14],"killed_by":"The Guardian","ascension_level":0}}