{"host":"z439itq93uucuvou","time":1614451473,"event":{"mods":["BaseMod","Colored Powertips","Downfall","Jorbs\u0027s Wanderer Trilogy","Minty Spire (QoL Compilation)","StSLib"],"gold_per_floor":[99,110,120,130,149,149,230,293,320,340,375,394,413,413,431,526,526,526,541,554,554,404,62,116,143,161,161,190,203,203,233,251,251,251,251],"floor_reached":33,"language":"ENG","playtime":1918,"items_purged":["downfall:Bewildered"],"score":369,"play_id":"eb3d196c-f50b-4e52-a1e8-ba13ab69f146","local_time":"20210227104433","is_ascension_mode":true,"campfire_choices":[{"data":"Secret Weapon","floor":1.0,"key":"SMITH"},{"data":"bronze:Goto","floor":6.0,"key":"SMITH"},{"data":"bronze:FineTuning","floor":18,"key":"SMITH"},{"data":"bronze:Boost","floor":27,"key":"SMITH"}],"circlet_count":0,"master_deck":["bronze:Strike","bronze:Strike","bronze:Strike","bronze:Strike","bronze:Defend","bronze:Defend","bronze:Defend","bronze:Defend","bronze:Replicate","bronze:Goto+1","Secret Weapon+1","bronze:Refactor","bronze:ChosenStrike","bronze:Boost+1","bronze:WildBeam","bronze:ItsAFeature","bronze:FollowUp","bronze:Terminator","bronze:FineTuning+1","bronze:Format+1","bronze:FollowUp+1","bronze:Shell","bronze:Boost+1","bronze:BronzeArmor+1","bronze:Iterate"],"relics":["bronze:BronzeCore","Kunai","Ancient Tea Set","Shuriken","Tiny Chest","bronze:ElectromagneticCoil","sneckomod:BabySnecko","Bottled Lightning","Pen Nib","bronze:ProtectiveGoggles","hexamod:CandleOfCauterizing","TungstenRod"],"acts_visited":["Exordium","TheCity"],"potions_floor_usage":[13,16,16,31,33],"damage_taken":[{"damage":0.0,"enemies":"Small Slimes","floor":2.0,"turns":3.0},{"damage":0.0,"enemies":"2 Louse","floor":3.0,"turns":2.0},{"damage":2.0,"enemies":"Jaw Worm","floor":4.0,"turns":4.0},{"damage":6.0,"enemies":"Exordium Thugs","floor":5.0,"turns":4.0},{"damage":12.0,"enemies":"3 Sentries","floor":8.0,"turns":6.0},{"damage":2.0,"enemies":"3 Sentries","floor":9.0,"turns":5.0},{"damage":8.0,"enemies":"Lots of Slimes","floor":10.0,"turns":4.0},{"damage":0.0,"enemies":"Gremlin Nob","floor":11.0,"turns":3.0},{"damage":9.0,"enemies":"2 Fungi Beasts","floor":12.0,"turns":2.0},{"damage":0,"enemies":"Gremlin Gang","floor":13,"turns":4},{"damage":10,"enemies":"downfall:LooterAlt","floor":15,"turns":2},{"damage":26,"enemies":"IC_STATUS_ARCHETYPE","floor":16,"turns":7},{"damage":10,"enemies":"Shell Parasite","floor":19,"turns":5},{"damage":0,"enemies":"Spheric Guardian","floor":20,"turns":2},{"damage":1,"enemies":"downfall:FleeingMerchant","floor":23,"turns":4},{"damage":14,"enemies":"Centurion and Healer","floor":26,"turns":3},{"damage":7,"enemies":"Slavers","floor":28,"turns":4},{"damage":1,"enemies":"Snecko","floor":29,"turns":5},{"damage":0,"enemies":"Gremlin Leader","floor":31,"turns":5},{"damage":18,"enemies":"Snake Plant","floor":32,"turns":2},{"damage":38,"enemies":"DF_ARCHETYPE_CLAW","floor":33,"turns":6}],"seed_played":"596172637846831750","potions_obtained":[{"floor":4.0,"key":"LiquidBronze"},{"floor":5.0,"key":"bronze:BurnAndBuffPotion"},{"floor":10.0,"key":"DistilledChaos"},{"floor":11.0,"key":"FearPotion"},{"floor":12.0,"key":"ColorlessPotion"},{"floor":15,"key":"Regen Potion"},{"floor":16,"key":"hexamod:SoulburnPotion"},{"floor":26,"key":"GamblersBrew"},{"floor":28,"key":"DistilledChaos"}],"is_trial":false,"path_per_floor":["R","M","M","M","M","R","T","?","E","M","E","M","M","?","M","B",null,"R","M","M","?","?","$","T","T","M","R","E","M","?","E","M","B"],"character_chosen":"THE_AUTOMATON","items_purchased":["Bottled Lightning"],"campfire_rested":0,"item_purchase_floors":[23],"current_hp_per_floor":[63,63,63,61,55,55,55,43,41,33,33,24,24,29,19,8,68,68,58,58,58,78,77,77,77,63,63,56,55,55,55,37,0,0,0],"gold":251,"neow_bonus":"RANDOM_COLORLESS_2","is_daily":false,"chose_seed":false,"campfire_upgraded":4,"win_rate":0.0,"timestamp":1614451473,"path_taken":["R","M","M","M","M","R","T","?","E","M","E","M","M","?","M","BOSS","R","M","M","?","?","$","T","?","M","R","E","?","?","E","M","BOSS"],"items_purchased_type":["Relic"],"build_version":"2020-12-22","purchased_purges":1,"victory":false,"max_hp_per_floor":[63,63,63,63,63,63,63,63,63,63,63,63,63,68,68,68,68,68,68,68,68,78,78,78,78,78,78,78,78,78,78,78,78,78,78],"card_choices":[{"not_picked":["Master of Strategy","Violence"],"picked":"Secret Weapon","floor":0.0},{"not_picked":["bronze:Frontload","bronze:MaxOutput"],"picked":"bronze:Refactor","floor":2.0},{"not_picked":["bronze:CutThrough","bronze:BuggyMess"],"picked":"bronze:ChosenStrike","floor":3.0},{"not_picked":["bronze:Branch","bronze:Frontload"],"picked":"bronze:Boost","floor":4.0},{"not_picked":["bronze:Frontload","bronze:Refactor"],"picked":"bronze:WildBeam","floor":5.0},{"not_picked":["bronze:NullPointer","bronze:Return"],"picked":"bronze:ItsAFeature","floor":9.0},{"not_picked":["bronze:CutThrough","bronze:BuggyMess"],"picked":"bronze:FollowUp","floor":10.0},{"not_picked":["bronze:DelayedSlice","bronze:OilSpill"],"picked":"bronze:Terminator","floor":11.0},{"not_picked":["bronze:Separator","bronze:Mutator"],"picked":"bronze:FineTuning","floor":12.0},{"not_picked":["bronze:CloningBeam","bronze:BitShift","bronze:ForceShield"],"picked":"SKIP","floor":13},{"not_picked":["bronze:Terminator","bronze:Fortify","bronze:Philosophize"],"picked":"SKIP","floor":15},{"not_picked":["bronze:Mutator","bronze:HardenedForm"],"picked":"bronze:Format","floor":16},{"not_picked":["bronze:NullPointer","bronze:Safeguard+1"],"picked":"bronze:FollowUp+1","floor":19},{"not_picked":["bronze:ClassDefault","bronze:Fortify+1"],"picked":"bronze:Shell","floor":20},{"not_picked":["bronze:InfiniteBeams","bronze:Invalidate","bronze:FineTuning"],"picked":"SKIP","floor":23},{"not_picked":["bronze:DelayedGuard","bronze:Branch"],"picked":"bronze:Boost+1","floor":26},{"not_picked":["bronze:DelayedSlice","bronze:Safeguard"],"picked":"bronze:BronzeArmor+1","floor":28},{"not_picked":["bronze:FineTuning","bronze:Backtrace+1","bronze:Constructor"],"picked":"SKIP","floor":29},{"not_picked":["bronze:ShipIt","bronze:Shield"],"picked":"bronze:Iterate","floor":31},{"not_picked":["bronze:WhirlingStrike","bronze:BuggyMess","bronze:Philosophize"],"picked":"SKIP","floor":32}],"player_experience":1772058,"relics_obtained":[{"floor":7.0,"key":"Kunai"},{"floor":9.0,"key":"Shuriken"},{"floor":11.0,"key":"Tiny Chest"},{"floor":24,"key":"Pen Nib"},{"floor":25,"key":"bronze:ProtectiveGoggles"},{"floor":28,"key":"hexamod:CandleOfCauterizing"},{"floor":31,"key":"TungstenRod"}],"event_choices":[{"damage_healed":0,"gold_gain":0,"player_choice":"Donut","damage_taken":0,"max_hp_gain":5,"max_hp_loss":0,"event_name":"Big Fish","floor":14,"gold_loss":0}],"is_beta":false,"boss_relics":[{"not_picked":["SacredBark","Calling Bell"],"picked":"bronze:ElectromagneticCoil"}],"items_purged_floors":[23],"is_endless":false,"potions_floor_spawned":[4,5,10,11,12,15,16,26,28],"killed_by":"DF_ARCHETYPE_CLAW","ascension_level":1}}