{"host":"zefmhu9ryehjj4p1","time":1614442986,"event":{"mods":["100% Spire Juice","2.2 Compatiblity","Act Like it!","Aspiration","Aya Shameimaru","BaseMod","Beaked The Cultist","Better Note","CapriCore","ChefMod","Colored Powertips","Dark Map","DeckTracker","Downfall","Ekko","Elementarium","Friendly Minions","Gensokyo","Hallownest","Hermit","Highlight Path","Hubris","Infinite Spire","Koishi","Library of Ruina","Library of Ruina Extra","Luminous","Marisa????????","Minty Spire (QoL Compilation)","Random Character Button","Reimu??????","Reliquary","Remilia??????","Replay The Spire","Ruina","Shade Mod","Shapeshifter Mod","StSLib","The Administrix","The Blue Laboratory","The Bug Knight","The Construct","The Cursed","The Gatherer","The Hierophant","The Immortal","The Judge","The Marked","The Mystic","The Runesmith","The Senshi","The Servant 0.9.4","The Vixen","The Wild Card","TheVacant","Wandering Minibosses"],"gold_per_floor":[99,99,109,120,136,136,136,36,36,50,50,78,89,100,110,110,110,110],"floor_reached":16,"language":"ENG","playtime":778,"items_purged":[],"score":104,"play_id":"49056fcc-867d-4329-9c49-263d45b056fa","local_time":"20210227172306","is_ascension_mode":false,"campfire_choices":[{"floor":1,"key":"RECALL"},{"data":"Slimebound:ProtectTheBoss","floor":8,"key":"SMITH"},{"data":"Slimebound:ProtectTheBoss","floor":11,"key":"SMITH"}],"circlet_count":0,"master_deck":["Slimebound:Strike_Slimebound","Slimebound:Strike_Slimebound","Slimebound:Strike_Slimebound","Slimebound:Tackle","Slimebound:Defend_Slimebound","Slimebound:Defend_Slimebound","Slimebound:Defend_Slimebound","Slimebound:Defend_Slimebound","Slimebound:Split","Slimebound:CorrosiveSpit","Slimebound:ProtectTheBoss+1","Slimebound:SplitLeeching","Slimebound:ProtectTheBoss+1","Slimebound:SplitAcid","Regret","Slimebound:SpikyOuterGoop","Slimebound:GoopSpray","Slimebound:LivingWall","Slimebound:PressTheAttack"],"relics":["Slimebound:AbsorbEndCombat","Smiling Mask","downfall:HeartBlessingRed","infinitespire:FocusingShard"],"acts_visited":["Exordium"],"potions_floor_usage":[],"damage_taken":[{"damage":1,"enemies":"Jaw Worm","floor":3,"turns":4},{"damage":0,"enemies":"Cultist","floor":4,"turns":4},{"damage":3,"enemies":"Small Slimes","floor":5,"turns":3},{"damage":0,"enemies":"downfall:LooterAlt","floor":10,"turns":3},{"damage":42,"enemies":"3 Sentries","floor":12,"turns":9},{"damage":17,"enemies":"Exordium Thugs","floor":13,"turns":6},{"damage":11,"enemies":"Lots of Slimes","floor":14,"turns":5},{"damage":6,"enemies":"downfall:LooterAlt","floor":15,"turns":4},{"damage":16,"enemies":"DF_ARCHETYPE_STREAMLINE","floor":16,"turns":9}],"seed_played":"4151966737130652120","potions_obtained":[{"floor":3,"key":"blueLaboratory:BubblePotion"},{"floor":10,"key":"SteroidPotion"},{"floor":13,"key":"FearPotion"}],"is_trial":false,"path_per_floor":["R","?","M","M","M","?","T","R","?","M","R","E","M","M","M","B"],"character_chosen":"SLIMEBOUND","items_purchased":[],"campfire_rested":0,"item_purchase_floors":[],"current_hp_per_floor":[65,65,65,65,64,64,64,64,64,65,65,23,12,9,7,0,0,0],"gold":110,"neow_bonus":"THREE_CARDS","is_daily":false,"chose_seed":false,"campfire_upgraded":2,"win_rate":0.0,"timestamp":1614442986,"path_taken":["R","?","?","M","M","?","T","R","?","?","R","E","M","M","M","BOSS"],"items_purchased_type":[],"build_version":"2020-12-22","purchased_purges":0,"victory":false,"max_hp_per_floor":[65,65,65,65,65,65,65,65,65,65,65,65,65,65,65,65,65,65],"card_choices":[{"not_picked":["Slimebound:LeechEnergy","Slimebound:ItLooksTasty"],"picked":"Slimebound:ProtectTheBoss","floor":0},{"not_picked":["Slimebound:Nibble","Slimebound:LeechingTouch"],"picked":"Slimebound:SplitLeeching","floor":3},{"not_picked":["Slimebound:SplitMire","Slimebound:SplitAcid"],"picked":"Slimebound:ProtectTheBoss","floor":4},{"not_picked":["Slimebound:LeechEnergy","Slimebound:Replication"],"picked":"Slimebound:SplitAcid","floor":5},{"not_picked":["Slimebound:FinishingTackle","Slimebound:FlameTackle"],"picked":"Slimebound:SpikyOuterGoop","floor":10},{"not_picked":["Slimebound:SlimeSpikes","Slimebound:LivingWall"],"picked":"Slimebound:GoopSpray","floor":12},{"not_picked":["Slimebound:SplitLeeching","Slimebound:HauntingLick"],"picked":"Slimebound:LivingWall","floor":13},{"not_picked":["Slimebound:SlimeSlap","Slimebound:FinishingTackle"],"picked":"Slimebound:PressTheAttack","floor":14},{"not_picked":["Slimebound:LivingWall","Slimebound:Schlurp","Slimebound:ServeAndProtect"],"picked":"SKIP","floor":15}],"player_experience":228051,"relics_obtained":[{"floor":12,"key":"infinitespire:FocusingShard"}],"event_choices":[{"cards_removed":["Slimebound:Tackle"],"damage_healed":0,"gold_gain":0,"player_choice":"Give","damage_taken":0,"max_hp_gain":0,"max_hp_loss":0,"event_name":"betterNote:BetterNote","floor":2,"gold_loss":0,"cards_obtained":["hexamod:BurningTouch"]},{"damage_healed":0,"gold_gain":0,"player_choice":"Box","damage_taken":0,"relics_obtained":["Smiling Mask"],"max_hp_gain":0,"max_hp_loss":0,"event_name":"Big Fish","floor":6,"gold_loss":0,"cards_obtained":["Regret"]}],"is_beta":false,"boss_relics":[],"items_purged_floors":[],"is_endless":false,"potions_floor_spawned":[3,10,13],"killed_by":"DF_ARCHETYPE_STREAMLINE","ascension_level":0}}