{"host":"sc0o2qwpf9j16a4i","time":1614418441,"event":{"mods":["AchievementEnabler","BaseMod","BetterRewards","Block Reminder","Colored Map","Colored Powertips","Custom Start","Highlight Path","Minty Spire (QoL Compilation)","Relic Stats"],"gold_per_floor":[109,109,124,124,170,204,204,204,204,233,245,1,19,29,29,131,131,146,160,178,11,56,91,111,148,157,168,224,235,253,292,292,411,438,480,526,526,55,110,175,175,175,184,21,64,64,105,114,114,123],"floor_reached":51,"language":"ENG","playtime":1956,"items_purged":[],"score":1105,"play_id":"adbf81c0-88ac-4083-a6ef-ff5dae9de30f","local_time":"20210227113401","daily_mods":["Cursed Run","Vintage","Terminal"],"is_ascension_mode":false,"campfire_choices":[{"data":"Vigilance","floor":7,"key":"SMITH"},{"data":"CutThroughFate","floor":15,"key":"SMITH"},{"data":"1","floor":32,"key":"LIFT"},{"data":"2","floor":41,"key":"LIFT"},{"data":"3","floor":49,"key":"LIFT"}],"circlet_count":0,"master_deck":["Defend_P+1","Eruption+1","Vigilance+1","Normality","Swivel+1","Pain","Injury","EmptyFist","Apotheosis+1","CutThroughFate+1","Pain","DevaForm","SandsOfTime","SashWhip","Halt+1","Wireheading","Bite","Bite","Bite","EmptyMind+1","Vault+1","Clumsy","Doubt","EmptyBody+1","Regret","Wish+1","InnerPeace+1","Apotheosis+1","Panache+1","TalkToTheHand+1","Fasting2","Parasite","ThirdEye+1","Doubt","Swivel+1","CrushJoints+1","Halt+1","Shame","Clumsy"],"relics":["Cursed Key","Darkstone Periapt","Du-Vu Doll","Toxic Egg 2","Boot","CloakClasp","WarpedTongs","Letter Opener","InkBottle","Bag of Marbles","Girya","Damaru","SlaversCollar","CeramicFish","Pear","Torii","StrikeDummy","Pantograph","Oddly Smooth Stone","Molten Egg 2","Art of War","Anchor","Shuriken","Tiny Chest","TeardropLocket","Astrolabe","Juzu Bracelet","Vajra","Mango","Yang","The Courier","War Paint","Prayer Wheel","MealTicket","Strawberry"],"acts_visited":["Exordium","TheCity","TheBeyond"],"potions_floor_usage":[6,16,24,29,31,33,40,40,44,50],"damage_taken":[{"damage":0,"enemies":"Small Slimes","floor":1,"turns":2},{"damage":0,"enemies":"2 Louse","floor":3,"turns":1},{"damage":4,"enemies":"Gremlin Nob","floor":6,"turns":4},{"damage":30,"enemies":"Lagavulin","floor":10,"turns":5},{"damage":2,"enemies":"Cultist","floor":11,"turns":3},{"damage":2,"enemies":"Gremlin Gang","floor":13,"turns":2},{"damage":7,"enemies":"2 Fungi Beasts","floor":14,"turns":2},{"damage":9,"enemies":"Hexaghost","floor":16,"turns":6},{"damage":6,"enemies":"Spheric Guardian","floor":18,"turns":2},{"damage":4,"enemies":"Chosen","floor":19,"turns":3},{"damage":1,"enemies":"3 Cultists","floor":20,"turns":3},{"damage":11,"enemies":"Book of Stabbing","floor":23,"turns":5},{"damage":5,"enemies":"Sentry and Sphere","floor":24,"turns":4},{"damage":5,"enemies":"Slavers","floor":25,"turns":3},{"damage":2,"enemies":"Centurion and Healer","floor":27,"turns":4},{"damage":8,"enemies":"Shelled Parasite and Fungi","floor":29,"turns":2},{"damage":1,"enemies":"Snecko","floor":30,"turns":2},{"damage":0,"enemies":"Book of Stabbing","floor":31,"turns":2},{"damage":57,"enemies":"Collector","floor":33,"turns":10},{"damage":7,"enemies":"3 Shapes","floor":35,"turns":7},{"damage":11,"enemies":"3 Darklings","floor":36,"turns":7},{"damage":4,"enemies":"Writhing Mass","floor":39,"turns":7},{"damage":17,"enemies":"Reptomancer","floor":40,"turns":6},{"damage":31,"enemies":"Giant Head","floor":45,"turns":9},{"damage":25,"enemies":"Nemesis","floor":47,"turns":8},{"damage":16,"enemies":"Time Eater","floor":50,"turns":6}],"seed_played":"-2525158470378722576","potions_obtained":[{"floor":1,"key":"BlessingOfTheForge"},{"floor":3,"key":"Swift Potion"},{"floor":13,"key":"StancePotion"},{"floor":18,"key":"AttackPotion"},{"floor":24,"key":"SpeedPotion"},{"floor":27,"key":"AttackPotion"},{"floor":30,"key":"DistilledChaos"},{"floor":33,"key":"SpeedPotion"},{"floor":36,"key":"EntropicBrew"}],"is_trial":true,"path_per_floor":["M","?","M","?","T","E","R","?","T","E","M","$","M","M","R","B",null,"M","M","M","$","?","E","M","E","T","M","T","M","M","E","R","B",null,"M","M","?","$","M","E","R","?","T","$","E","?","E","T","R","B",null],"character_chosen":"WATCHER","items_purchased":["Apotheosis+1","CutThroughFate","SandsOfTime","SashWhip","Halt+1","Wireheading","TalkToTheHand+1","Mango","Fasting2","LiquidBronze","Fruit Juice","Swivel+1","Ancient Potion"],"campfire_rested":0,"item_purchase_floors":[12,12,21,21,21,21,38,38,38,38,44,44,44],"current_hp_per_floor":[70,69,68,67,72,68,68,74,80,50,50,50,50,45,45,44,78,72,80,81,81,81,82,78,80,85,84,89,87,87,86,85,67,89,84,85,85,99,104,96,96,96,102,107,91,91,75,88,88,109],"gold":123,"neow_bonus":"","is_daily":false,"chose_seed":false,"campfire_upgraded":2,"win_rate":0.0,"timestamp":1614418441,"path_taken":["M","?","?","?","?","E","R","?","T","E","M","$","M","M","R","BOSS","M","?","M","$","?","E","M","E","T","M","?","M","M","E","R","BOSS","M","M","?","$","M","E","R","?","T","$","E","?","E","?","R","BOSS"],"items_purchased_type":["Card","Card","Card","Card","Card","Card","Card","Relic","Card","Potion","Potion","Card","Potion"],"build_version":"2020-12-22","purchased_purges":0,"victory":true,"max_hp_per_floor":[70,69,68,67,72,71,70,75,80,79,78,77,76,75,74,79,78,77,86,85,84,83,82,81,80,85,84,89,88,87,86,85,90,89,88,87,86,99,104,103,102,101,106,110,109,103,102,114,113,118],"relic_stats":{"Darkstone Periapt":66,"Torii":14,"counters":[26,115],"CeramicFish":261,"Astrolabe":["InnerPeace","Apotheosis","Panache"],"Yang":[46],"CloakClasp":[238],"Juzu Bracelet":0,"Letter Opener":[96],"War Paint":["Defend_P"],"Cursed Key":6,"Boot":[26],"WarpedTongs":[52],"Shuriken":[14],"Pantograph":25,"Tiny Chest":1,"Prayer Wheel":0,"MealTicket":0,"Art of War":[15],"obtain_stats":[{"Darkstone Periapt":0,"Torii":20,"CeramicFish":18,"Vajra":36,"Mango":38,"Yang":39,"CloakClasp":6,"Juzu Bracelet":35,"TeardropLocket":31,"Cursed Key":0,"Boot":5,"Blood Vial":3,"Pantograph":24,"Strawberry":48,"Tiny Chest":30,"Prayer Wheel":45,"MealTicket":47,"Toxic Egg 2":1,"InkBottle":10,"Girya":13,"Pear":19,"Astrolabe":34,"Damaru":14,"Oddly Smooth Stone":25,"The Courier":40,"Letter Opener":9,"War Paint":43,"WarpedTongs":8,"Du-Vu Doll":0,"SlaversCollar":17,"Anchor":28,"Shuriken":29,"Molten Egg 2":26,"Bag of Marbles":11,"Art of War":27,"StrikeDummy":23},{"Darkstone Periapt":0,"Torii":11,"CeramicFish":9,"Vajra":21,"Mango":21,"Yang":22,"CloakClasp":3,"Juzu Bracelet":20,"TeardropLocket":18,"Cursed Key":0,"Boot":2,"Blood Vial":2,"Pantograph":13,"Strawberry":25,"Tiny Chest":17,"Prayer Wheel":24,"MealTicket":25,"Toxic Egg 2":1,"InkBottle":4,"Girya":6,"Pear":10,"Astrolabe":19,"Damaru":7,"Oddly Smooth Stone":14,"The Courier":23,"Letter Opener":3,"War Paint":23,"WarpedTongs":3,"Du-Vu Doll":0,"SlaversCollar":8,"Anchor":15,"Shuriken":16,"Molten Egg 2":14,"Bag of Marbles":5,"Art of War":15,"StrikeDummy":12},{"Darkstone Periapt":0,"Torii":33,"CeramicFish":27,"Vajra":79,"Mango":79,"Yang":86,"CloakClasp":7,"Juzu Bracelet":72,"TeardropLocket":55,"Cursed Key":0,"Boot":3,"Blood Vial":3,"Pantograph":42,"Strawberry":109,"Tiny Chest":53,"Prayer Wheel":101,"MealTicket":109,"Toxic Egg 2":2,"InkBottle":12,"Girya":17,"Pear":30,"Astrolabe":65,"Damaru":19,"Oddly Smooth Stone":45,"The Courier":92,"Letter Opener":7,"War Paint":92,"WarpedTongs":7,"Du-Vu Doll":0,"SlaversCollar":25,"Anchor":49,"Shuriken":51,"Molten Egg 2":45,"Bag of Marbles":15,"Art of War":49,"StrikeDummy":38}],"InkBottle":[31]},"card_choices":[{"not_picked":["Establishment","Crescendo+1"],"picked":"Swivel+1","floor":6},{"not_picked":["Fasting2","FlyingSleeves"],"picked":"EmptyFist","floor":10},{"not_picked":["LessonLearned","DeusExMachina+1"],"picked":"DevaForm","floor":16},{"not_picked":["FlyingSleeves","Pray+1"],"picked":"EmptyMind+1","floor":23},{"not_picked":["WaveOfTheHand+1","Crescendo+1"],"picked":"Vault+1","floor":25},{"not_picked":["JustLucky+1","Indignation+1"],"picked":"EmptyBody+1","floor":31},{"not_picked":["Brilliance+1","ConjureBlade+1"],"picked":"Wish+1","floor":33},{"not_picked":["WaveOfTheHand+1","BowlingBash+1"],"picked":"ThirdEye+1","floor":40},{"not_picked":["Weave+1","Crescendo+1"],"picked":"CrushJoints+1","floor":45},{"not_picked":["JustLucky+1","CutThroughFate+1"],"picked":"Halt+1","floor":47}],"player_experience":1579684,"relics_obtained":[{"floor":1,"key":"Toxic Egg 2"},{"floor":3,"key":"Blood Vial"},{"floor":5,"key":"Boot"},{"floor":6,"key":"CloakClasp"},{"floor":9,"key":"Letter Opener"},{"floor":10,"key":"InkBottle"},{"floor":11,"key":"Bag of Marbles"},{"floor":13,"key":"Girya"},{"floor":14,"key":"Damaru"},{"floor":18,"key":"CeramicFish"},{"floor":19,"key":"Pear"},{"floor":20,"key":"Torii"},{"floor":23,"key":"StrikeDummy"},{"floor":24,"key":"Pantograph"},{"floor":25,"key":"Oddly Smooth Stone"},{"floor":26,"key":"Molten Egg 2"},{"floor":27,"key":"Art of War"},{"floor":28,"key":"Anchor"},{"floor":29,"key":"Shuriken"},{"floor":30,"key":"Tiny Chest"},{"floor":31,"key":"TeardropLocket"},{"floor":35,"key":"Juzu Bracelet"},{"floor":36,"key":"Vajra"},{"floor":39,"key":"Yang"},{"floor":40,"key":"The Courier"},{"floor":43,"key":"War Paint"},{"floor":45,"key":"Prayer Wheel"},{"floor":47,"key":"MealTicket"},{"floor":48,"key":"Strawberry"}],"event_choices":[{"cards_removed":["Defend_P"],"damage_healed":0,"gold_gain":0,"player_choice":"Purged","damage_taken":0,"max_hp_gain":0,"max_hp_loss":0,"event_name":"Purifier","floor":2,"gold_loss":0},{"damage_healed":0,"gold_gain":0,"player_choice":"Grow","damage_taken":0,"max_hp_gain":0,"max_hp_loss":0,"event_name":"Living Wall","floor":4,"gold_loss":0,"cards_upgraded":["Eruption"]},{"damage_healed":0,"gold_gain":0,"player_choice":"Rummage","damage_taken":0,"relics_obtained":["WarpedTongs"],"max_hp_gain":0,"max_hp_loss":0,"event_name":"Accursed Blacksmith","floor":8,"gold_loss":0,"cards_obtained":["Pain"]},{"damage_healed":0,"gold_gain":0,"player_choice":"Became a vampire (Vial)","damage_taken":0,"max_hp_gain":0,"max_hp_loss":0,"event_name":"Vampires","floor":22,"relics_lost":["Blood Vial"],"gold_loss":0,"cards_obtained":["Bite","Bite","Bite","Bite","Bite"]},{"damage_healed":0,"gold_gain":0,"player_choice":"Ignored","damage_taken":0,"max_hp_gain":0,"max_hp_loss":0,"event_name":"Tomb of Lord Red Mask","floor":37,"gold_loss":0},{"cards_removed":["Defend_P"],"damage_healed":0,"gold_gain":0,"player_choice":"Removed Skill","damage_taken":0,"max_hp_gain":0,"max_hp_loss":0,"event_name":"Falling","floor":42,"gold_loss":0},{"damage_healed":0,"gold_gain":0,"player_choice":"Max HP","damage_taken":0,"max_hp_gain":0,"max_hp_loss":5,"event_name":"Winding Halls","floor":46,"gold_loss":0}],"is_beta":false,"boss_relics":[{"not_picked":["Philosopher\u0027s Stone","Velvet Choker"],"picked":"SlaversCollar"},{"not_picked":["Pandora\u0027s Box","Coffee Dripper"],"picked":"Astrolabe"}],"items_purged_floors":[],"is_endless":false,"potions_floor_spawned":[1,3,13,18,24,27,30,33,36,45],"ascension_level":0}}