{"host":"7lnw6pwanvfe76gu","time":1614460640,"event":{"mods":["BaseMod","Colored Map","Downfall","Minty Spire (QoL Compilation)","Permanent Neow","Relic Stats","StSLib"],"gold_per_floor":[111,123,123,198,212,245,258,258,258,258,293,309,320,335,335,335,335],"floor_reached":16,"language":"ENG","playtime":866,"items_purged":[],"score":120,"play_id":"4792d642-0b5d-4c3b-a2fd-7150cd112862","local_time":"20210227161720","is_ascension_mode":true,"campfire_choices":[{"floor":8,"key":"REST"},{"data":"Iron Wave","floor":10,"key":"SMITH"},{"floor":15,"key":"REST"}],"circlet_count":0,"master_deck":["Strike_R","Strike_R","Strike_R","Strike_R","Strike_R","Defend_R","Defend_R","Defend_R","Defend_R","Bash","Rampage+1","Iron Wave+1","Cleave","Seeing Red","Power Through","Impervious","Thunderclap","Armaments","Headbutt"],"relics":["Burning Blood","Boot","Kunai","Self Forming Clay"],"acts_visited":["Exordium"],"potions_floor_usage":[2,16],"damage_taken":[{"damage":6,"enemies":"Jaw Worm","floor":1,"turns":4},{"damage":3,"enemies":"Small Slimes","floor":2,"turns":3},{"damage":6,"enemies":"Cultist","floor":5,"turns":3},{"damage":27,"enemies":"Gremlin Nob","floor":6,"turns":5},{"damage":30,"enemies":"Gremlin Gang","floor":7,"turns":4},{"damage":12,"enemies":"Lagavulin","floor":11,"turns":8},{"damage":7,"enemies":"Blue Slaver","floor":12,"turns":3},{"damage":8,"enemies":"Exordium Wildlife","floor":13,"turns":4},{"damage":6,"enemies":"Exordium Thugs","floor":14,"turns":5},{"damage":75,"enemies":"Hexaghost","floor":16,"turns":9}],"seed_played":"-6622209222815728766","potions_obtained":[{"floor":2,"key":"Fruit Juice"},{"floor":6,"key":"SpeedPotion"},{"floor":12,"key":"AttackPotion"},{"floor":14,"key":"LiquidBronze"}],"is_trial":false,"path_per_floor":["M","M","?","?","M","E","M","R","T","R","E","M","M","M","R","B"],"character_chosen":"IRONCLAD","items_purchased":[],"campfire_rested":2,"item_purchase_floors":[],"current_hp_per_floor":[80,85,85,77,77,56,32,57,57,57,51,50,48,48,73,0,0],"gold":335,"neow_bonus":"THREE_CARDS","is_daily":false,"chose_seed":false,"campfire_upgraded":1,"win_rate":0.0,"timestamp":1614460640,"path_taken":["M","M","?","?","M","E","M","R","T","R","E","M","M","M","R","BOSS"],"items_purchased_type":[],"build_version":"2020-12-22","purchased_purges":0,"victory":false,"max_hp_per_floor":[80,85,85,85,85,85,85,85,85,85,85,85,85,85,85,85,85],"relic_stats":{"counters":[10,48],"Self Forming Clay":[39],"Kunai":[11],"Boot":[14],"obtain_stats":[{"Self Forming Clay":11,"Kunai":9,"Boot":6,"Burning Blood":0},{"Self Forming Clay":6,"Kunai":5,"Boot":4,"Burning Blood":0},{"Self Forming Clay":27,"Kunai":19,"Boot":15,"Burning Blood":0}],"Burning Blood":51},"card_choices":[{"not_picked":["Iron Wave","Armaments"],"picked":"Rampage","floor":0},{"not_picked":["Armaments","Anger"],"picked":"Iron Wave","floor":1},{"not_picked":["Armaments","Disarm"],"picked":"Cleave","floor":2},{"not_picked":["Reckless Charge","Headbutt"],"picked":"Seeing Red","floor":5},{"not_picked":["Heavy Blade","Sword Boomerang"],"picked":"Power Through","floor":6},{"not_picked":["Headbutt","Fire Breathing"],"picked":"Impervious","floor":7},{"not_picked":["Heavy Blade","Pommel Strike"],"picked":"Thunderclap","floor":11},{"not_picked":["Shrug It Off","Rupture"],"picked":"Armaments","floor":12},{"not_picked":["Juggernaut","Shrug It Off","Pommel Strike"],"picked":"SKIP","floor":13},{"not_picked":["Shrug It Off","Armaments"],"picked":"Headbutt","floor":14}],"player_experience":70387,"relics_obtained":[{"floor":6,"key":"Boot"},{"floor":9,"key":"Kunai"},{"floor":11,"key":"Self Forming Clay"}],"event_choices":[{"damage_healed":0,"gold_gain":0,"player_choice":"Grow","damage_taken":0,"max_hp_gain":0,"max_hp_loss":0,"event_name":"Living Wall","floor":3,"gold_loss":0,"cards_upgraded":["Rampage"]},{"damage_healed":0,"gold_gain":75,"player_choice":"Touch","damage_taken":8,"max_hp_gain":0,"max_hp_loss":0,"event_name":"FaceTrader","floor":4,"gold_loss":0}],"is_beta":false,"boss_relics":[],"items_purged_floors":[],"is_endless":false,"potions_floor_spawned":[2,6,12,14],"killed_by":"Hexaghost","ascension_level":1}}