{"host":"ty9fb48q9oru32qm","time":1614457156,"event":{"mods":["2.2 Compatiblity","AchievementEnabler","Act Like it!","Aspiration","Astrologer","BaseMod","Beaked The Cultist","Better Synergies","Block Reminder","Colored Powertips","Conspire","DeckTracker","Downfall","Friendly Minions","GifTheSpireLib","Halation","Hermit","Hubris","Infinite Spire","Jorbs\u0027s Wanderer Trilogy","Marisa????????","Minty Spire (QoL Compilation)","Permanent Neow","Quick Restart","Random Character Button","Reliquary","Replay The Spire","Somnambulant","StSLib","Stuff the Spire","The Cursed","The Jungle","The Marked","The Runesmith","TheVacant","Wandering Minibosses"],"gold_per_floor":[111,128,128,139,139,174,174,193,193,227,128,143,143,153,153,251,251,265,0,0,14,14,25,25,56,82,112,112,12,12,47,47,147,147,167,183,183,183,197,197,197],"floor_reached":40,"language":"ENG","playtime":2686,"items_purged":["StuffTheSpire:CuriosityCurse","OrrerysSun"],"score":469,"play_id":"ea14318f-8f4b-40e9-8e71-208a6b811e9e","local_time":"20210227211916","is_ascension_mode":false,"campfire_choices":[{"data":"RefractionSpark","floor":7,"key":"SMITH"},{"data":"PowerUp","floor":13,"key":"SMITH"},{"data":"MagicChant","floor":15,"key":"SMITH"},{"floor":24,"key":"REST"},{"floor":28,"key":"REST"},{"floor":30,"key":"REST"},{"floor":32,"key":"REST"}],"circlet_count":0,"master_deck":["Strike_MRS","Strike_MRS","Strike_MRS","Defend_MRS","Defend_MRS","Defend_MRS","MasterSpark","UpSweep","MagicChant","OortCloud","GravityBeat","RefractionSpark+1","MagicChant+1","MachineGunSpark","PowerUp+1","FinalSpark","MilkyWay","CollectingQuirk","AsteroidBelt+1","RefractionSpark+1","stsjorbsmod:Amnesia","conspire:NecroticWound","ReplayTheSpireMod:Black Plague","NonDirectionalLaser+1"],"relics":["MiniHakkero","reliquary:ThirdArm","Replay:Bronze Core","Unceasing Top","Juzu Bracelet","Vajra","beaked:MawFillet","CultistMask","halation:PromiseList","infinitespire:Satchel","conspire:GiftBox","StuffTheSpire:Gunfinga","hubris:RunicObelisk"],"acts_visited":["Exordium","TheCity","TheBeyond"],"potions_floor_usage":[6,23,23,31,31,35,39,40],"damage_taken":[{"damage":0,"enemies":"2 Louse","floor":1,"turns":2},{"damage":1,"enemies":"Cultist","floor":2,"turns":3},{"damage":1,"enemies":"Jaw Worm","floor":4,"turns":4},{"damage":21,"enemies":"3 Sentries","floor":6,"turns":9},{"damage":6,"enemies":"Blue Slaver","floor":8,"turns":4},{"damage":8,"enemies":"conspire:MimicChest","floor":10,"turns":4},{"damage":0,"enemies":"Large Slime","floor":12,"turns":1},{"damage":0,"enemies":"Exordium Thugs","floor":14,"turns":4},{"damage":47,"enemies":"Fading Forest","floor":16,"turns":11},{"damage":25,"enemies":"2 Thieves","floor":18,"turns":3},{"damage":19,"enemies":"3 Byrds","floor":21,"turns":4},{"damage":16,"enemies":"Snake Plant","floor":23,"turns":2},{"damage":12,"enemies":"Gremlin Leader","floor":25,"turns":4},{"damage":20,"enemies":"Book of Stabbing","floor":27,"turns":3},{"damage":32,"enemies":"Slavers","floor":31,"turns":3},{"damage":21,"enemies":"hubris:MusketHawk","floor":33,"turns":3},{"damage":25,"enemies":"3 Darklings","floor":35,"turns":3},{"damage":13,"enemies":"3 Shapes","floor":36,"turns":3},{"damage":0,"enemies":"Sphere and 2 Shapes","floor":39,"turns":2},{"damage":38,"enemies":"Nightmare","floor":40,"turns":3}],"seed_played":"279779868424724891","potions_obtained":[{"floor":1,"key":"AttackPotion"},{"floor":4,"key":"DuplicationPotion"},{"floor":10,"key":"EntropicBrew"},{"floor":21,"key":"ColorlessPotion"},{"floor":39,"key":"ColorlessPotion"}],"is_trial":false,"path_per_floor":["M","M","?","M","?","E","R","M","T","?","$","M","R","M","R","B",null,"M","?","?","M","?","M","R","E","T","E","R","$","R","E","R","B",null,"M","M","?","?","M","NM"],"character_chosen":"MARISA","items_purchased":["PowerUp"],"campfire_rested":4,"item_purchase_floors":[11],"current_hp_per_floor":[75,74,74,73,73,52,52,46,46,38,38,38,38,38,38,1,75,50,50,50,31,31,15,37,25,25,5,27,27,49,17,39,18,75,50,37,37,37,37,0,0],"gold":197,"neow_bonus":"DOUBLE_BOSS_RELIC","is_daily":false,"chose_seed":false,"campfire_upgraded":3,"win_rate":0.0,"timestamp":1614457156,"path_taken":["M","M","?","?","?","E","R","M","T","?","$","M","R","M","R","BOSS","M","?","?","M","?","M","R","E","T","E","R","?","R","E","R","BOSS","M","M","?","?","M","NM"],"items_purchased_type":["Card"],"build_version":"2020-12-22","purchased_purges":2,"victory":false,"max_hp_per_floor":[75,75,75,75,75,75,75,75,75,75,75,75,75,75,75,75,75,75,75,75,75,75,75,75,75,75,75,75,75,75,75,75,75,75,75,75,75,75,75,75,75],"card_choices":[{"not_picked":["WitchOfGreed","OneTimeOff"],"picked":"MagicChant","floor":1},{"not_picked":["WitchOfGreed","LuminesStrike"],"picked":"OortCloud","floor":2},{"not_picked":["FairyDestructionRay","MysteriousBeam"],"picked":"RefractionSpark","floor":4},{"not_picked":["DC","SporeBomb"],"picked":"MagicChant","floor":6},{"not_picked":["EnergyFlow","AsteroidBelt"],"picked":"MachineGunSpark","floor":8},{"not_picked":["6A","WitchLeyline","EventHorizon"],"picked":"SKIP","floor":12},{"not_picked":["ShootingEcho","GalacticHalo","SuperNova"],"picked":"SKIP","floor":14},{"not_picked":["CasketOfStar","JA"],"picked":"FinalSpark","floor":16},{"not_picked":["GalacticHalo","Orbital","ShootingEcho+1"],"picked":"SKIP","floor":18},{"not_picked":["MagicAbsorber","6A","ShootingEcho+1"],"picked":"SKIP","floor":21},{"not_picked":["EscapeVelocity","GravityBeat+1"],"picked":"MilkyWay","floor":23},{"not_picked":["WitchOfGreed+1","ChargingUp","6A"],"picked":"SKIP","floor":25},{"not_picked":["FinalSpark","BinaryStars"],"picked":"CollectingQuirk","floor":27},{"not_picked":["MeteoricShower","DarkMatter+1","IllusionStar"],"picked":"SKIP","floor":27},{"not_picked":["Occultation","DragonMeteor","6A"],"picked":"SKIP","floor":31},{"not_picked":["UnstableBomb+1","WitchOfGreed"],"picked":"AsteroidBelt+1","floor":35},{"not_picked":["DoubleSpark+1","GalacticHalo"],"picked":"RefractionSpark+1","floor":36},{"not_picked":["hubris:Rewind","infinitespire:SealOfDarkness+"],"picked":"ReplayTheSpireMod:Black Plague","floor":38},{"not_picked":["ShootingEcho+1","WitchOfGreed+1"],"picked":"NonDirectionalLaser+1","floor":39}],"player_experience":368780,"relics_obtained":[{"floor":6,"key":"Juzu Bracelet"},{"floor":10,"key":"Vajra"},{"floor":25,"key":"halation:PromiseList"},{"floor":26,"key":"infinitespire:Satchel"},{"floor":27,"key":"conspire:GiftBox"},{"floor":31,"key":"StuffTheSpire:Gunfinga"}],"event_choices":[{"damage_healed":0,"gold_gain":0,"cards_transformed":["Strike_MRS"],"player_choice":"Transformed","damage_taken":0,"max_hp_gain":0,"max_hp_loss":0,"event_name":"Transmorgrifier","floor":3,"gold_loss":0,"cards_obtained":["GravityBeat"]},{"damage_healed":0,"gold_gain":0,"player_choice":"Paid Fearfully","damage_taken":0,"max_hp_gain":0,"max_hp_loss":0,"event_name":"Masked Bandits","floor":19,"gold_loss":265},{"damage_healed":0,"gold_gain":0,"cards_transformed":["Defend_MRS"],"player_choice":"Transformed","damage_taken":0,"max_hp_gain":0,"max_hp_loss":0,"event_name":"Transmorgrifier","floor":20,"gold_loss":0,"cards_obtained":["OrrerysSun"]},{"damage_healed":0,"gold_gain":0,"player_choice":"Trade","damage_taken":0,"relics_obtained":["CultistMask"],"max_hp_gain":0,"max_hp_loss":0,"event_name":"FaceTrader","floor":22,"gold_loss":0},{"damage_healed":0,"gold_gain":0,"player_choice":"Leave","damage_taken":0,"max_hp_gain":0,"max_hp_loss":0,"event_name":"conspire:Investor","floor":37,"gold_loss":0}],"is_beta":false,"boss_relics":[{"not_picked":["halation:MonkeysPaw","Snecko Eye"],"picked":"beaked:MawFillet"},{"not_picked":["reliquary:RedCape","aspiration:RunicSpoon"],"picked":"hubris:RunicObelisk"}],"items_purged_floors":[11,29],"is_endless":false,"potions_floor_spawned":[1,4,10,21,31,33,39],"killed_by":"Nightmare","ascension_level":0}}