{"host":"xa0kvhbb1ful01xu","time":1614427019,"event":{"mods":["BaseMod","BetterRewards","Custom Start","Downfall","Hubris","Marisa????????","Minty Spire (QoL Compilation)","READ ME - Snecko Mod","StSLib"],"gold_per_floor":[99,112,206,206,221,221,248,267,287,187,204,238,238,255,269,373,373,373,392,392,409,428,428,506,506,506,506,506],"floor_reached":26,"language":"POL","playtime":2636,"items_purged":[],"score":210,"play_id":"7a95f6dc-c2ef-4777-9007-3fcf0f93a6c1","local_time":"20210227125659","is_ascension_mode":false,"campfire_choices":[{"floor":1,"key":"RECALL"},{"data":"champ:Taunt","floor":10,"key":"SMITH"},{"data":"champ:MurderStrike","floor":13,"key":"SMITH"},{"data":"champ:ArenaPreparation","floor":18,"key":"SMITH"},{"data":"champ:FocusedDefense","floor":23,"key":"SMITH"},{"data":"hubris:DuctTapeCard","floor":25,"key":"SMITH"}],"circlet_count":0,"master_deck":["hexamod:WildfireWeapon+1","champ:Strike","champ:Strike","champ:Strike","champ:Strike","champ:Defend","champ:Defend","champ:Defend","champ:Defend","champ:Execute","champ:Taunt+1","champ:BringItOn","champ:PreciseThrust","champ:FlashCut","champ:MurderStrike+1","champ:ArenaPreparation+1","champ:EnGarde","champ:PreciseThrust","champ:Devastate","champ:Circumvent","champ:FocusedDefense+1","champ:SkillfulDodge","champ:RapidStrikes","hubris:DuctTapeCard+2"],"relics":["champ:ChampionCrown","Shuriken","Strange Spoon","downfall:HeartBlessingRed","Gambling Chip","hubris:Stopwatch","hubris:DuctTape"],"acts_visited":["Exordium","TheCity"],"potions_floor_usage":[16,26],"damage_taken":[{"damage":15,"enemies":"Small Slimes","floor":2,"turns":4},{"damage":10,"enemies":"downfall:FleeingMerchant","floor":3,"turns":4},{"damage":0,"enemies":"Cultist","floor":5,"turns":4},{"damage":0,"enemies":"2 Louse","floor":8,"turns":2},{"damage":3,"enemies":"2 Fungi Beasts","floor":9,"turns":4},{"damage":11,"enemies":"Gremlin Gang","floor":11,"turns":6},{"damage":11,"enemies":"Gremlin Nob","floor":12,"turns":6},{"damage":0,"enemies":"3 Louse","floor":14,"turns":3},{"damage":2,"enemies":"Large Slime","floor":15,"turns":5},{"damage":9,"enemies":"IC_STATUS_ARCHETYPE","floor":16,"turns":6},{"damage":27,"enemies":"downfall:LooterAlt2","floor":19,"turns":4},{"damage":0,"enemies":"Shell Parasite","floor":21,"turns":4},{"damage":59,"enemies":"Snake Plant","floor":22,"turns":5},{"damage":47,"enemies":"Slavers","floor":26,"turns":2}],"seed_played":"5661373043043672580","potions_obtained":[{"floor":2,"key":"Fire Potion"},{"floor":8,"key":"DistilledChaos"},{"floor":11,"key":"GamblersBrew"},{"floor":14,"key":"Swift Potion"},{"floor":19,"key":"FearPotion"},{"floor":22,"key":"ColorlessPotion"}],"is_trial":false,"path_per_floor":["R","M","$","?","M","?","T","M","M","R","M","E","R","M","M","B",null,"R","M","?","M","M","R","T","R","E"],"character_chosen":"THE_CHAMP","items_purchased":["Shuriken","Strange Spoon"],"campfire_rested":0,"item_purchase_floors":[3,3],"current_hp_per_floor":[99,94,94,94,94,94,94,94,91,91,80,69,69,69,67,58,99,99,87,87,87,43,43,43,43,0,0,0],"gold":506,"neow_bonus":"TEN_PERCENT_HP_BONUS","is_daily":false,"chose_seed":false,"campfire_upgraded":5,"win_rate":0.0,"timestamp":1614427019,"path_taken":["R","M","$","?","M","?","T","M","M","R","?","E","R","M","M","BOSS","R","M","?","M","M","R","T","R","E"],"items_purchased_type":["Relic","Relic"],"build_version":"2020-12-22","purchased_purges":0,"victory":false,"max_hp_per_floor":[99,99,99,99,99,99,99,99,99,99,99,99,99,99,99,99,99,99,99,99,99,99,99,99,99,99,99,99],"card_choices":[{"not_picked":["champ:PerfectedStrike","champ:EnragedBash"],"picked":"champ:Endure","floor":2},{"not_picked":["champ:CrownThrow","champ:FaceSlap"],"picked":"champ:BringItOn","floor":3},{"not_picked":["champ:DefensiveShout","champ:Endure"],"picked":"champ:FlashCut","floor":5},{"not_picked":["champ:CrownThrow","champ:CalledShot"],"picked":"champ:PreciseThrust","floor":8},{"not_picked":["champ:PreciseThrust","champ:Shatter"],"picked":"champ:FlashCut","floor":9},{"not_picked":["champ:FanOfKnives","champ:FocusedDefense"],"picked":"champ:MurderStrike","floor":11},{"not_picked":["champ:FocusedBerserking","champ:ShieldThrow"],"picked":"champ:ArenaPreparation","floor":12},{"not_picked":["champ:Endure","champ:EnragedBash"],"picked":"champ:EnGarde","floor":14},{"not_picked":["champ:AdrenalArmor","champ:BringItOn"],"picked":"champ:PreciseThrust","floor":15},{"not_picked":["champ:MurderStrike","champ:IgnorePain"],"picked":"champ:Devastate","floor":16},{"not_picked":["champ:CrownThrow","champ:GutPunch"],"picked":"champ:Circumvent","floor":19},{"not_picked":["champ:StanceDance","champ:CrownThrow"],"picked":"champ:SkillfulDodge","floor":21},{"not_picked":["champ:CalledShot+1","champ:Haymaker"],"picked":"champ:RapidStrikes","floor":22}],"player_experience":168771,"relics_obtained":[{"floor":12,"key":"Gambling Chip"},{"floor":24,"key":"hubris:DuctTape"}],"event_choices":[{"damage_healed":0,"gold_gain":0,"player_choice":"Read","damage_taken":0,"max_hp_gain":0,"max_hp_loss":0,"event_name":"The Library","floor":20,"gold_loss":0,"cards_obtained":["champ:FocusedDefense"]}],"is_beta":false,"boss_relics":[{"not_picked":["hubris:VirtuousBlindfold","Snecko Eye"],"picked":"hubris:Stopwatch"}],"items_purged_floors":[],"is_endless":false,"potions_floor_spawned":[2,8,11,14,15,19,22],"killed_by":"Slavers","ascension_level":0}}