{"host":"lg1piimdyocafd6j","time":1614430274,"event":{"mods":["AchievementEnabler","BaseMod","Better Third Choice","BetterRewards","Colored Map","Colored Powertips","Downfall","Minty Spire (QoL Compilation)","Quick Restart","Rare Cards Sparkle","Remove Card Discount Mod","Shop Mod","StSLib","SuperFastMode"],"gold_per_floor":[115,115,131,131,141,172,190,190,217,237,237,237,250,270,270,372,372,383,399,399,414,169,169,189,216,216,216,234,234,234,257,257,357,357,373,419,434,434,434,434,466,466,489,489,507,251,266,266,266,266,266,266,35,61,61],"floor_reached":56,"language":"ENG","playtime":2739,"items_purged":["Strike_B","Strike_B","Steam","Heatsinks","Strike_B","Strike_B","Defend_B","Defend_B","Dualcast","Zap","Defend_B","Defend_B","Leap","Leap","Machine Learning","Secret Technique"],"score":1247,"play_id":"f7c0376f-b8ef-4a56-a0fc-90e012e68155","local_time":"20210227135114","is_ascension_mode":false,"campfire_choices":[{"floor":8,"key":"RECALL"},{"data":"Redo","floor":11,"key":"SMITH"},{"floor":15,"key":"REST"},{"data":"Loop","floor":23,"key":"SMITH"},{"data":"Darkness","floor":27,"key":"SMITH"},{"floor":30,"key":"REST"},{"data":"Loop","floor":32,"key":"SMITH"},{"data":"Echo Form","floor":40,"key":"SMITH"},{"data":"Reinforced Body","floor":42,"key":"SMITH"},{"data":"Reinforced Body","floor":44,"key":"SMITH"},{"floor":49,"key":"REST"},{"data":"Reboot","floor":52,"key":"SMITH"}],"circlet_count":0,"master_deck":["Reinforced Body+1","Leap+1","Darkness+1","Conserve Battery+1","Loop+1","Redo+1","Redo+1","Conserve Battery+1","Reboot+1","Leap+1","Loop+1","Reinforced Body+1","Echo Form+1"],"relics":["Orrery","Tiny Chest","Strawberry","Velvet Choker","MerchantsRug","DollysMirror","Darkstone Periapt","Oddly Smooth Stone","SlaversCollar","HornCleat","Potion Belt","Bottled Lightning","Molten Egg 2","Bag of Preparation","Whetstone"],"acts_visited":["Exordium","TheCity","TheBeyond","TheEnding"],"potions_floor_usage":[54,54,55],"damage_taken":[{"damage":0,"enemies":"Cultist","floor":1,"turns":3},{"damage":0,"enemies":"Small Slimes","floor":3,"turns":3},{"damage":0,"enemies":"2 Louse","floor":5,"turns":3},{"damage":0,"enemies":"Lagavulin","floor":6,"turns":5},{"damage":0,"enemies":"Blue Slaver","floor":7,"turns":3},{"damage":1,"enemies":"Lots of Slimes","floor":10,"turns":5},{"damage":0,"enemies":"2 Fungi Beasts","floor":13,"turns":3},{"damage":6,"enemies":"Large Slime","floor":14,"turns":3},{"damage":1,"enemies":"The Guardian","floor":16,"turns":9},{"damage":5,"enemies":"3 Byrds","floor":18,"turns":5},{"damage":0,"enemies":"Chosen","floor":19,"turns":4},{"damage":12,"enemies":"Shelled Parasite and Fungi","floor":21,"turns":5},{"damage":0,"enemies":"Snake Plant","floor":24,"turns":4},{"damage":0,"enemies":"Slavers","floor":25,"turns":8},{"damage":0,"enemies":"Centurion and Healer","floor":28,"turns":4},{"damage":4,"enemies":"Collector","floor":33,"turns":8},{"damage":14,"enemies":"3 Darklings","floor":35,"turns":4},{"damage":2,"enemies":"Orb Walker","floor":37,"turns":3},{"damage":0,"enemies":"Giant Head","floor":41,"turns":7},{"damage":5,"enemies":"Spire Growth","floor":45,"turns":6},{"damage":0,"enemies":"3 Darklings","floor":47,"turns":4},{"damage":12,"enemies":"Donu and Deca","floor":50,"turns":7},{"damage":15,"enemies":"Shield and Spear","floor":54,"turns":7},{"damage":37,"enemies":"The Heart","floor":55,"turns":8}],"seed_played":"-9209024410246094327","potions_obtained":[{"floor":6,"key":"AttackPotion"},{"floor":7,"key":"Explosive Potion"},{"floor":10,"key":"SpeedPotion"},{"floor":24,"key":"LiquidBronze"},{"floor":37,"key":"DistilledChaos"},{"floor":54,"key":"bronze:BurnAndBuffPotion"}],"is_trial":false,"path_per_floor":["M","?","M","?","M","E","M","R","T","M","R","?","M","M","R","B",null,"M","M","?","M","$","R","M","E","T","R","M","?","R","T","R","B",null,"M","$","M","?","?","R","E","R","T","R","M","$","M","T","R","B",null,"R","$","E","B",null],"character_chosen":"DEFECT","items_purchased":["Orrery","Conserve Battery","Loop","Redo","Lockon","Redo","MerchantsRug","DollysMirror","Bottled Lightning","Bag of Preparation","Guardian:BlockOnCardUsePotion"],"campfire_rested":3,"item_purchase_floors":[0,0,0,0,0,0,22,22,46,53,53],"current_hp_per_floor":[75,60,60,65,65,65,65,65,65,64,64,50,50,44,70,69,87,82,82,82,70,70,70,70,70,70,70,70,54,80,80,80,76,87,73,73,71,71,71,71,71,71,71,71,66,66,66,66,87,75,87,87,87,72,35],"gold":61,"neow_bonus":"","is_daily":false,"chose_seed":false,"campfire_upgraded":8,"win_rate":0.0,"timestamp":1614430274,"path_taken":["M","?","M","?","M","E","M","R","T","M","R","?","M","M","R","BOSS","M","M","?","M","$","R","M","E","T","R","M","?","R","?","R","BOSS","M","$","?","?","?","R","E","R","T","R","M","$","M","?","R","BOSS","R","$","E","BOSS"],"items_purchased_type":["Relic","Card","Card","Card","Card","Card","Relic","Relic","Relic","Relic","Potion"],"build_version":"2020-12-22","purchased_purges":16,"victory":true,"max_hp_per_floor":[75,75,75,80,80,80,80,80,80,80,80,87,87,87,87,87,87,87,87,87,87,87,87,87,87,87,87,87,87,87,87,87,87,87,87,87,87,87,87,87,87,87,87,87,87,87,87,87,87,87,87,87,87,87,87],"card_choices":[{"not_picked":["Rebound","Cold Snap"],"picked":"Reinforced Body","floor":0},{"not_picked":["Go for the Eyes","Hyperbeam"],"picked":"Leap","floor":0},{"not_picked":["Conserve Battery","Stack"],"picked":"Darkness","floor":0},{"not_picked":["Scrape","Streamline"],"picked":"Heatsinks","floor":0},{"not_picked":["Cold Snap","Ball Lightning"],"picked":"Steam","floor":0},{"not_picked":["Turbo","Hologram","Stack"],"picked":"SKIP","floor":1},{"not_picked":["Turbo","Gash","Streamline"],"picked":"SKIP","floor":3},{"not_picked":["Sunder","Sweeping Beam"],"picked":"Conserve Battery","floor":5},{"not_picked":["Go for the Eyes","Recycle"],"picked":"Leap","floor":6},{"not_picked":["Fusion","Rip and Tear","Gash"],"picked":"SKIP","floor":7},{"not_picked":["Steam","Reinforced Body"],"picked":"Machine Learning","floor":10},{"not_picked":["Fusion","Stack","Undo"],"picked":"SKIP","floor":13},{"not_picked":["Cold Snap","Reinforced Body","Conserve Battery"],"picked":"SKIP","floor":14},{"not_picked":["Buffer","Biased Cognition"],"picked":"Reboot","floor":16},{"not_picked":["Go for the Eyes","Sweeping Beam"],"picked":"Leap+1","floor":18},{"not_picked":["Beam Cell","Sweeping Beam"],"picked":"Leap","floor":19},{"not_picked":["Hologram","Rebound","Reprogram"],"picked":"SKIP","floor":21},{"not_picked":["Rip and Tear+1","Double Energy+1","Melter"],"picked":"SKIP","floor":24},{"not_picked":["Go for the Eyes","Blizzard"],"picked":"Reinforced Body","floor":25},{"not_picked":["Cold Snap","Gash","Sweeping Beam"],"picked":"SKIP","floor":28},{"not_picked":["Machine Learning","Seek"],"picked":"Echo Form","floor":33},{"not_picked":["Ball Lightning","Compile Driver+1","Glacier"],"picked":"SKIP","floor":35},{"not_picked":["Auto Shields","Ball Lightning+1","Reprogram+1"],"picked":"SKIP","floor":37},{"not_picked":["Transmutation","Thinking Ahead"],"picked":"Secret Technique","floor":39},{"not_picked":["Hologram+1","Streamline","Heatsinks"],"picked":"SKIP","floor":41},{"not_picked":["Hologram","Stack+1","Glacier"],"picked":"SKIP","floor":45},{"not_picked":["Compile Driver+1","Auto Shields+1","Melter+1"],"picked":"SKIP","floor":47},{"not_picked":["Sunder+1","FTL+1","Beam Cell+1"],"picked":"SKIP","floor":54}],"player_experience":244284,"relics_obtained":[{"floor":6,"key":"Tiny Chest"},{"floor":25,"key":"Smiling Mask"},{"floor":26,"key":"Darkstone Periapt"},{"floor":31,"key":"Oddly Smooth Stone"},{"floor":41,"key":"HornCleat"},{"floor":43,"key":"Potion Belt"},{"floor":48,"key":"Molten Egg 2"},{"floor":54,"key":"Whetstone"}],"event_choices":[{"damage_healed":75,"gold_gain":0,"player_choice":"Upgrade","damage_taken":15,"max_hp_gain":0,"max_hp_loss":75,"event_name":"betterThird:BetterShining","floor":2,"gold_loss":0,"cards_upgraded":["Conserve Battery","Leap"]},{"damage_healed":0,"gold_gain":0,"player_choice":"Donut","damage_taken":0,"max_hp_gain":5,"max_hp_loss":0,"event_name":"Big Fish","floor":4,"gold_loss":0},{"damage_healed":0,"gold_gain":1,"player_choice":"Relic Relic ","damage_taken":21,"max_hp_gain":0,"max_hp_loss":0,"event_name":"betterThird:BetterScrap","floor":12,"gold_loss":0,"cards_obtained":["MasterReality"]},{"damage_healed":0,"gold_gain":0,"player_choice":"Ignored","damage_taken":0,"max_hp_gain":0,"max_hp_loss":0,"event_name":"Beggar","floor":20,"gold_loss":0},{"damage_healed":0,"gold_gain":0,"player_choice":"Obtained Book","damage_taken":16,"max_hp_gain":0,"max_hp_loss":0,"event_name":"Cursed Tome","floor":29,"gold_loss":0},{"cards_removed":["Lockon"],"damage_healed":0,"gold_gain":0,"player_choice":"Removed Attack","damage_taken":0,"max_hp_gain":0,"max_hp_loss":0,"event_name":"Falling","floor":38,"gold_loss":0},{"damage_healed":0,"gold_gain":0,"player_choice":"Memory 1","damage_taken":0,"max_hp_gain":0,"max_hp_loss":0,"event_name":"SensoryStone","floor":39,"gold_loss":0}],"is_beta":false,"boss_relics":[{"not_picked":["bronze:MakeshiftBattery","Ectoplasm"],"picked":"Velvet Choker"},{"not_picked":["Coffee Dripper","Inserter"],"picked":"SlaversCollar"}],"items_purged_floors":[0,0,0,0,0,0,0,0,0,0,0,22,22,22,36,46],"is_endless":false,"potions_floor_spawned":[6,7,10,14,21,24,28,33,37,54],"ascension_level":0}}