{"host":"tdq5vwehmzjlkkx3","time":1614438514,"event":{"mods":["2.2 Compatiblity","Act Like it!","Aspiration","Astrologer","BaseMod","Beaked The Cultist","Better Altar","Better Match","Better Note","Better Sensory Stone","Better Skull","Better Third Choice","BetterRewards","Clockwork Mod","Colored Map","Colorless Booster Pack","Conjunction","Conspire","Defuse TimeMaze Blight","Displayed Cursed Tome","Downfall","Elementarium","Energized Spire","FetchMod","Friendly Minions","FruityMod","GifTheSpireLib","Glutton Mod","Gremlin Mod","Halation","Hallownest","Hermit","Highlight Path","Hubris","Infinite Spire","Key Reminder","Marisa????????","Menagerie","Mimic Mod","Minty Spire (QoL Compilation)","Pale of the Ancients","Permanent Neow","Quick Restart","Random Character Button","Reliquary","Reorder Act Four","Reworked Bosses","Ruina","SCP261 Mod","Small Relic Pack","Spire Arcade","StSLib","Stuff the Spire","The Blue Laboratory","The Clintock","The Mystic","The Runesmith","The Servant","Trackpad","Unceasing Turn Reminder","UnlockEverythingMod","Wandering Minibosses"],"gold_per_floor":[115,115,145,160,171,196,210,287,287,355,355,433,433,451,451,553,553,569,7,18,18,33,33,33,66,113,113,113,38,38,65,65,177,177,193,383,383,383,408,408,333,333,380,380,406,422,433,433,433,433,433,48,48,78,78,78],"floor_reached":55,"language":"ENG","playtime":5397,"items_purged":["Strike_MRS"],"score":729,"play_id":"f6fd0ef3-5f99-4cfa-8d34-467b0d44366d","local_time":"20210227070834","is_ascension_mode":false,"campfire_choices":[{"data":"EarthLightRay","floor":11,"key":"SMITH"},{"floor":15,"key":"REST"},{"data":"relicPack:ZaWorld","floor":23,"key":"SMITH"},{"data":"MaximisePower","floor":27,"key":"SMITH"},{"data":"EarthLightRay","floor":30,"key":"SMITH"},{"floor":32,"key":"REST"},{"floor":40,"key":"RECALL"},{"data":"BinaryStars","floor":42,"key":"SMITH"},{"data":"StarDustReverie","floor":44,"key":"SMITH"},{"floor":49,"key":"REST"},{"data":"PropBag","floor":53,"key":"SMITH"}],"circlet_count":0,"master_deck":["Strike_MRS","Strike_MRS","Strike_MRS","Defend_MRS","Defend_MRS+1","Defend_MRS","Defend_MRS","MasterSpark","UpSweep","OneTimeOff","SprinkleStarSeal","EarthLightRay+1","EnergyFlow","EarthLightRay+1","StarDustReverie+1","WitchOfGreed","OrrerysSun","MaximisePower+1","relicPack:ZaWorld+1","GasGiant+1","ruina:CobaltScar+1","BinaryStars+1","EarthLightRay","PropBag+1","SprinkleStarSeal"],"relics":["MiniHakkero","aspiration:DSix","halation:PinkSoulGem","Runesmith:Nanobots","hubris:MobiusCoin","trackpad:WindUpAutoDealer","relicPack:OneForAll","relicPack:StarArrow","trackpad:ZombieHeart","StuffTheSpire:HeavyRock","infinitespire:Beetle Shell","reliquary:Buckler","reliquary:RedCape","halation:StarCompass","wanderingMiniBosses:CarrionFlame","Boot","infinitespire:Satchel","Pen Nib","Mummified Hand"],"acts_visited":["Exordium","Exordium","TheBeyond","TheEnding"],"potions_floor_usage":[6,14,16,22,25,31,33,33,35,39,45,47,47,50],"damage_taken":[{"damage":10,"enemies":"Small Slimes","floor":1,"turns":3},{"damage":14,"enemies":"conspire:MimicChest","floor":3,"turns":6},{"damage":0,"enemies":"2 Louse","floor":4,"turns":2},{"damage":0,"enemies":"conspire:RoseBush","floor":5,"turns":3},{"damage":21,"enemies":"Gremlin Nob","floor":6,"turns":4},{"damage":2,"enemies":"conspire:2 RoseBushes","floor":7,"turns":7},{"damage":16,"enemies":"Lagavulin","floor":8,"turns":5},{"damage":24,"enemies":"Lots of Slimes","floor":10,"turns":7},{"damage":15,"enemies":"Blue Slaver","floor":12,"turns":7},{"damage":5,"enemies":"3 Louse","floor":14,"turns":4},{"damage":14,"enemies":"Hexaghost","floor":16,"turns":7},{"damage":17,"enemies":"ruina:Nosferatu","floor":18,"turns":8},{"damage":19,"enemies":"ruina:3_Bats","floor":20,"turns":4},{"damage":1,"enemies":"ruina:QueenOfHate","floor":22,"turns":1},{"damage":0,"enemies":"ruina:KnightOfDespair","floor":25,"turns":3},{"damage":2,"enemies":"ruina:3_Scarecrows","floor":26,"turns":10},{"damage":20,"enemies":"ruina:3_Scarecrows","floor":31,"turns":7},{"damage":32,"enemies":"ruina:Red_and_Wolf","floor":33,"turns":11},{"damage":7,"enemies":"Orb Walker","floor":35,"turns":5},{"damage":26,"enemies":"3 Shapes","floor":39,"turns":6},{"damage":11,"enemies":"Maw","floor":45,"turns":13},{"damage":0,"enemies":"4 Shapes","floor":46,"turns":1},{"damage":24,"enemies":"Jaw Worm Horde","floor":47,"turns":2},{"damage":26,"enemies":"bossMod:newShapes","floor":50,"turns":7},{"damage":66,"enemies":"Shield and Spear","floor":54,"turns":5},{"damage":68,"enemies":"The Heart","floor":55,"turns":3}],"seed_played":"-413974420323766639","potions_obtained":[{"floor":3,"key":"BlessingOfTheForge"},{"floor":7,"key":"blueLaboratory:EnragingPotion"},{"floor":10,"key":"Swift Potion"},{"floor":14,"key":"champ:CounterPotion"},{"floor":20,"key":"SCP261:ThunderBarPotion"},{"floor":22,"key":"BlessingOfTheForge"},{"floor":25,"key":"Block Potion"},{"floor":26,"key":"blueLaboratory:FruitPunch"},{"floor":31,"key":"Ancient Potion"},{"floor":31,"key":"PowerPotion"},{"floor":33,"key":"SteroidPotion"},{"floor":35,"key":"Conjunction:LightningMarble"},{"floor":36,"key":"SCP261:PenguinPunchPotion"},{"floor":39,"key":"blueLaboratory:HummingbirdPotion"},{"floor":45,"key":"PowerPotion"},{"floor":45,"key":"blueLaboratory:Moonshine"},{"floor":54,"key":"SCP261:DewritoBlazePotion"}],"is_trial":false,"path_per_floor":["M","?","?","M","M","E","M","E","T","M","R","M","?","M","R","B",null,"M","$","M","?","M","R","?","M","MIM","R","?","?","R","M","R","B",null,"M","?","?","?","M","R","?","R","T","R","M","M","M","?","R","B",null,"$","R","E","B"],"character_chosen":"MARISA","items_purchased":["trackpad:ZombieHeart","ruina:CobaltScar","Boot","PropBag","infinitespire:Satchel"],"campfire_rested":3,"item_purchase_floors":[19,19,52,52,52],"current_hp_per_floor":[65,65,51,51,55,38,44,36,36,16,16,11,11,16,38,34,75,61,61,55,55,55,55,24,31,40,40,48,48,48,39,67,48,95,89,89,89,89,78,78,78,78,78,78,81,85,74,74,106,84,110,110,110,52,0,0],"gold":78,"neow_bonus":"DSIX","is_daily":false,"chose_seed":false,"campfire_upgraded":7,"win_rate":0.0,"timestamp":1614438514,"path_taken":["M","?","?","M","M","E","M","E","T","M","R","M","?","?","R","BOSS","M","$","M","?","M","R","?","M","MIM","R","?","?","R","M","R","BOSS","M","?","?","?","M","R","?","R","T","R","M","?","M","?","R","BOSS","$","R","E","BOSS"],"items_purchased_type":["Relic","Card","Relic","Card","Relic"],"build_version":"2020-12-22","purchased_purges":1,"victory":false,"max_hp_per_floor":[75,75,75,75,75,75,75,75,75,75,75,75,75,75,75,75,75,75,75,78,78,79,79,79,80,81,81,89,89,89,94,94,95,95,96,96,96,96,99,99,99,99,99,99,101,105,108,108,108,110,110,110,110,112,112,112],"card_choices":[{"not_picked":["NonDirectionalLaser","WitchLeyline"],"picked":"OneTimeOff","floor":1},{"not_picked":["UnstableBomb","ChargingUp"],"picked":"SprinkleStarSeal","floor":3},{"not_picked":["MilkyWay","UnstableBomb"],"picked":"EarthLightRay","floor":4},{"not_picked":["PropBag","GalacticHalo"],"picked":"EnergyFlow","floor":5},{"not_picked":["SporeBomb","GalacticHalo"],"picked":"EarthLightRay","floor":6},{"not_picked":["PulseMagic","OpenUniverse"],"picked":"StarDustReverie","floor":7},{"not_picked":["DoubleSpark","NonDirectionalLaser","SporeBomb"],"picked":"SKIP","floor":8},{"not_picked":["SporeBomb","GalacticHalo"],"picked":"WitchOfGreed","floor":10},{"not_picked":["DoubleSpark","EnergyRecoil"],"picked":"OrrerysSun","floor":12},{"not_picked":["ManaConvection","MeteoricShower","ShootingEcho"],"picked":"SKIP","floor":14},{"not_picked":["EscapeVelocity","ManaRampage"],"picked":"MaximisePower","floor":16},{"not_picked":["MeteoricShower","DoubleSpark"],"picked":"GasGiant+1","floor":18},{"not_picked":["OneTimeOff","IllusionStar","SprinkleStarSeal"],"picked":"SKIP","floor":20},{"not_picked":["WitchOfGreed","WitchLeyline","MysteriousBeam"],"picked":"SKIP","floor":22},{"not_picked":["IllusionStar+1","StarBarrage","AlicesGift"],"picked":"SKIP","floor":25},{"not_picked":["ManaConvection+1","DarkSpark","MilkyWay"],"picked":"SKIP","floor":31},{"not_picked":["StarDustReverie","TreasureHunter"],"picked":"BinaryStars","floor":33},{"not_picked":["EventHorizon","IllusionStar","PowerUp"],"picked":"SKIP","floor":35},{"not_picked":["GravityBeat","IllusionStar","EnergyRecoil+1"],"picked":"SKIP","floor":39},{"not_picked":["EscapeVelocity","Robbery+1"],"picked":"EarthLightRay","floor":45},{"not_picked":["GalacticHalo+1","ChargingUp","DoubleSpark"],"picked":"SKIP","floor":46},{"not_picked":["ManaConvection","DoubleSpark","ShootTheMoon"],"picked":"SKIP","floor":47},{"not_picked":["6A","CollectingQuirk"],"picked":"SprinkleStarSeal","floor":54}],"player_experience":413411,"relics_obtained":[{"floor":3,"key":"Runesmith:Nanobots"},{"floor":6,"key":"hubris:MobiusCoin"},{"floor":8,"key":"trackpad:WindUpAutoDealer"},{"floor":26,"key":"reliquary:Buckler"},{"floor":45,"key":"wanderingMiniBosses:CarrionFlame"},{"floor":54,"key":"Pen Nib"}],"event_choices":[{"damage_healed":0,"gold_gain":0,"player_choice":"RE RE ","damage_taken":35,"relics_obtained":["StuffTheSpire:HeavyRock","infinitespire:Beetle Shell"],"max_hp_gain":0,"max_hp_loss":0,"event_name":"betterSkull:BetterSkull","floor":24,"gold_loss":0,"cards_upgraded":[]},{"damage_healed":0,"gold_gain":0,"player_choice":"3","damage_taken":0,"max_hp_gain":0,"max_hp_loss":0,"event_name":"betterMatch:BetterMatch","floor":29,"gold_loss":0,"cards_obtained":[]},{"damage_healed":0,"gold_gain":0,"player_choice":"3","damage_taken":0,"max_hp_gain":0,"max_hp_loss":0,"event_name":"betterMatch:BetterMatch","floor":41,"gold_loss":0,"cards_obtained":[]}],"is_beta":false,"boss_relics":[{"not_picked":["halation:CatFaceCupcake","Pandora\u0027s Box"],"picked":"relicPack:StarArrow"},{"not_picked":["conspire:RunicOctahedron","Runic Pyramid"],"picked":"reliquary:RedCape"}],"items_purged_floors":[19],"is_endless":false,"potions_floor_spawned":[3,7,10,14,20,22,31,35,45,46,54],"killed_by":"The Heart","ascension_level":0}}