{"host":"sav7uxregyirlf69","time":1614436619,"event":{"mods":["AchievementEnabler","BaseMod","Colored Map","DeckTracker","Keyboard Shortcuts","Minty Spire (QoL Compilation)","READ ME - Guardian Mod","StSLib","SuperFastMode"],"gold_per_floor":[13,13,37,37,51,51,71,71,94,132,132,51,75,96,96,96,195,195,220,243,32,32,32,52,52,52,52],"floor_reached":26,"language":"KOR","playtime":431,"items_purged":[],"score":416,"play_id":"70ce7f11-ee8a-4b08-89a4-9e46608b96c2","local_time":"20210227233659","is_ascension_mode":true,"campfire_choices":[{"data":"Reflex","floor":6,"key":"SMITH"},{"data":"Poisoned Stab","floor":8,"key":"SMITH"},{"floor":11,"key":"REST"},{"data":"Crippling Poison","floor":16,"key":"SMITH"},{"floor":25,"key":"REST"}],"circlet_count":0,"master_deck":["AscendersBane","Strike_G","Strike_G","Strike_G","Defend_G","Defend_G","Defend_G","Defend_G","Defend_G","Survivor","Neutralize","Reflex+1","Dagger Throw","Poisoned Stab+1","Noxious Fumes+1","Prepared","Crippling Poison+1","After Image","Acrobatics+1","Blade Dance","Footwork+1"],"relics":["Ring of the Snake","Incense Burner","Golden Idol","Potion Belt","Bag of Marbles","Empty Cage","PreservedInsect"],"acts_visited":["Exordium","TheCity"],"potions_floor_usage":[14,24],"damage_taken":[{"damage":0,"enemies":"2 Louse","floor":1,"turns":3},{"damage":7,"enemies":"Jaw Worm","floor":3,"turns":6},{"damage":2,"enemies":"Small Slimes","floor":5,"turns":3},{"damage":1,"enemies":"Blue Slaver","floor":7,"turns":7},{"damage":30,"enemies":"Lagavulin","floor":10,"turns":8},{"damage":4,"enemies":"Red Slaver","floor":13,"turns":5},{"damage":0,"enemies":"2 Fungi Beasts","floor":14,"turns":2},{"damage":23,"enemies":"Hexaghost","floor":17,"turns":9},{"damage":11,"enemies":"Chosen","floor":19,"turns":6},{"damage":24,"enemies":"2 Thieves","floor":20,"turns":5},{"damage":2,"enemies":"Sentry and Sphere","floor":24,"turns":5},{"damage":45,"enemies":"Slavers","floor":26,"turns":4}],"seed_played":"7577260680287752465","potions_obtained":[{"floor":1,"key":"SpeedPotion"},{"floor":3,"key":"Explosive Potion"},{"floor":17,"key":"SteroidPotion"},{"floor":20,"key":"DistilledChaos"}],"is_trial":false,"path_per_floor":["M","?","M","?","M","R","M","R","T","E","R","$","M","M","?","R","B",null,"M","M","$","?","?","M","R","E"],"character_chosen":"THE_SILENT","items_purchased":["Noxious Fumes","PreservedInsect","Footwork"],"campfire_rested":2,"item_purchase_floors":[12,21,21],"current_hp_per_floor":[59,59,52,57,55,55,54,54,54,24,43,43,39,39,39,39,16,53,42,18,18,18,18,16,35,0,0],"gold":52,"neow_bonus":"ONE_RARE_RELIC","is_daily":false,"chose_seed":false,"campfire_upgraded":3,"win_rate":0.0,"timestamp":1614436619,"path_taken":["M","?","M","?","M","R","M","R","T","E","R","?","M","M","?","R","BOSS","M","M","$","?","?","?","R","E"],"items_purchased_type":["Card","Relic","Card"],"build_version":"2020-12-22","purchased_purges":0,"victory":false,"max_hp_per_floor":[66,60,60,65,65,65,65,65,65,65,65,65,65,65,65,65,65,65,65,65,65,65,65,65,65,65,65],"card_choices":[{"not_picked":["Dodge and Roll","Bane"],"picked":"Reflex","floor":1},{"not_picked":["Bane","Acrobatics","Expertise"],"picked":"SKIP","floor":3},{"not_picked":["Backflip","Cloak And Dagger"],"picked":"Dagger Throw","floor":5},{"not_picked":["Quick Slash","PiercingWail"],"picked":"Poisoned Stab","floor":7},{"not_picked":["Burst","Finisher","All Out Attack"],"picked":"SKIP","floor":10},{"not_picked":["Flying Knee","Masterful Stab"],"picked":"Prepared","floor":13},{"not_picked":["Underhanded Strike","Backflip"],"picked":"Crippling Poison","floor":14},{"not_picked":["Envenom","Night Terror"],"picked":"After Image","floor":17},{"not_picked":["Flying Knee","PiercingWail"],"picked":"Acrobatics+1","floor":19},{"not_picked":["Expertise","Quick Slash"],"picked":"Blade Dance","floor":20},{"not_picked":["PiercingWail+1","Flechettes","Quick Slash+1"],"picked":"SKIP","floor":24}],"player_experience":1720933,"relics_obtained":[{"floor":9,"key":"Potion Belt"},{"floor":10,"key":"Bag of Marbles"}],"event_choices":[{"damage_healed":0,"gold_gain":0,"player_choice":"Lose Max HP","damage_taken":0,"relics_obtained":["Golden Idol"],"max_hp_gain":0,"max_hp_loss":6,"event_name":"Golden Idol","floor":2,"gold_loss":0},{"damage_healed":0,"gold_gain":0,"player_choice":"Donut","damage_taken":0,"max_hp_gain":5,"max_hp_loss":0,"event_name":"Big Fish","floor":4,"gold_loss":0},{"damage_healed":0,"gold_gain":0,"player_choice":"Grow","damage_taken":0,"max_hp_gain":0,"max_hp_loss":0,"event_name":"Living Wall","floor":15,"gold_loss":0,"cards_upgraded":["Noxious Fumes"]},{"damage_healed":0,"gold_gain":0,"player_choice":"Upgraded","damage_taken":0,"max_hp_gain":0,"max_hp_loss":0,"event_name":"Upgrade Shrine","floor":23,"gold_loss":0,"cards_upgraded":["Footwork"]}],"is_beta":false,"boss_relics":[{"not_picked":["Busted Crown","Velvet Choker"],"picked":"Empty Cage"}],"items_purged_floors":[],"is_endless":false,"potions_floor_spawned":[1,3,17,20],"killed_by":"Slavers","ascension_level":20}}