{"host":"jr8vrtwn64siegs0","time":1614448358,"event":{"mods":["2.2 Compatiblity","Aspiration","BaseMod","Better Third Choice","BetterRewards","Colored Map","Downfall","Friendly Minions","Hubris","Jorbs\u0027s Wanderer Trilogy","Minty Spire (QoL Compilation)","Quick Restart","Shop Mod","StSLib","The Bug Knight","everything is the same but u backflip on backflip"],"gold_per_floor":[0,29,47,73,103,38,65,165,186,214,214,214,214,249,261,362,362,362,379,95,95,9,9,9,209,37,37,37,72,72,127,159,281,281,281,308,351,409,486,531,531,538,538,592,592,638,244,244,265,275],"floor_reached":51,"language":"ENG","playtime":6031,"items_purged":["hubris:Strike_Merchant","Strike_B","downfall:Haunted","Sunder"],"score":966,"play_id":"bcbf36a3-77e6-48cb-a333-9fc3327561bf","local_time":"20210227095238","daily_mods":["Draft","Flight","downfall:ChampStances","Diverse","Colorless Cards"],"is_ascension_mode":false,"campfire_choices":[{"data":"hubris:MerchantsHand","floor":1.0,"key":"SMITH"},{"data":"Guardian:RefractedBeam","floor":11.0,"key":"SMITH"},{"floor":13.0,"key":"REST"},{"data":"HollowMod:LifebloodCore","floor":18.0,"key":"SMITH"},{"data":"expansioncontent:QuickStudy","floor":28.0,"key":"SMITH"},{"data":"Guardian:RefractedBeam+1","floor":30,"key":"SMITH"},{"floor":35,"key":"RECALL"}],"circlet_count":0,"master_deck":["Strike_R","Defend_R","Defend_G","Defend_B","hubris:Defend_Merchant","hubris:MerchantsHand+1","hubris:MerchantsHand","Guardian:RefractedBeam+2","Purity","stsjorbsmod:Materialize","hexamod:NightmareGuise","Blur","Slimebound:ComboTackle","HollowMod:GrimmsGift","sneckomod:RainOfDice","sneckomod:Unknown2Cost","Cloak And Dagger","Slimebound:SlimeSpikes","Warcry","stsjorbsmod:ChainLightning","Underhanded Strike","stsjorbsmod:DisguiseSelf","stsjorbsmod:Hurt","Beam Cell","sneckomod:UnknownClassBLUE","Iron Wave","HollowMod:LifebloodCore+1","Guardian:Planning+1","Guardian:Recover","expansioncontent:PolyBeam+1","Vengeance","stsjorbsmod:Prestidigitation","Necronomicurse","expansioncontent:QuickStudy+1","stsjorbsmod:LocateObject+1","stsjorbsmod:HedgeWizard","Intimidate","Wish","sneckomod:UnknownClassWANDERER_GRAY_COLOR+1","Guardian:Recover+1","Terror","Guardian:FierceBash","expansioncontent:AwakenDeath","hubris:TrickCloak","Heavy Blade+1"],"relics":["Smiling Mask","hubris:NiceRug","champ:ChampStancesModRelic","aspiration:Lifesprig","hubris:EvacipatedBox","FossilizedHelix","White Beast Statue","Boot","aspiration:IroncladSkillbook","Membership Card","MerchantsRug","Juzu Bracelet","Necronomicon","Strawberry","champ:FightingForDummies","hubris:Towel","Blood Vial","hubris:BottledRain","Fusion Hammer","Thread and Needle","PreservedInsect","Art of War","Nunchaku","hexamod:Sixitude","Lee\u0027s Waffle","Blue Candle","Anchor","MawBank","Ice Cream","HollowMod:JonisBlessing","Bronze Scales","hubris:Icosahedron"],"acts_visited":["Exordium","TheCity","TheBeyond"],"potions_floor_usage":[31,33,33,37,38,42,46,46,50,50,50],"damage_taken":[{"damage":0.0,"enemies":"Small Slimes","floor":2.0,"turns":5.0},{"damage":0.0,"enemies":"Cultist","floor":3.0,"turns":5.0},{"damage":14.0,"enemies":"Jaw Worm","floor":4.0,"turns":3.0},{"damage":44.0,"enemies":"Exordium Thugs","floor":5.0,"turns":4.0},{"damage":10.0,"enemies":"downfall:FleeingMerchant","floor":6.0,"turns":4.0},{"damage":0.0,"enemies":"3 Louse","floor":9.0,"turns":2.0},{"damage":3.0,"enemies":"Large Slime","floor":10.0,"turns":3.0},{"damage":0.0,"enemies":"Gremlin Nob","floor":14.0,"turns":4.0},{"damage":15.0,"enemies":"downfall:LooterAlt","floor":15.0,"turns":3.0},{"damage":18.0,"enemies":"WA_ARCHETYPE_RETAIN","floor":16.0,"turns":5.0},{"damage":0.0,"enemies":"Shell Parasite","floor":19.0,"turns":6.0},{"damage":5.0,"enemies":"downfall:FleeingMerchant","floor":20.0,"turns":4.0},{"damage":3.0,"enemies":"downfall:FleeingMerchant","floor":22.0,"turns":4.0},{"damage":0.0,"enemies":"downfall:FleeingMerchant","floor":26.0,"turns":4.0},{"damage":27.0,"enemies":"Slavers","floor":29.0,"turns":6.0},{"damage":18,"enemies":"Gremlin Leader","floor":31,"turns":7},{"damage":0,"enemies":"Chosen","floor":32,"turns":5},{"damage":0,"enemies":"IC_MUSHROOM_ARCHETYPE","floor":33,"turns":7},{"damage":19,"enemies":"3 Shapes","floor":36,"turns":2},{"damage":5,"enemies":"3 Darklings","floor":37,"turns":5},{"damage":5,"enemies":"Maw","floor":38,"turns":8},{"damage":13,"enemies":"2 Orb Walkers","floor":39,"turns":4},{"damage":0,"enemies":"downfall:FleeingMerchant","floor":42,"turns":3},{"damage":0,"enemies":"HollowMod:StalkingDevout","floor":44,"turns":4},{"damage":0,"enemies":"Reptomancer","floor":46,"turns":5},{"damage":7,"enemies":"Sphere and 2 Shapes","floor":49,"turns":5},{"damage":0,"enemies":"DF_ARCHETYPE_ORBS","floor":50,"turns":10}],"seed_played":"-4472702437190195473","potions_obtained":[{"floor":3.0,"key":"Weak Potion"},{"floor":4.0,"key":"champ:TechniquePotion"},{"floor":9.0,"key":"Weak Potion"},{"floor":14.0,"key":"Explosive Potion"},{"floor":15.0,"key":"PowerPotion"},{"floor":16.0,"key":"Block Potion"},{"floor":19.0,"key":"champ:UltimateStancePotion"},{"floor":20.0,"key":"Fire Potion"},{"floor":22.0,"key":"Swift Potion"},{"floor":26.0,"key":"bronze:BurnAndBuffPotion"},{"floor":29,"key":"SteroidPotion"},{"floor":31,"key":"champ:CounterPotion"},{"floor":32,"key":"Fire Potion"},{"floor":33,"key":"Energy Potion"},{"floor":36,"key":"Energy Potion"},{"floor":37,"key":"LiquidMemories"},{"floor":38,"key":"sneckomod:MuddlingPotion"},{"floor":39,"key":"DistilledChaos"},{"floor":42,"key":"SpeedPotion"},{"floor":44,"key":"Fire Potion"},{"floor":46,"key":"DuplicationPotion"},{"floor":49,"key":"sneckomod:MuddlingPotion"}],"is_trial":true,"path_per_floor":["R","M","M","M","M","$","T","?","M","M","R","$","R","E","M","B",null,"R","M","$","?","$","?","T","?","$","?","R","E","R","E","M","B",null,"R","M","M","M","?","T","T","$","?","E","?","E","$","?","M","B",null],"character_chosen":"THE_CHAMP","items_purchased":["hubris:EvacipatedBox","FossilizedHelix","White Beast Statue","Membership Card","expansioncontent:PolyBeam+1","MerchantsRug","Juzu Bracelet","stsjorbsmod:Prestidigitation","expansioncontent:QuickStudy","champ:FightingForDummies","Terror","Nunchaku","hexamod:Sixitude","Lee\u0027s Waffle","Ice Cream","HollowMod:JonisBlessing","Bronze Scales","expansioncontent:AwakenDeath","hubris:TrickCloak"],"campfire_rested":1,"item_purchase_floors":[12,12,12,20,20,20,22,22,26,26,42,42,42,42,47,47,47,47,47],"current_hp_per_floor":[75,75,75,66,62,62,62,62,62,59,59,5,27,27,32,24,75,75,75,75,75,75,59,66,66,70,70,70,47,47,40,46,52,82,82,82,82,82,82,82,82,89,84,89,89,89,89,89,82,82],"gold":275,"neow_bonus":"","is_daily":false,"chose_seed":false,"campfire_upgraded":5,"win_rate":0.0,"timestamp":1614448358,"path_taken":["R","M","M","M","M","$","T","?","?","M","R","?","R","E","M","BOSS","R","M","$","?","?","?","T","?","?","?","R","E","R","E","M","BOSS","R","M","M","M","?","?","T","$","?","E","?","E","$","?","M","BOSS"],"items_purchased_type":["Relic","Relic","Relic","Relic","Card","Relic","Relic","Card","Card","Relic","Card","Relic","Relic","Relic","Relic","Relic","Relic","Card","Card"],"build_version":"2020-12-22","purchased_purges":4,"victory":true,"max_hp_per_floor":[75,75,75,75,75,75,75,75,75,75,75,75,75,75,75,75,75,75,75,75,75,75,75,82,82,82,82,82,82,82,82,82,82,82,82,82,82,82,82,82,82,89,89,89,89,89,89,89,89,89],"card_choices":[{"not_picked":["champ:Shatter","hexamod:Incineration"],"picked":"Guardian:RefractedBeam","floor":0.0},{"not_picked":["bronze:ForLoop","Guardian:Gem_White"],"picked":"Purity","floor":0.0},{"not_picked":["Coolheaded","Guardian:Gem_Green"],"picked":"stsjorbsmod:Materialize","floor":0.0},{"not_picked":["champ:GutPunch","Iron Wave"],"picked":"hexamod:NightmareGuise","floor":0.0},{"not_picked":["Heavy Blade","HollowMod:CycloneSlash"],"picked":"Blur","floor":0.0},{"not_picked":["Go for the Eyes","champ:CrookedStrike"],"picked":"Slimebound:ComboTackle","floor":0.0},{"not_picked":["bronze:ForLoop","Conserve Battery"],"picked":"Guardian:Gem_Cyan","floor":0.0},{"not_picked":["Guardian:Repulse","champ:BerserkersShout"],"picked":"HollowMod:GrimmsGift","floor":0.0},{"not_picked":["Prostrate","HollowMod:GoodIntentions"],"picked":"sneckomod:RainOfDice","floor":0.0},{"not_picked":["champ:AdrenalArmor","hubris:ReadiedAction"],"picked":"sneckomod:Unknown2Cost","floor":0.0},{"not_picked":["Spot Weakness","Force Field"],"picked":"Cloak And Dagger","floor":0.0},{"not_picked":["Force Field","sneckomod:UnknownDraw"],"picked":"Slimebound:SlimeSpikes","floor":0.0},{"not_picked":["hexamod:HauntingEcho","sneckomod:Memorize"],"picked":"Warcry","floor":0.0},{"not_picked":["ThirdEye","Guardian:Recover"],"picked":"stsjorbsmod:ChainLightning","floor":0.0},{"not_picked":["stsjorbsmod:Firebolt","hexamod:EmpoweredFlame"],"picked":"Underhanded Strike","floor":0.0},{"not_picked":["bronze:Fortify","Dodge and Roll"],"picked":"stsjorbsmod:DisguiseSelf","floor":2.0},{"not_picked":["champ:RisingSlash","Halt","hexamod:ThermalTransfer"],"picked":"SKIP","floor":3.0},{"not_picked":["Enlightenment","bronze:Boost"],"picked":"stsjorbsmod:Hurt","floor":4.0},{"not_picked":["Body Slam","sneckomod:RainOfDice"],"picked":"Beam Cell","floor":5.0},{"not_picked":["bronze:Branch","bronze:Separator"],"picked":"Sunder","floor":6.0},{"not_picked":["Blizzard","Guardian:Gem_Lightblue"],"picked":"sneckomod:UnknownClassBLUE","floor":9.0},{"not_picked":["Hemokinesis","Clash","HollowMod:WraithStrike"],"picked":"SKIP","floor":10.0},{"not_picked":["Burning Pact","Guardian:Gem_Purple"],"picked":"Iron Wave","floor":14.0},{"not_picked":["Guardian:Incinerate","sneckomod:IronFang","Guardian:Gem_Red"],"picked":"SKIP","floor":15.0},{"not_picked":["Slimebound:SlimeSlap","Slimebound:Darklings"],"picked":"HollowMod:LifebloodCore","floor":16.0},{"not_picked":["Guardian:Gem_Fragmented","Slimebound:ComboTackle","Guardian:Reroute"],"picked":"Guardian:Planning+1","floor":19.0},{"not_picked":["sneckomod:UnendingSupply","Clothesline","HollowMod:ShadowDash+1"],"picked":"Guardian:Recover","floor":20.0},{"not_picked":["Compile Driver+1","Slimebound:SlimeSlap","Halt","Rainbow"],"picked":"SKIP","floor":22.0},{"not_picked":["Go for the Eyes","sneckomod:Unknown1Cost","Worship+1","hubris:SlightOfHand"],"picked":"SKIP","floor":26.0},{"not_picked":["Streamline","bronze:Repair+1","Weave"],"picked":"stsjorbsmod:LocateObject+1","floor":29},{"not_picked":["Slimebound:Recycling","Halt","FlurryOfBlows"],"picked":"stsjorbsmod:HedgeWizard","floor":31},{"not_picked":["Masterful Stab","Consecrate+1","Body Slam"],"picked":"Intimidate","floor":32},{"not_picked":["Die Die Die","Meteor Strike","Double Tap"],"picked":"Wish","floor":33},{"not_picked":["hexamod:SoulSteal+1","HollowMod:SoulStrike","Bloodletting"],"picked":"sneckomod:UnknownClassWANDERER_GRAY_COLOR+1","floor":36},{"not_picked":["HollowMod:GrimmsGift+1","sneckomod:QuickBite","Madness+1"],"picked":"Guardian:Recover+1","floor":37},{"not_picked":["bronze:OilSpill+1","Compile Driver","hubris:SlightOfHand+1","hexamod:FirstSeal"],"picked":"SKIP","floor":38},{"not_picked":["Multi-Cast","champ:FaceSlap","Study","Slimebound:RejuvenatingLick"],"picked":"SKIP","floor":42},{"not_picked":["Slimebound:Chomp","Turbo","sneckomod:WideSting+1"],"picked":"Guardian:FierceBash","floor":44},{"not_picked":["sneckomod:UnknownClassTHE_CHAMP_GRAY+1","bronze:BugBarrage","Compile Driver+1","stsjorbsmod:Mania+1"],"picked":"SKIP","floor":46},{"not_picked":["Perseverance","champ:FanOfKnives+1","stsjorbsmod:Prestidigitation"],"picked":"Heavy Blade+1","floor":49}],"player_experience":632317,"relics_obtained":[{"floor":7.0,"key":"aspiration:Lifesprig"},{"floor":14.0,"key":"Boot"},{"floor":23.0,"key":"Necronomicon"},{"floor":24.0,"key":"Strawberry"},{"floor":29,"key":"Blood Vial"},{"floor":31,"key":"hubris:BottledRain"},{"floor":39,"key":"Thread and Needle"},{"floor":40,"key":"PreservedInsect"},{"floor":41,"key":"Art of War"},{"floor":44,"key":"Anchor"},{"floor":46,"key":"MawBank"}],"event_choices":[{"damage_healed":0.0,"max_hp_gain":0.0,"max_hp_loss":0.0,"gold_gain":100.0,"event_name":"Wheel of Change","player_choice":"Gold","floor":8.0,"gold_loss":0.0,"damage_taken":0.0},{"damage_healed":0,"gold_gain":0,"player_choice":"Fight","damage_taken":0,"max_hp_gain":0,"max_hp_loss":0,"event_name":"Mysterious Sphere","floor":39,"gold_loss":0}],"is_beta":false,"boss_relics":[{"not_picked":["aspiration:PoetsPen_weak","Calling Bell","hubris:HollowSoul"],"picked":"aspiration:IroncladSkillbook"},{"not_picked":["hubris:GrandSneckoEye","bronze:MakeshiftBattery","Cursed Key"],"picked":"Fusion Hammer"}],"items_purged_floors":[6,20,42,47],"is_endless":false,"potions_floor_spawned":[3,4,9,14,15,16,19,20,22,26,29,31,32,33,36,37,38,39,42,44,46,49],"ascension_level":0}}