{"host":"p34rppyhk302xzzg","time":1614417738,"event":{"mods":["AchievementEnabler","Act Like it!","Ascension Reborn","BaseMod","Better Vampires","BetterRewards","Colored Map","Gensokyo","Googly Eyes","Hallownest","Koishi","Library of Ruina","Library of Ruina Extra","Lobotomy","LobotomyExtend","Marisa£®ÏF”Í°°ƒß¿Ì…≥£©","Minty Spire (QoL Compilation)","Pale of the Ancients","Quick Restart","Reimu£®≤©¿ˆ¡È√Œ£©","Remilia£®¿Ÿ√◊¿Ú—«£©","Replay The Spire","SOS£®Àπ∞Õ¥Ô÷Æ◊”£©","StSLib","The Administrix","The Bug Knight","UnlockEverythingMod","Waifu the Spire","Yakumo Yukari mod","Youmu£®ªÍ∆«—˝√Œ£©","noobMod","°æ“≈ŒÔø®≈∆°øREMEMod"],"gold_per_floor":[114,39,50,50,66,96,96,96,96,96,111,29,29,0,0,98,98,116,116,135,135,83,83,112,112,136,136,165,184,248,258,258,353,353,371,371,531,541,554,554,194,248,248,248,294,328,346,380,380,380,380,380,380,15,68,68],"floor_reached":57,"language":"ZHS","playtime":9806,"items_purged":[],"score":1388,"play_id":"a863690b-65ef-425e-b1d8-eb96e27eb7b8","local_time":"20210227172218","is_ascension_mode":true,"campfire_choices":[{"data":"SpearedSweep","floor":7.0,"key":"SMITH"},{"data":"HighKick","floor":13.0,"key":"SMITH"},{"data":"Faith","floor":15.0,"key":"SMITH"},{"floor":23.0,"key":"RECALL"},{"data":"FlamingDragonFist","floor":27.0,"key":"SMITH"},{"data":"GutHarvesting","floor":32.0,"key":"SMITH"},{"data":"DistortedBlade","floor":40.0,"key":"SMITH"},{"data":"IngredientHunt","floor":49,"key":"SMITH"},{"data":"TheWillOfTheCity","floor":53,"key":"SMITH"}],"circlet_count":0,"master_deck":["BodiesMountain","Mercenary","CENSORED","Woodsman","WhiteNight","BigBird","LongBird","DespairKnight","Dodge","LightDefense","LightAttack","LightAttack","LightAttack","LightDefense","LightDefense","ChargeAndCover","FocusedStrikes","Thinking Ahead","Faith+1","Hallownest:skillGreenpathMap","SharpNails","BeautyBeast","GreatSerpentsImpact","Scorched","SpearedSweep+1","HighKick+1","Gigigig","Freischutz","GutHarvesting+1","FrontalAssault+1","HereticApostle","FlamingDragonFist+1","Faith","GalaxyChild","TheWillOfTheCity+1","Murderer","Unlock1+1","Unlock1+1","BindingChains+1","CherryBlossoms","GaleKick+1","DistortedBlade+1","TheWillOfTheCity+1","SingingMachine","VioletBlade+1","QueenBee","BlindFaith+1","SunsetBlade","Transpierce","LittleHelper","StrikeDown+1","WaitUp","WaitUp","IngredientHunt+1","DarkCloud+1","SomberProcuration","FierceCharge","REME_MawOfCthun","SnakeSlit+1"],"relics":["PageOfLibrarian","REME_ComplimentaryCards","ice","CogitoBucket","LetterFromLob","Chameleon Ring","HonorFeather","Hallownest:DreamNailRelic","REME_HandOfSuture","Amita_r","PageOfBlackSwan","LuminousBracelet","SwordSharpenedByTears_r","Smiling Mask","Toy Ornithopter","PageOfNosferatu","Justitia_r","PreservedInsect","TreeSap","Coffee Dripper","Hallownest:HeavyBlowRelic","Lamp_r","Hallownest:GodTamersBeastRelic","AtMidnight","SkinProphecy","Membership Card","Pet Ghost","Orichalcum","CeramicFish","Hallownest:BeastSealRelic","WantedRequest","Ancient Tea Set","DeathAngel","Logging_r","CENSORED_r","PageOfLumberjack","CrazyTorch:ReiMu","Boot","TheSmile_r"],"acts_visited":["Exordium","Hallownest:Greenpath","Hallownest:CityofTears","TheEnding"],"potions_floor_usage":[47,51,51],"damage_taken":[{"damage":9.0,"enemies":"Hallownest:monsterHuskGuard","floor":1.0,"turns":5.0},{"damage":0.0,"enemies":"Hallownest:2_Baldur","floor":3.0,"turns":6.0},{"damage":13.0,"enemies":"Hallownest:2_MossCreeps","floor":5.0,"turns":4.0},{"damage":6.0,"enemies":"Hallownest:eliteCrystalGuardian","floor":6.0,"turns":5.0},{"damage":98.0,"enemies":"Hallownest:eliteMossKnight","floor":8.0,"turns":5.0},{"damage":0.0,"enemies":"Hallownest:Wandering_and_Horned","floor":11.0,"turns":9.0},{"damage":22.0,"enemies":"Hallownest:BossBrokenVessel","floor":16.0,"turns":4.0},{"damage":0.0,"enemies":"Hallownest:2_Mistakes","floor":18.0,"turns":1.0},{"damage":0.0,"enemies":"Hallownest:Flukemon_and_Top","floor":20.0,"turns":2.0},{"damage":222.0,"enemies":"Hallownest:eliteWatcherKnight","floor":24.0,"turns":11.0},{"damage":0.0,"enemies":"Hallownest:Nosk","floor":28.0,"turns":4.0},{"damage":2.0,"enemies":"Hallownest:2_Husk_Sentries","floor":29.0,"turns":2.0},{"damage":32.0,"enemies":"Hallownest:eliteSoulWarrior","floor":30.0,"turns":5.0},{"damage":16.0,"enemies":"Hallownest:Glutton_and_Coward","floor":31.0,"turns":2.0},{"damage":10.0,"enemies":"Hallownest:BossGrimm","floor":33.0,"turns":3.0},{"damage":0.0,"enemies":"Hallownest:Shield_Heavy","floor":35.0,"turns":2.0},{"damage":0.0,"enemies":"Hallownest:Shield_Heavy","floor":37.0,"turns":2.0},{"damage":4.0,"enemies":"Hallownest:Shield_Heavy","floor":37.0,"turns":2.0},{"damage":47.0,"enemies":"Hallownest:Shield_Heavy","floor":37.0,"turns":1.0},{"damage":19.0,"enemies":"Hallownest:Shield_Heavy","floor":37.0,"turns":2.0},{"damage":102.0,"enemies":"Hallownest:2_Littles","floor":38.0,"turns":8.0},{"damage":0.0,"enemies":"Hallownest:2_Soldiers_and_1_Guardian","floor":39.0,"turns":1.0},{"damage":0.0,"enemies":"Hallownest:Shield_Sturdy","floor":42.0,"turns":3.0},{"damage":38.0,"enemies":"Hallownest:eliteCollector","floor":45.0,"turns":2.0},{"damage":6,"enemies":"Hallownest:2_Wing_and_1_Kings","floor":46,"turns":3},{"damage":89,"enemies":"Hallownest:StalkingDevout","floor":47,"turns":8},{"damage":28,"enemies":"Hallownest:2_Wandering_and_1_Horned","floor":48,"turns":5},{"damage":183,"enemies":"Hallownest:BossHollowKnight","floor":50,"turns":5},{"damage":18,"enemies":"Hallownest:BossHollowKnight","floor":51,"turns":4},{"damage":4,"enemies":"Shield and Spear","floor":55,"turns":3},{"damage":47,"enemies":"The Heart","floor":56,"turns":6}],"seed_played":"-8742875911912734892","potions_obtained":[{"floor":3.0,"key":"GamblersBrew"},{"floor":5.0,"key":"Strength Potion"},{"floor":6.0,"key":"GrandPatriotsElixir:ReiMu"},{"floor":20.0,"key":"SpeedPotion"},{"floor":24.0,"key":"SteroidPotion"},{"floor":31.0,"key":"Elixir"},{"floor":42.0,"key":"LifebloodPotion"},{"floor":45.0,"key":"Flashbang"},{"floor":47,"key":"LiquidMemories"}],"is_trial":false,"path_per_floor":["M","?","M","$","M","E","R","E","T","?","M","$","R","?","R","B",null,"M","?","M","?","$","R","E","?","T","R","E","M","E","M","R","B",null,"M","?","?","M","M","R","$","M","T","?","E","M","E","M","R","B",null,null,"R","$","E","B",null],"character_chosen":"Librarian","items_purchased":["Gigigig","Faith","Membership Card","Pet Ghost","Orichalcum","SunsetBlade","Transpierce","PageOfLumberjack","CrazyTorch:ReiMu","SomberProcuration","FierceCharge","REME_MawOfCthun"],"campfire_rested":0,"item_purchase_floors":[12,22,41,41,41,41,41,54,54,54,54,54],"current_hp_per_floor":[51,51,51,51,43,47,47,77,77,77,80,80,87,87,87,65,92,107,107,111,111,111,111,34,34,34,125,25,23,1,225,244,246,248,251,251,214,256,270,272,272,276,276,276,246,285,204,241,241,157,232,232,232,232,263,272],"gold":68,"neow_bonus":"","is_daily":false,"chose_seed":false,"campfire_upgraded":8,"win_rate":0.0,"timestamp":1614417738,"path_taken":["M","?","M","$","M","E","R","E","T","?","?","?","R","?","R","BOSS","M","?","M","?","$","R","E","?","T","R","E","M","E","M","R","BOSS","M","?","?","M","?","R","?","M","T","?","E","?","E","M","R","BOSS","R","$","E","BOSS"],"items_purchased_type":["Card","Card","Relic","Relic","Relic","Card","Card","Relic","Relic","Card","Card","Card"],"build_version":"2020-12-22","purchased_purges":0,"victory":true,"max_hp_per_floor":[76,76,67,67,62,84,76,77,77,77,87,87,87,87,87,92,92,110,110,111,111,111,111,125,125,125,125,227,230,233,244,244,248,248,251,251,260,267,272,272,272,276,276,276,280,285,290,296,296,300,302,302,305,305,309,314],"card_choices":[{"not_picked":["OSAHOGD","SpiderBud","MeatLantern"],"picked":"Singing Bowl","floor":1.0},{"not_picked":["Funeral","CherryBlossoms"],"picked":"CrumblingArmor","floor":1.0},{"not_picked":["GuidanceOfTheGears","PreemptiveStrike","Pound","DefenseOrder","Cruelty","StrikeDown","Outburst","Clone"],"picked":"Faith","floor":1.0},{"not_picked":["CherryBlossoms","Scarecrow"],"picked":"QueenOfHatred","floor":3.0},{"not_picked":["SharpSwipe","Preparation","NightInTheBackstreets","MultiHit","RhinoRam","RulesOfTheBackstreets","Pound","Parry2"],"picked":"SharpNails","floor":3.0},{"not_picked":["LittleHelper","OldLady","Bloodbath"],"picked":"Singing Bowl","floor":5.0},{"not_picked":["NakedNest","Rudolta"],"picked":"BeautyBeast","floor":5.0},{"not_picked":["RapidGashes","MultiBlock","SmokingPipe","SinglePointStab","Retaliate","Standoff","CombatPreparation","FierceCharge"],"picked":"GreatSerpentsImpact","floor":5.0},{"not_picked":["WallGazer","MHz"],"picked":"Scorched","floor":6.0},{"not_picked":["DarkCloud","PuppetBlockade","TheWillOfTheCity","AsThePrescriptOrders","Overcharge","BlindFaith","Track","Tttonst"],"picked":"SpearedSweep","floor":6.0},{"not_picked":["Wellcheers","LittlePrince"],"picked":"DespairKnight","floor":11.0},{"not_picked":["InkOver","Observe","GuardingStance","ShockRound","GrazeTheGrass","Mutilate","Leap_lor","SnakesPrey"],"picked":"HighKick","floor":11.0},{"not_picked":["MeltingLove","Freischutz","SilentOrchestra"],"picked":"Singing Bowl","floor":16.0},{"not_picked":["Scarecrow","Mercenary"],"picked":"Freischutz","floor":16.0},{"not_picked":["Castigation","Commandeering"],"picked":"GutHarvesting","floor":16.0},{"not_picked":["Laetitia","Wellcheers"],"picked":"Woodsman","floor":18.0},{"not_picked":["FleetFootsteps","FlamingDragonFist","SmokingPipe","FleetEdge","GatherIntel","DarkCloud","LawAndOrder","EndlessBattle"],"picked":"FrontalAssault+1","floor":18.0},{"not_picked":["OSAHOGD","PunishingBird","Bloodbath"],"picked":"Singing Bowl","floor":20.0},{"not_picked":["NakedNest","MeatLantern"],"picked":"HeroicMonk","floor":20.0},{"not_picked":["SmokingPipe","Leap_lor","IllEndYou","GreatSerpentsImpact+1","Parry2","Faith","ReadyUp","BindingArms"],"picked":"FlamingDragonFist","floor":20.0},{"not_picked":["BlackSwan","GalaxyChild","Porccubus"],"picked":"Singing Bowl","floor":24.0},{"not_picked":["Bloodbath","VoidDream"],"picked":"GalaxyChild","floor":24.0},{"not_picked":["BiAn+1","Parry","ShrineToMusic+1","SmokingPipe","ClassAndRespect","Leap_lor+1","ForTheFamily","AlloutWar+1"],"picked":"TheWillOfTheCity","floor":24.0},{"not_picked":["Wellcheers","DreamingCurrent"],"picked":"Murderer","floor":28.0},{"not_picked":["CumulusWall+1","NightInTheBackstreets","HighKick","HiddenBlade","FierceCharge","ButterflySlash","EnergyCycle","RushDown"],"picked":"Unlock1+1","floor":28.0},{"not_picked":["PunishingBird","MeltingLove"],"picked":"LongBird","floor":29.0},{"not_picked":["Parry","EnergyShield+1","DirtyBlow","VenomousFangs","SpearedSweep","SharpNails","HandleRequest","StartinOutLightly"],"picked":"Unlock1+1","floor":29.0},{"not_picked":["FieryBird","HappyTeddy"],"picked":"Woodsman","floor":30.0},{"not_picked":["SinglePointStab","AlloutWar","Wallop_lor+1","Suppress","QuickAttack","SuppressingShot","ExtremeEdge","StrikeDown"],"picked":"BindingChains+1","floor":30.0},{"not_picked":["GreedKing","OldLady","Porccubus"],"picked":"Singing Bowl","floor":31.0},{"not_picked":["SingingMachine","LaLuna"],"picked":"CherryBlossoms","floor":31.0},{"not_picked":["PreemptiveStrike+1","IngredientHunt","Leap_lor","SilentMist","HiddenBlade","MultiHit","DefenseOrder","ClassAndRespect"],"picked":"GaleKick+1","floor":31.0},{"not_picked":["FieryBird","MeatLantern","SpiderBud"],"picked":"Singing Bowl","floor":33.0},{"not_picked":["MHz","SingingMachine"],"picked":"BigBird","floor":33.0},{"not_picked":["Castigation","SilentNight"],"picked":"DistortedBlade","floor":33.0},{"not_picked":["HappyTeddy","Variant","DreamingCurrent"],"picked":"Singing Bowl","floor":35.0},{"not_picked":["Rudolta","BigBadWolf"],"picked":"Mercenary","floor":35.0},{"not_picked":["StructuralAnalysis+1","GuardingStance+1","FormingStorm","Parry+1","SerpentSwordTechnique+1","ExtremeEdge","FleetEdge","WrathOfTorment"],"picked":"TheWillOfTheCity+1","floor":35.0},{"not_picked":["NothingThere","WallGazer","DreamingCurrent"],"picked":"Singing Bowl","floor":38.0},{"not_picked":["MeltingLove","UniverseFragment"],"picked":"SingingMachine","floor":38.0},{"not_picked":["Multislash","SmokingPipe","SkitterAway","HighSpeedStabbing+1","SpearedSweep+1","FlamingDragonFist","Fence+1","UpbeatPerformance+1"],"picked":"VioletBlade+1","floor":38.0},{"not_picked":["Porccubus","QueenOfHatred"],"picked":"QueenBee","floor":39.0},{"not_picked":["HeavyPeaks+1","QuickSuppression+1","StrongStrike","GuidanceOfTheGears+1","Fence+1","BizarreAttack+1","EnergyShield+1","Thrust+1"],"picked":"BlindFaith+1","floor":39.0},{"not_picked":["ShyLook","Alriune","LaLuna"],"picked":"Singing Bowl","floor":42.0},{"not_picked":["Rudolta","Laetitia"],"picked":"LittleHelper","floor":42.0},{"not_picked":["Reload+1","FocusFire","AutonomousRush+1","Outburst","SinglePointStab","SuppressingShot","SunsetBlade+1","Quickness+1"],"picked":"StrikeDown+1","floor":42.0},{"not_picked":["MeatLantern","MeltingLove","DreamingCurrent"],"picked":"Singing Bowl","floor":45.0},{"not_picked":["DreamingCurrent","MeltingLove"],"picked":"WhiteNight","floor":45.0},{"not_picked":["UpbeatPerformance","MultiBlock+1","PreparedMind+1","Marionette","HandlingWork","ExtractFuel","UnavoidableGaze","Fence"],"picked":"WaitUp","floor":45.0},{"not_picked":["HappyTeddy","NakedNest"],"picked":"QueenOfHatred","floor":46},{"not_picked":["FierceOnslaught+1","WillProduceFineSilk","MultiBlock","StrongStrike","TheWillOfTheCity","ReadyUp","Standoff","TheArtOfRapidSteps+1"],"picked":"WaitUp","floor":46},{"not_picked":["Alriune","DreamingCurrent","BlackArmy"],"picked":"Singing Bowl","floor":47},{"not_picked":["Scarecrow","CrumblingArmor"],"picked":"CENSORED","floor":47},{"not_picked":["EnergyCycle","LoosenUp","Standoff","SunsetBlade","GrazeTheGrass+1","Quickness+1","WillOfThePrescript","Leap_lor"],"picked":"IngredientHunt","floor":47},{"not_picked":["NothingThere","Rudolta"],"picked":"BodiesMountain","floor":48},{"not_picked":["BlindFaith","SunsetBlade","FleetFootsteps+1","GuidanceOfTheGears+1","GreatSerpentsImpact+1","ChiWen","BalefulBrand","YoureTooSlow+1"],"picked":"DarkCloud+1","floor":48},{"not_picked":["MeltingLove","WhitesApple"],"picked":"BlueStar","floor":55},{"not_picked":["FeelinGood+1","WrathOfTorment","Marionette","CombatPreparation+1","Endure+1","Overcharge+1","StrongStrike+1","SharpSwipe+1"],"picked":"SnakeSlit+1","floor":55}],"player_experience":106805,"relics_obtained":[{"floor":1.0,"key":"LetterFromLob"},{"floor":6.0,"key":"Chameleon Ring"},{"floor":24.0,"key":"Smiling Mask"},{"floor":26.0,"key":"Toy Ornithopter"},{"floor":28.0,"key":"PageOfNosferatu"},{"floor":30.0,"key":"PreservedInsect"},{"floor":38.0,"key":"AtMidnight"},{"floor":43.0,"key":"CeramicFish"},{"floor":45.0,"key":"Ancient Tea Set"},{"floor":47,"key":"DeathAngel"},{"floor":55,"key":"Boot"}],"event_choices":[],"is_beta":false,"boss_relics":[{"not_picked":["Kintsugi","Sozu"],"picked":"PageOfBlackSwan"},{"not_picked":["Ring of Chaos","Pandora\u0027s Box"],"picked":"Coffee Dripper"}],"items_purged_floors":[],"is_endless":false,"potions_floor_spawned":[3,5,6,20,24,28,31,37,37,42,45,47],"ascension_level":0}}