{"host":"q1ww9goctev8e12g","time":1614459608,"event":{"mods":["2.2 Compatiblity","Aspiration","BaseMod","BetterRewards","Colored Powertips","Conspire","Downfall","Hubris","Minty Spire (QoL Compilation)","Quick Restart","Reliquary","Replay The Spire","StSLib"],"gold_per_floor":[112,112,37,112,131,160,176,208,234,234,249,249,267,295,295,295,295],"floor_reached":16,"language":"FRA","playtime":437,"items_purged":[],"score":268,"play_id":"909cc5ca-892e-4206-8697-9cf2d000711b","local_time":"20210227220008","is_ascension_mode":true,"campfire_choices":[{"floor":10,"key":"REST"},{"floor":12,"key":"REST"},{"floor":15,"key":"REST"}],"circlet_count":0,"master_deck":["AscendersBane","Strike_G","Strike_G","Strike_G","Strike_G","Strike_G","Defend_G","Defend_G","Defend_G","Defend_G","Defend_G","Survivor","Neutralize","Deflect","Deadly Poison","Noxious Fumes","Deadly Poison","Footwork","Quick Slash+1","Dagger Spray+1"],"relics":["Ring of the Snake","NeowsBlessing","Molten Egg 2","Nunchaku","reliquary:Aerogel","Oddly Smooth Stone","Mercury Hourglass"],"acts_visited":["Exordium"],"potions_floor_usage":[8,8,16],"damage_taken":[{"damage":0,"enemies":"2 Louse","floor":1,"turns":1},{"damage":0,"enemies":"Small Slimes","floor":5,"turns":2},{"damage":0,"enemies":"3 Sentries","floor":6,"turns":1},{"damage":5,"enemies":"Jaw Worm","floor":7,"turns":5},{"damage":37,"enemies":"Gremlin Nob","floor":8,"turns":5},{"damage":11,"enemies":"3 Louse","floor":11,"turns":4},{"damage":9,"enemies":"Large Slime","floor":13,"turns":7},{"damage":34,"enemies":"Lagavulin","floor":14,"turns":6},{"damage":33,"enemies":"Slime Boss","floor":16,"turns":6}],"seed_played":"7054848042871940376","potions_obtained":[{"floor":5,"key":"Regen Potion"},{"floor":6,"key":"Adrenaline Potion"},{"floor":14,"key":"Explosive Potion"}],"is_trial":false,"path_per_floor":["M","?","?","?","M","E","M","E","T","R","M","R","M","E","R","B"],"character_chosen":"THE_SILENT","items_purchased":[],"campfire_rested":3,"item_purchase_floors":[],"current_hp_per_floor":[59,59,59,48,48,48,43,20,20,39,28,47,38,4,23,0,0],"gold":295,"neow_bonus":"THREE_ENEMY_KILL","is_daily":false,"chose_seed":false,"campfire_upgraded":0,"win_rate":0.0,"timestamp":1614459608,"path_taken":["M","?","?","?","M","E","M","E","T","R","M","R","M","E","R","BOSS"],"items_purchased_type":[],"build_version":"2020-12-22","purchased_purges":0,"victory":false,"max_hp_per_floor":[66,66,66,66,66,66,66,66,66,66,66,66,66,66,66,66,66],"card_choices":[{"not_picked":["Hidden Blade","Underhanded Strike"],"picked":"Deflect","floor":1},{"not_picked":["Bane+1","Sucker Punch+1"],"picked":"Deadly Poison","floor":5},{"not_picked":["PiercingWail","Hidden Blade"],"picked":"Noxious Fumes","floor":6},{"not_picked":["Dagger Spray+1","Backflip"],"picked":"Deadly Poison","floor":7},{"not_picked":["Prepared","Blade Dance"],"picked":"Footwork","floor":8},{"not_picked":["Calculated Gamble","Backflip"],"picked":"Quick Slash+1","floor":11},{"not_picked":["Blade Dance","Dagger Throw+1"],"picked":"Dagger Spray+1","floor":13},{"not_picked":["Skewer+1","Prepared","Outmaneuver"],"picked":"SKIP","floor":14}],"player_experience":566793,"relics_obtained":[{"floor":6,"key":"Nunchaku"},{"floor":8,"key":"reliquary:Aerogel"},{"floor":9,"key":"Oddly Smooth Stone"},{"floor":14,"key":"Mercury Hourglass"}],"event_choices":[{"cards_removed":["Injury"],"damage_healed":0,"gold_gain":0,"player_choice":"Card Removal","damage_taken":0,"max_hp_gain":0,"max_hp_loss":0,"event_name":"The Cleric","floor":3,"gold_loss":75},{"damage_healed":0,"gold_gain":75,"player_choice":"Gather Gold","damage_taken":11,"max_hp_gain":0,"max_hp_loss":0,"event_name":"World of Goop","floor":4,"gold_loss":0}],"is_beta":false,"boss_relics":[],"items_purged_floors":[],"is_endless":false,"potions_floor_spawned":[5,6,7,14],"killed_by":"Slime Boss","ascension_level":17}}