{"host":"oayzmny46us4oe8r","time":1614419542,"event":{"mods":["BaseMod","Minty Spire (QoL Compilation)","Shop Mod","StSLib"],"gold_per_floor":[117,45,58,233,251,280,292,292,292,3,3,26,56,56,56,56,56],"floor_reached":16,"language":"ENG","playtime":1298,"items_purged":[],"score":113,"play_id":"1989bb5f-4c41-42fa-8ba4-5176d84bd08e","local_time":"20210227205222","is_ascension_mode":true,"campfire_choices":[{"floor":8,"key":"REST"},{"data":"Calculated Gamble","floor":11,"key":"SMITH"},{"floor":15,"key":"DIG"}],"circlet_count":0,"master_deck":["Strike_G","Strike_G","Strike_G","Strike_G","Strike_G","Defend_G","Defend_G","Defend_G","Defend_G","Defend_G","Survivor","Neutralize","Die Die Die","Quick Slash","Sucker Punch","Dagger Spray","Calculated Gamble+1","Doubt","Cloak And Dagger","Dodge and Roll","Escape Plan","Tools of the Trade","Outmaneuver","Phantasmal Killer"],"relics":["Ring of the Snake","Anchor","Strawberry","Odd Mushroom","HornCleat","Shovel","Happy Flower"],"acts_visited":["Exordium"],"potions_floor_usage":[16,16,16],"damage_taken":[{"damage":0,"enemies":"Cultist","floor":1,"turns":3},{"damage":0,"enemies":"Small Slimes","floor":3,"turns":2},{"damage":0,"enemies":"2 Louse","floor":5,"turns":1},{"damage":35,"enemies":"Gremlin Nob","floor":6,"turns":6},{"damage":2,"enemies":"Large Slime","floor":7,"turns":7},{"damage":2,"enemies":"The Mushroom Lair","floor":12,"turns":3},{"damage":14,"enemies":"Lagavulin","floor":13,"turns":10},{"damage":50,"enemies":"Hexaghost","floor":16,"turns":15}],"seed_played":"-5540205655826685348","potions_obtained":[{"floor":1,"key":"Explosive Potion"},{"floor":3,"key":"Ancient Potion"},{"floor":6,"key":"PowerPotion"},{"floor":13,"key":"SkillPotion"}],"is_trial":false,"path_per_floor":["M","$","M","?","M","E","M","R","T","$","R","?","E","?","R","B"],"character_chosen":"THE_SILENT","items_purchased":["Sucker Punch","Dagger Spray","Strawberry","Tools of the Trade"],"campfire_rested":1,"item_purchase_floors":[2,2,10,10],"current_hp_per_floor":[70,70,70,70,70,35,33,54,54,61,61,59,45,45,45,0,0],"gold":56,"neow_bonus":"ONE_RANDOM_RARE_CARD","is_daily":false,"chose_seed":false,"campfire_upgraded":1,"win_rate":0.0,"timestamp":1614419542,"path_taken":["M","?","M","?","M","E","M","R","T","$","R","?","E","?","R","BOSS"],"items_purchased_type":["Card","Card","Relic","Card"],"build_version":"2020-12-22","purchased_purges":0,"victory":false,"max_hp_per_floor":[70,70,70,70,70,70,70,70,70,77,77,77,77,77,77,77,77],"card_choices":[{"not_picked":["Slice","Prepared"],"picked":"Quick Slash","floor":1},{"not_picked":["Slice","Sucker Punch"],"picked":"Calculated Gamble","floor":3},{"not_picked":["Expertise","PiercingWail"],"picked":"Cloak And Dagger","floor":5},{"not_picked":["Slice","Accuracy"],"picked":"Dodge and Roll","floor":6},{"not_picked":["Bane","Blade Dance"],"picked":"Escape Plan","floor":7},{"not_picked":["Escape Plan","Predator"],"picked":"Outmaneuver","floor":12},{"not_picked":["Dagger Spray","Endless Agony"],"picked":"Phantasmal Killer","floor":13}],"player_experience":224891,"relics_obtained":[{"floor":6,"key":"Anchor"},{"floor":12,"key":"Odd Mushroom"},{"floor":13,"key":"HornCleat"},{"floor":15,"key":"Happy Flower"}],"event_choices":[{"damage_healed":0,"gold_gain":175,"player_choice":"AGREE","damage_taken":0,"max_hp_gain":0,"max_hp_loss":0,"event_name":"Liars Game","floor":4,"gold_loss":0,"cards_obtained":["Doubt"]},{"damage_healed":0,"gold_gain":0,"player_choice":"Fought Mushrooms","damage_taken":0,"max_hp_gain":0,"max_hp_loss":0,"event_name":"Mushrooms","floor":12,"gold_loss":0},{"damage_healed":0,"gold_gain":0,"player_choice":"Searched \u00272\u0027 times","damage_taken":0,"relics_obtained":["Shovel"],"max_hp_gain":0,"max_hp_loss":0,"event_name":"Dead Adventurer","floor":14,"gold_loss":0}],"is_beta":false,"boss_relics":[],"items_purged_floors":[],"is_endless":false,"potions_floor_spawned":[1,3,6,13],"killed_by":"Hexaghost","ascension_level":1}}