{"host":"puf131q5awx2h4uh","time":1614401221,"event":{"mods":["BaseMod","Minty Spire (QoL Compilation)","Quick Restart","Shop Mod","StSLib"],"gold_per_floor":[118,43,43,43,62,62,96,246,271,285,285,297,53,53,53,127,127,144,162,162,162,162],"floor_reached":21,"language":"ZHS","playtime":306,"items_purged":[],"score":404,"play_id":"8ab4c518-596e-4aaf-b71f-0bb7aade9b10","local_time":"20210227124701","is_ascension_mode":true,"campfire_choices":[{"data":"Sword Boomerang","floor":6.0,"key":"SMITH"},{"data":"Flex","floor":15.0,"key":"SMITH"}],"circlet_count":0,"master_deck":["AscendersBane","Strike_R","Strike_R","Strike_R","Defend_R","Defend_R","Defend_R","Defend_R","Bash","Sword Boomerang+1","Flex+1","Whirlwind","Spot Weakness","Offering","Power Through"],"relics":["Burning Blood","NeowsBlessing","Strawberry","Letter Opener","Happy Flower","Medical Kit","Mark of Pain"],"acts_visited":["Exordium","TheCity"],"potions_floor_usage":[21],"damage_taken":[{"damage":0.0,"enemies":"Jaw Worm","floor":1.0,"turns":1.0},{"damage":0.0,"enemies":"Small Slimes","floor":5.0,"turns":2.0},{"damage":0.0,"enemies":"Lagavulin","floor":7.0,"turns":1.0},{"damage":0.0,"enemies":"Cultist","floor":10.0,"turns":3.0},{"damage":11.0,"enemies":"Looter","floor":12.0,"turns":2.0},{"damage":51.0,"enemies":"Hexaghost","floor":16.0,"turns":6.0},{"damage":12.0,"enemies":"2 Thieves","floor":18.0,"turns":3.0},{"damage":12.0,"enemies":"Spheric Guardian","floor":19.0,"turns":3.0},{"damage":30,"enemies":"Cultist and Chosen","floor":21,"turns":5}],"seed_played":"-3502469257162312775","potions_obtained":[{"floor":12.0,"key":"AttackPotion"},{"floor":16.0,"key":"EssenceOfSteel"}],"is_trial":false,"path_per_floor":["M","?","$","?","M","R","E","?","T","M","?","M","$","?","R","B",null,"M","M","?","M"],"character_chosen":"IRONCLAD","items_purchased":["Medical Kit","Spot Weakness"],"campfire_rested":0,"item_purchase_floors":[13,13],"current_hp_per_floor":[74,74,74,76,82,82,82,82,82,82,82,77,77,77,77,32,70,64,58,34,4,4],"gold":162,"neow_bonus":"THREE_ENEMY_KILL","is_daily":false,"chose_seed":false,"campfire_upgraded":2,"win_rate":0.0,"timestamp":1614401221,"path_taken":["M","?","$","?","M","R","E","?","T","M","?","?","$","?","R","BOSS","M","M","?","M"],"items_purchased_type":["Relic","Card"],"build_version":"2020-12-22","purchased_purges":0,"victory":false,"max_hp_per_floor":[75,75,75,82,82,82,82,82,82,82,82,82,82,82,82,82,82,82,82,87,87,87],"card_choices":[{"not_picked":["Warcry","Battle Trance"],"picked":"Sword Boomerang","floor":1.0},{"not_picked":["Pommel Strike","Havoc","Reckless Charge"],"picked":"SKIP","floor":5.0},{"not_picked":["Heavy Blade","Twin Strike"],"picked":"Flex","floor":7.0},{"not_picked":["Cleave","Armaments","Twin Strike"],"picked":"SKIP","floor":10.0},{"not_picked":["Thunderclap","Headbutt"],"picked":"Whirlwind","floor":12.0},{"not_picked":["Immolate","Brutality"],"picked":"Offering","floor":16.0},{"not_picked":["Clothesline","Carnage+1","True Grit"],"picked":"SKIP","floor":18.0},{"not_picked":["Clothesline","Uppercut"],"picked":"Power Through","floor":19.0}],"player_experience":340254,"relics_obtained":[{"floor":7.0,"key":"Letter Opener"},{"floor":9.0,"key":"Happy Flower"}],"event_choices":[{"cards_removed":["Strike_R"],"damage_healed":0.0,"max_hp_gain":0.0,"max_hp_loss":0.0,"gold_gain":0.0,"event_name":"The Cleric","player_choice":"Card Removal","floor":2.0,"gold_loss":75.0,"damage_taken":0.0},{"damage_healed":0.0,"max_hp_gain":0.0,"max_hp_loss":0.0,"gold_gain":0.0,"event_name":"Scrap Ooze","player_choice":"Success","floor":4.0,"gold_loss":0.0,"damage_taken":5.0,"relics_obtained":["Strawberry"]},{"damage_healed":0.0,"max_hp_gain":0.0,"max_hp_loss":0.0,"gold_gain":150.0,"event_name":"Liars Game","player_choice":"AGREE","floor":8.0,"gold_loss":0.0,"damage_taken":0.0,"cards_obtained":["Doubt"]},{"cards_removed":["Doubt"],"damage_healed":0.0,"max_hp_gain":0.0,"max_hp_loss":0.0,"gold_gain":0.0,"event_name":"Purifier","player_choice":"Purged","floor":11.0,"gold_loss":0.0,"damage_taken":0.0},{"cards_removed":["Strike_R"],"damage_healed":0.0,"max_hp_gain":0.0,"max_hp_loss":0.0,"gold_gain":0.0,"event_name":"Living Wall","player_choice":"Forget","floor":14.0,"gold_loss":0.0,"damage_taken":0.0},{"damage_healed":0.0,"max_hp_gain":5.0,"max_hp_loss":0.0,"gold_gain":0.0,"event_name":"Forgotten Altar","player_choice":"Shed Blood","floor":20.0,"gold_loss":0.0,"damage_taken":29.0}],"is_beta":false,"boss_relics":[{"not_picked":["Black Blood","Runic Cube"],"picked":"Mark of Pain"}],"items_purged_floors":[],"is_endless":false,"potions_floor_spawned":[12,16],"killed_by":"Cultist and Chosen","ascension_level":20}}