{"host":"ur8591ivwt16uwtw","time":1614454614,"event":{"mods":["BaseMod","Hubris","Minty Spire (QoL Compilation)","Rare Cards Sparkle","Replay The Spire","StSLib","The Disciple","The Necromancer","The Runesmith","The Servant 0.9.4"],"gold_per_floor":[109,34,54,70,70,70,104,104,104,137,137,166,182,194,194,298,348,366,192,206,131,131,165,165,195,195,209,4,19,35,52,52,150,150,170,170,181,195,36,36,62,62,89,89,118,118,147,159,159,159,159,159,8,39,39],"floor_reached":56,"language":"ENG","playtime":3276,"items_purged":["Strike_W","Defend_W"],"score":1763,"play_id":"69989c8d-ec57-4bea-acfe-805e337c63c8","local_time":"20210227203654","is_ascension_mode":true,"campfire_choices":[{"data":"Negative_Energy_Arrows","floor":6.0,"key":"SMITH"},{"data":"Bone_Wall","floor":8.0,"key":"SMITH"},{"data":"Siphon_Strength","floor":11.0,"key":"SMITH"},{"data":"Defend_W","floor":15.0,"key":"PURGE"},{"data":"Hellfire","floor":24.0,"key":"SMITH"},{"data":"Pot Of Greed","floor":32.0,"key":"SMITH"},{"data":"Grasp_Heart","floor":40,"key":"SMITH"},{"floor":42,"key":"RECALL"},{"data":"Pot Of Greed","floor":44,"key":"SMITH"},{"floor":46,"key":"REST"},{"data":"Secret Weapon","floor":52,"key":"SMITH"}],"circlet_count":0,"master_deck":["Negative_Energy_Arrows+1","Bone_Wall+1","Negative_Energy_Javelin+1","Acid_Javelin+1","Blood_Curse+1","Siphon_Strength+1","Spectral_Armor+1","Hellfire+1","Blood_Shield+1","Spectral_Armor+1","Grasp_Heart+1","Summon_Undead_Army+1","Pot Of Greed+1","Blood_Shield+1","Secret Weapon+1"],"relics":["Astrolabe","Smiling Mask","The Courier","hubris:CrystalStatue","hubris:CuriousFeather","Tiny House","TheAbacus","Strawberry","Grinning Jar","Replay:WaspNest","Velvet Choker","Replay:Wax Seal","Membership Card","Replay:Baseball","Omamori","BranchBurnRelic","hubris:TenFootPole","hubris:TinFlute"],"acts_visited":[],"potions_floor_usage":[33,41,41,45,50,55],"damage_taken":[{"damage":0.0,"enemies":"Small Slimes","floor":1.0,"turns":2.0},{"damage":0.0,"enemies":"2 Louse","floor":3.0,"turns":2.0},{"damage":0.0,"enemies":"Jaw Worm","floor":4.0,"turns":3.0},{"damage":12.0,"enemies":"3 Sentries","floor":7.0,"turns":8.0},{"damage":1.0,"enemies":"Gremlin Nob","floor":10.0,"turns":3.0},{"damage":0.0,"enemies":"3 Sentries","floor":12.0,"turns":7.0},{"damage":0.0,"enemies":"Gremlin Gang","floor":13.0,"turns":3.0},{"damage":0.0,"enemies":"3 Louse","floor":14.0,"turns":2.0},{"damage":0.0,"enemies":"Fading Forest","floor":16.0,"turns":11.0},{"damage":0.0,"enemies":"3 Byrds","floor":18.0,"turns":5.0},{"damage":1.0,"enemies":"2 Thieves","floor":20.0,"turns":3.0},{"damage":0.0,"enemies":"Gremlin Leader","floor":23.0,"turns":4.0},{"damage":0.0,"enemies":"Book of Stabbing","floor":25.0,"turns":4.0},{"damage":0.0,"enemies":"Snake Plant","floor":27.0,"turns":2.0},{"damage":0.0,"enemies":"3 Cultists","floor":29.0,"turns":3.0},{"damage":0.0,"enemies":"Snecko","floor":30.0,"turns":4.0},{"damage":0.0,"enemies":"Centurion and Healer","floor":31.0,"turns":5.0},{"damage":0,"enemies":"Collector","floor":33,"turns":5},{"damage":1,"enemies":"3 Shapes","floor":35,"turns":5},{"damage":1,"enemies":"3 Darklings","floor":37,"turns":3},{"damage":1,"enemies":"Spire Growth","floor":38,"turns":3},{"damage":1,"enemies":"Reptomancer","floor":41,"turns":4},{"damage":14,"enemies":"R_Hoarder","floor":45,"turns":6},{"damage":4,"enemies":"Reptomancer","floor":47,"turns":5},{"damage":1,"enemies":"Writhing Mass","floor":48,"turns":3},{"damage":10,"enemies":"Donu and Deca","floor":50,"turns":10},{"damage":12,"enemies":"Shield and Spear","floor":54,"turns":9},{"damage":12,"enemies":"The Heart","floor":55,"turns":7}],"seed_played":"8993920312707971840","potions_obtained":[{"floor":3.0,"key":"FearPotion"},{"floor":7.0,"key":"EntropicBrew"},{"floor":13.0,"key":"Fire Potion"},{"floor":23.0,"key":"Swift Potion"},{"floor":31.0,"key":"AttackPotion"},{"floor":37,"key":"Fire Potion"},{"floor":38,"key":"PowerPotion"},{"floor":47,"key":"Dexterity Potion"}],"is_trial":false,"path_per_floor":["M","$","M","M","?","R","E","R","T","E","R","E","M","M","R","B",null,"M","$","M","?","?","E","R","E","T","M","$","M","M","M","R","B",null,"M","$","M","M","$","R","E","R","T","R","E","R","E","M","R","B",null,"R","$","E","B",null],"character_chosen":"NECROMANCER","items_purchased":["TheAbacus","Replay:WaspNest","Replay:Wax Seal","Membership Card","Energy Potion","Venom Potion","Adrenaline Potion","Dexterity Potion","SpeedPotion","Block Potion","FearPotion"],"campfire_rested":1,"item_purchase_floors":[19,28,39,39,53,53,53,53,53,53,53],"current_hp_per_floor":[75,75,75,75,80,80,68,68,68,67,67,67,67,67,67,67,82,82,82,81,81,81,88,88,88,88,88,88,88,88,88,88,88,91,90,90,89,88,88,88,87,87,87,87,79,92,89,88,88,83,90,90,90,81,69],"gold":39,"neow_bonus":"BOSS_RELIC","is_daily":false,"chose_seed":false,"campfire_upgraded":8,"win_rate":0.0,"timestamp":1614454614,"path_taken":["M","$","M","M","?","R","E","R","T","E","R","E","M","M","R","BOSS","M","$","M","?","?","E","R","E","T","M","$","M","M","M","R","BOSS","M","$","M","M","$","R","E","R","T","R","E","R","E","M","R","BOSS","R","$","E","BOSS"],"items_purchased_type":["Relic","Relic","Relic","Relic","Potion","Potion","Potion","Potion","Potion","Potion","Potion"],"build_version":"2020-12-22","purchased_purges":2,"victory":true,"max_hp_per_floor":[75,75,75,75,80,80,80,80,80,80,80,80,80,80,80,80,85,85,85,85,85,85,92,92,92,92,92,92,92,92,92,92,92,92,92,92,92,92,92,92,92,92,92,92,92,92,92,92,92,92,92,92,92,92,92],"card_choices":[{"not_picked":["Bone_Armor","Death_Coil","Bone_Shift"],"picked":"SKIP","floor":1.0},{"not_picked":["Bone_Spikes","Blood_Curse","Negative_Energy_Shield"],"picked":"SKIP","floor":3.0},{"not_picked":["Death_Coil","Chill_Blood","Thousand_Bone_Knives"],"picked":"SKIP","floor":4.0},{"not_picked":["Blood_Curse","Blood_for_Blood","Negative_Energy_Bomb"],"picked":"SKIP","floor":7.0},{"not_picked":["Spectral_Walk","Bone_Bullets"],"picked":"Siphon_Strength","floor":10.0},{"not_picked":["Life_Drain","Finger_Of_Death","Negative_Energy_Javelin"],"picked":"SKIP","floor":12.0},{"not_picked":["Negative_Energy_Shield","Negative_Energy_Sphere"],"picked":"Spectral_Armor","floor":13.0},{"not_picked":["Negative_Energy_Mist","Summon_Lich","Vampiric_Strike"],"picked":"SKIP","floor":14.0},{"not_picked":["Detonate_Bones","Blood_Wake"],"picked":"Hellfire","floor":16.0},{"not_picked":["Corrupt+1","Deaths_Shadow"],"picked":"Blood_Shield+1","floor":18.0},{"not_picked":["Bone_Spikes","Flesh_Made_Foul","Thousand_Bone_Knives"],"picked":"SKIP","floor":20.0},{"not_picked":["Bone_Shift","Finger_Of_Death","Negative_Energy_Sphere"],"picked":"SKIP","floor":23.0},{"not_picked":["Blood_Wake","Summon_Undead","Blood_Whip"],"picked":"SKIP","floor":25.0},{"not_picked":["Slay_Living","Negative_Energy_Mist"],"picked":"Spectral_Armor+1","floor":27.0},{"not_picked":["Negative_Energy_Sphere","Shackles_Of_Pain","Violent_Necrosis"],"picked":"SKIP","floor":29.0},{"not_picked":["Negative_Energy_Mist","Toxic_Smoke_Screen","Summon_Undead"],"picked":"SKIP","floor":30.0},{"not_picked":["Blood_Wake","Shade_Step","Bone_Shift+1"],"picked":"SKIP","floor":31.0},{"not_picked":["Negative_Energy_Bomb","Requiem"],"picked":"Grasp_Heart","floor":33},{"not_picked":["Blood_Shield","Bone_Spikes","Blood_for_Blood"],"picked":"SKIP","floor":35},{"not_picked":["Blood_Shield","Bone_Spikes","Blood_for_Blood"],"picked":"SKIP","floor":35},{"not_picked":["Violent_Necrosis+1","Shade_Step","Death_Coil"],"picked":"SKIP","floor":37},{"not_picked":["Blood_Curse+1","Negative_Energy_Sphere+1","Shackles_Of_Pain+1"],"picked":"SKIP","floor":38},{"not_picked":["Consume_Illness","Negative_Energy_Javelin+1"],"picked":"Summon_Undead_Army+1","floor":41},{"not_picked":["Negative_Energy_Javelin+1","Scare","Consume_Illness"],"picked":"SKIP","floor":45},{"not_picked":["Flesh_Made_Foul+1","Finger_Of_Death+1","Consume_Illness"],"picked":"SKIP","floor":47},{"not_picked":["Bone_Bullets+1","Bone_Spikes"],"picked":"Blood_Shield+1","floor":48},{"not_picked":["Death_Coil+1","Life_Tap","Blood_Magic"],"picked":"SKIP","floor":54}],"player_experience":2371407,"relics_obtained":[{"floor":7.0,"key":"Smiling Mask"},{"floor":9.0,"key":"The Courier"},{"floor":10.0,"key":"hubris:CrystalStatue"},{"floor":12.0,"key":"hubris:CuriousFeather"},{"floor":23.0,"key":"Strawberry"},{"floor":25.0,"key":"Grinning Jar"},{"floor":41,"key":"Replay:Baseball"},{"floor":43,"key":"Omamori"},{"floor":45,"key":"Dead Branch"},{"floor":47,"key":"hubris:TenFootPole"},{"floor":54,"key":"hubris:TinFlute"}],"event_choices":[{"damage_healed":0.0,"max_hp_gain":5.0,"max_hp_loss":0.0,"gold_gain":0.0,"event_name":"Big Fish","player_choice":"Donut","floor":5.0,"gold_loss":0.0,"damage_taken":0.0},{"cards_removed":["Defend_W"],"damage_healed":0.0,"max_hp_gain":0.0,"max_hp_loss":0.0,"gold_gain":0.0,"event_name":"Beggar","player_choice":"Gave Gold","floor":21.0,"gold_loss":75.0,"damage_taken":0.0},{"cards_removed":["Defend_W"],"damage_healed":0.0,"max_hp_gain":0.0,"max_hp_loss":0.0,"gold_gain":0.0,"event_name":"Back to Basics","player_choice":"Elegance","floor":22.0,"gold_loss":0.0,"damage_taken":0.0}],"is_beta":false,"boss_relics":[{"not_picked":["hubris:CrackedHourglass","hubris:GrandSneckoEye"],"picked":"Tiny House"},{"not_picked":["Replay:Bronze Core","Replay:Ancient Bell"],"picked":"Velvet Choker"}],"items_purged_floors":[2,19],"is_endless":false,"potions_floor_spawned":[3,7,13,18,23,27,30,31,37,38,47],"ascension_level":5}}