{"host":"7h05nr6qm89lgkco","time":1614405521,"event":{"mods":["BaseMod","Bestiary","Block Reminder","ChefMod","Colored Powertips","DeckTracker","Downfall","Friendly Minions","Minty Spire (QoL Compilation)","Quick Restart","Rare Cards Sparkle","Relic Stats","StSLib","The Cursed","The Poker Player","Unceasing Turn Reminder"],"gold_per_floor":[99,116,116,130,230,248,272,304,319,494,529,542,308,335,350,455,455,355,371,471,523,547,580,649,649,663,310,310,339,357,357,368,472,472,372,392,406,150,205,105,128,128,153,153,153,153,153,181,196,196,196,225,28,28,28,28],"floor_reached":57,"language":"ZHS","playtime":3872,"items_purged":["Doubt","downfall:Malfunctioning"],"score":1523,"play_id":"d5d61677-b224-471e-86fc-8af298256c78","local_time":"20210227135841","is_ascension_mode":true,"campfire_choices":[{"data":"champ:Execute","floor":1.0,"key":"SMITH"},{"data":"champ:IgnorePain","floor":18.0,"key":"SMITH"},{"floor":35.0,"key":"RECALL"},{"data":"champ:Improvising","floor":40.0,"key":"SMITH"},{"data":"expansioncontent:Hexaburn","floor":46.0,"key":"SMITH"},{"data":"champ:Lariat","floor":54,"key":"SMITH"}],"circlet_count":0,"master_deck":["champ:Strike+1","champ:Strike","champ:Strike+1","champ:Strike+1","champ:Defend+1","champ:Defend","champ:Defend","champ:Defend","champ:Execute+1","champ:Taunt+1","champ:Shatter+1","champ:CrownThrow+1","champ:RecklessLeap","champ:RisingSlash","champ:StanceDance","champ:HoldFirm","champ:RageSigil","champ:FaceSlap","champ:ViciousMockery","champ:IgnorePain+1","champ:Lariat+1","champ:Improvising+1","expansioncontent:Chronoboost","champ:AdrenalArmor+1","champ:Improvising","champ:FocusedBerserking+1","champ:HeartStrike+1","expansioncontent:Chronoboost","expansioncontent:Hexaburn+1","champ:RageSigil","champ:MurderStrike","expansioncontent:QuickStudy"],"relics":["champ:ChampionCrown","Tiny Chest","Whetstone","Centennial Puzzle","Pen Nib","Thread and Needle","Philosopher\u0027s Stone","downfall:HeartBlessingGreen","champ:BlackKnightHelmet","Ornamental Fan","PreservedInsect","MealTicket","Matryoshka","Happy Flower","Bag of Preparation","Blood Vial","Bottled Tornado","Coffee Dripper","downfall:HeartBlessingBlue","champ:BerserkersGuideToSlaughter","War Paint","Ginger","Lizard Tail","downfall:HeartBlessingRed","Akabeko","Dream Catcher","Boot","Mummified Hand","HornCleat","Guardian:PocketSentry"],"acts_visited":["Exordium","TheCity","TheBeyond","TheEnding"],"potions_floor_usage":[56,56,56],"damage_taken":[{"damage":10.0,"enemies":"2 Louse","floor":2.0,"turns":2.0},{"damage":19.0,"enemies":"Jaw Worm","floor":4.0,"turns":2.0},{"damage":0.0,"enemies":"Cultist","floor":6.0,"turns":3.0},{"damage":52.0,"enemies":"3 Sentries","floor":8.0,"turns":7.0},{"damage":26.0,"enemies":"Blue Slaver","floor":9.0,"turns":3.0},{"damage":23.0,"enemies":"Gremlin Nob","floor":11.0,"turns":3.0},{"damage":34.0,"enemies":"2 Fungi Beasts","floor":12.0,"turns":2.0},{"damage":20.0,"enemies":"downfall:FleeingMerchant","floor":13.0,"turns":4.0},{"damage":30.0,"enemies":"Lagavulin","floor":14.0,"turns":5.0},{"damage":5.0,"enemies":"Exordium Wildlife","floor":15.0,"turns":2.0},{"damage":36.0,"enemies":"WA_ARCHETYPE_RETAIN","floor":16.0,"turns":5.0},{"damage":27.0,"enemies":"downfall:LooterAlt2","floor":19.0,"turns":2.0},{"damage":116.0,"enemies":"downfall:LooterAlt2","floor":20.0,"turns":8.0},{"damage":38.0,"enemies":"Slavers","floor":23.0,"turns":4.0},{"damage":47.0,"enemies":"3 Byrds","floor":26.0,"turns":4.0},{"damage":40.0,"enemies":"downfall:FleeingMerchant","floor":27.0,"turns":4.0},{"damage":66.0,"enemies":"Gremlin Leader","floor":29.0,"turns":7.0},{"damage":30.0,"enemies":"Centurion and Healer","floor":30.0,"turns":5.0},{"damage":8.0,"enemies":"Snake Plant","floor":32.0,"turns":4.0},{"damage":89.0,"enemies":"SI_MIRROR_ARCHETYPE","floor":33.0,"turns":10.0},{"damage":5.0,"enemies":"Orb Walker","floor":36.0,"turns":2.0},{"damage":64.0,"enemies":"3 Darklings","floor":37.0,"turns":6.0},{"damage":67.0,"enemies":"downfall:FleeingMerchant","floor":38.0,"turns":3.0},{"damage":69.0,"enemies":"2 Orb Walkers","floor":39.0,"turns":4.0},{"damage":40.0,"enemies":"Giant Head","floor":43.0,"turns":3.0},{"damage":10.0,"enemies":"Reptomancer","floor":48.0,"turns":2.0},{"damage":25,"enemies":"Writhing Mass","floor":49,"turns":4},{"damage":101,"enemies":"DF_ARCHETYPE_ORBS","floor":50,"turns":5},{"damage":40,"enemies":"downfall:CharBossMerchant","floor":52,"turns":3},{"damage":101,"enemies":"downfall:NeowBoss","floor":55,"turns":11},{"damage":75,"enemies":"downfall:NeowBossFinal","floor":56,"turns":6}],"seed_played":"5770520099811592439","potions_obtained":[{"floor":2.0,"key":"SpeedPotion"},{"floor":6.0,"key":"SkillPotion"},{"floor":9.0,"key":"Energy Potion"},{"floor":16.0,"key":"AttackPotion"},{"floor":20.0,"key":"FearPotion"},{"floor":23.0,"key":"Weak Potion"},{"floor":28.0,"key":"CultistPotion"},{"floor":32.0,"key":"FearPotion"},{"floor":33.0,"key":"champ:UltimateStancePotion"}],"is_trial":false,"path_per_floor":["R","M","?","M","?","M","T","E","M","?","E","M","$","E","M","B",null,"R","M","?","T","T","E","T","?","M","$","?","E","M","T","M","B",null,"R","M","M","$","?","R","T","?","E","?","T","R","?","E","M","B",null,"E","$","R","B","B",null],"character_chosen":"THE_CHAMP","items_purchased":["Pen Nib","expansioncontent:Chronoboost","Happy Flower","champ:BerserkersGuideToSlaughter","War Paint","Ginger","expansioncontent:QuickStudy"],"campfire_rested":0,"item_purchase_floors":[13,27,27,38,38,38,53],"current_hp_per_floor":[90,90,90,81,81,81,81,49,43,43,35,31,31,31,31,16,90,90,88,32,32,32,24,24,54,57,72,72,56,61,61,80,59,90,100,100,100,98,91,91,91,91,100,90,90,90,90,100,100,69,100,100,100,100,94,80],"gold":28,"neow_bonus":"UPGRADE_CARD","is_daily":false,"chose_seed":false,"campfire_upgraded":5,"win_rate":0.0,"timestamp":1614405521,"path_taken":["R","M","?","M","?","?","T","E","M","?","E","M","$","E","M","BOSS","R","M","?","?","?","E","T","?","M","$","?","E","?","?","M","BOSS","R","M","M","$","?","R","T","?","E","?","?","R","?","E","M","BOSS","E","$","R","BOSS","BOSS"],"items_purchased_type":["Relic","Card","Relic","Relic","Relic","Relic","Card"],"build_version":"2020-12-22","purchased_purges":2,"victory":true,"max_hp_per_floor":[90,90,90,90,90,90,90,90,90,90,90,90,90,90,90,90,90,90,90,90,90,90,90,90,90,90,90,90,90,90,90,90,90,90,100,100,100,100,100,100,100,100,100,100,100,100,100,100,100,100,100,100,100,100,100,100],"relic_stats":{"Happy Flower":[25],"counters":[31,134],"Pen Nib":[24],"PreservedInsect":403,"Bag of Preparation":[28],"Whetstone":["champ:CrownThrow","champ:Strike"],"Ginger":[15],"War Paint":["champ:Defend","champ:BerserkersShout"],"Boot":[5],"Blood Vial":12,"Centennial Puzzle":[75],"Lizard Tail":0,"Dream Catcher":0,"Ornamental Fan":[164],"Mummified Hand":[31],"Tiny Chest":3,"MealTicket":15,"obtain_stats":[{"champ:BlackKnightHelmet":20,"champ:ChampionCrown":0,"downfall:HeartBlessingGreen":18,"Bag of Preparation":29,"Whetstone":8,"Ginger":38,"Bottled Tornado":31,"Boot":43,"Blood Vial":31,"Centennial Puzzle":11,"Lizard Tail":39,"Dream Catcher":41,"Matryoshka":24,"HornCleat":48,"downfall:HeartBlessingBlue":35,"Mummified Hand":45,"Tiny Chest":7,"Philosopher\u0027s Stone":17,"MealTicket":23,"champ:BerserkersGuideToSlaughter":38,"Happy Flower":27,"downfall:HeartBlessingRed":40,"Thread and Needle":14,"Pen Nib":13,"PreservedInsect":21,"Guardian:PocketSentry":52,"War Paint":38,"Akabeko":41,"Ornamental Fan":20,"Coffee Dripper":34},{"champ:BlackKnightHelmet":13,"champ:ChampionCrown":0,"downfall:HeartBlessingGreen":11,"Bag of Preparation":17,"Whetstone":4,"Ginger":23,"Bottled Tornado":18,"Boot":25,"Blood Vial":18,"Centennial Puzzle":6,"Lizard Tail":24,"Dream Catcher":24,"Matryoshka":14,"HornCleat":26,"downfall:HeartBlessingBlue":20,"Mummified Hand":25,"Tiny Chest":3,"Philosopher\u0027s Stone":11,"MealTicket":14,"champ:BerserkersGuideToSlaughter":23,"Happy Flower":16,"downfall:HeartBlessingRed":24,"Thread and Needle":9,"Pen Nib":8,"PreservedInsect":13,"Guardian:PocketSentry":29,"War Paint":23,"Akabeko":24,"Ornamental Fan":13,"Coffee Dripper":20},{"champ:BlackKnightHelmet":48,"champ:ChampionCrown":0,"downfall:HeartBlessingGreen":38,"Bag of Preparation":67,"Whetstone":14,"Ginger":96,"Bottled Tornado":72,"Boot":103,"Blood Vial":72,"Centennial Puzzle":20,"Lizard Tail":100,"Dream Catcher":100,"Matryoshka":52,"HornCleat":105,"downfall:HeartBlessingBlue":85,"Mummified Hand":103,"Tiny Chest":7,"Philosopher\u0027s Stone":38,"MealTicket":52,"champ:BerserkersGuideToSlaughter":96,"Happy Flower":60,"downfall:HeartBlessingRed":100,"Thread and Needle":31,"Pen Nib":26,"PreservedInsect":48,"Guardian:PocketSentry":117,"War Paint":96,"Akabeko":100,"Ornamental Fan":48,"Coffee Dripper":85}]},"card_choices":[{"not_picked":["champ:EndlessRage","champ:GladiatorStyle"],"picked":"champ:Shatter","floor":2.0},{"not_picked":["champ:ShieldSigil","champ:TornadoPunch"],"picked":"champ:CrownThrow","floor":4.0},{"not_picked":["champ:GutPunch","champ:DefensiveShout"],"picked":"champ:RecklessLeap","floor":6.0},{"not_picked":["champ:SwordSigil","champ:Shatter"],"picked":"champ:BerserkersShout","floor":8.0},{"not_picked":["champ:FocusedDefense","champ:BerserkerStyle"],"picked":"champ:RisingSlash","floor":9.0},{"not_picked":["champ:DefensiveStyle","champ:FocusedBerserking"],"picked":"champ:StanceDance","floor":11.0},{"not_picked":["champ:BladeFlurry","champ:BringItOn"],"picked":"champ:HoldFirm","floor":12.0},{"not_picked":["champ:Shatter","champ:BerserkersShout"],"picked":"champ:RageSigil","floor":13.0},{"not_picked":["champ:FanOfKnives","champ:BringItOn"],"picked":"champ:FaceSlap","floor":14.0},{"not_picked":["champ:FalseCounter","champ:FlashCut"],"picked":"champ:ViciousMockery","floor":15.0},{"not_picked":["champ:EnchantShield","champ:MurderStrike"],"picked":"champ:IgnorePain","floor":16.0},{"not_picked":["champ:PerfectedStrike","champ:Endure","champ:ShieldSigil"],"picked":"SKIP","floor":19.0},{"not_picked":["champ:DefensiveShout","champ:Shatter"],"picked":"champ:Lariat","floor":23.0},{"not_picked":["champ:GutPunch","champ:PreciseThrust+1","champ:Haymaker"],"picked":"SKIP","floor":26.0},{"not_picked":["champ:Circumvent","champ:Shatter"],"picked":"champ:Improvising","floor":27.0},{"not_picked":["champ:ShieldSigil","champ:RecklessLeap+1","champ:BringItOn"],"picked":"SKIP","floor":29.0},{"not_picked":["champ:ShieldWall+1","champ:ArenaPreparation","champ:StanceDance"],"picked":"SKIP","floor":30.0},{"not_picked":["champ:DefensiveShout","champ:MurderStrike"],"picked":"champ:AdrenalArmor+1","floor":32.0},{"not_picked":["champ:MurderStrike","champ:DancingMaster"],"picked":"champ:Improvising","floor":33.0},{"not_picked":["champ:EnGarde","champ:GutPunch"],"picked":"champ:FocusedBerserking+1","floor":36.0},{"not_picked":["champ:CrookedStrike","champ:Duel","champ:DeathBlow"],"picked":"SKIP","floor":37.0},{"not_picked":["champ:FlashCut","champ:AdrenalArmor"],"picked":"champ:HeartStrike+1","floor":38.0},{"not_picked":["champ:CheapShot","champ:PerfectedStrike","champ:RisingSlash+1"],"picked":"SKIP","floor":43.0},{"not_picked":["expansioncontent:GuardianWhirl","expansioncontent:AwakenDeath"],"picked":"expansioncontent:Chronoboost","floor":44.0},{"not_picked":["expansioncontent:GuardianWhirl","expansioncontent:YouAreMine"],"picked":"expansioncontent:Hexaburn","floor":44.0},{"not_picked":["champ:BladeFlurry","champ:Backstep+1","champ:RapidStrikes"],"picked":"SKIP","floor":48.0},{"not_picked":["champ:DefensiveShout+1","champ:Haymaker"],"picked":"champ:RageSigil","floor":49},{"not_picked":["champ:FalseCounter","champ:ShieldSigil"],"picked":"champ:MurderStrike","floor":52}],"player_experience":933486,"relics_obtained":[{"floor":7.0,"key":"Tiny Chest"},{"floor":8.0,"key":"Whetstone"},{"floor":11.0,"key":"Centennial Puzzle"},{"floor":14.0,"key":"Thread and Needle"},{"floor":20.0,"key":"champ:BlackKnightHelmet"},{"floor":20.0,"key":"Ornamental Fan"},{"floor":21.0,"key":"PreservedInsect"},{"floor":23.0,"key":"MealTicket"},{"floor":24.0,"key":"Matryoshka"},{"floor":29.0,"key":"Bag of Preparation"},{"floor":31.0,"key":"Blood Vial"},{"floor":31.0,"key":"Bottled Tornado"},{"floor":39.0,"key":"Lizard Tail"},{"floor":41.0,"key":"Akabeko"},{"floor":41.0,"key":"Dream Catcher"},{"floor":43.0,"key":"Boot"},{"floor":45.0,"key":"Mummified Hand"},{"floor":48.0,"key":"HornCleat"},{"floor":52,"key":"Guardian:PocketSentry"}],"event_choices":[{"damage_healed":30.0,"max_hp_gain":0.0,"max_hp_loss":0.0,"gold_gain":0.0,"event_name":"The Library","player_choice":"Heal","floor":25.0,"gold_loss":0.0,"damage_taken":0.0},{"damage_healed":0.0,"max_hp_gain":0.0,"max_hp_loss":0.0,"gold_gain":0.0,"event_name":"Mysterious Sphere","player_choice":"Fight","floor":39.0,"gold_loss":0.0,"damage_taken":0.0},{"cards_removed":["champ:BerserkersShout"],"damage_healed":0.0,"max_hp_gain":0.0,"max_hp_loss":0.0,"gold_gain":0.0,"event_name":"Falling","player_choice":"Removed Skill","floor":47.0,"gold_loss":0.0,"damage_taken":0.0}],"is_beta":false,"boss_relics":[{"not_picked":["Tiny House","Pandora\u0027s Box"],"picked":"Philosopher\u0027s Stone"},{"not_picked":["Calling Bell","Black Star"],"picked":"Coffee Dripper"}],"items_purged_floors":[13,27],"is_endless":false,"potions_floor_spawned":[2,6,9,16,20,23,32,33,37,39,49],"ascension_level":2}}