{"host":"g5ctwwsvxeihc2vr","time":1614401065,"event":{"mods":["Act Like it!","BaseMod","Bestiary","Better Third Choice","Block Reminder","CapriCore","Dio Mod","Downfall","Hermit","JesterMod","Jorbs\u0027s Wanderer Trilogy","Koishi","Library of Ruina","Library of Ruina Extra","Luminous","Marisa????????","Minty Spire (QoL Compilation)","Reimu??????","Remilia??????","Ruina","StSLib","The Alterego","The Animator","The Bug Knight","The Cursed","The Hierophant","The Immortal","The Marked","The Runesmith","The Servant 0.9.4","The Wild Card","Waifu the Spire"],"gold_per_floor":[112,131,147,147,162,189,200,218,241,253,253,264,264,264,264,363,363,382,392,412,424,424,424,532,388,388,388,388,400,416,434,434,535,535,549,549,565,565,585,585,596,596,675,373,401,401,96,114,114,114,114],"floor_reached":52,"language":"ENG","playtime":4612,"items_purged":[],"score":690,"play_id":"4f98acde-9220-4f0f-b8d0-ffe013005c51","local_time":"20210226234425","is_ascension_mode":false,"campfire_choices":[{"floor":11,"key":"REST"},{"floor":13,"key":"REST"},{"data":"BiAn","floor":15,"key":"SMITH"},{"floor":23,"key":"RECALL"},{"floor":27,"key":"REST"},{"floor":32,"key":"REST"},{"floor":40,"key":"REST"},{"floor":42,"key":"REST"},{"floor":46,"key":"REST"},{"floor":49,"key":"REST"}],"circlet_count":0,"master_deck":["Dodge","LightDefense","LightAttack","LightAttack","LightAttack","LightDefense","LightDefense","LightDefense","ChargeAndCover","FocusedStrikes","SuppressingShot","DimensionalRift","QuickAttack","GrazeTheGrass","BattleCommand","BiAn+1","SwordOfVolition","ReadyUp","ChargeAndCover","Fence+1","AsThePrescriptOrders","Struggle+1","SilentMist","CurseOfTheBell","Parasite"],"relics":["PageOfLibrarian","PageOfGreed","PageOfTheQueenOfHatred","Fusion Hammer","Anchor","Calling Bell","Potion Belt","Runesmith:Nanobots","CaptainsWheel","PageOfTheKnightOfDespair","Strawberry","Blood Vial","PageOfWrath","PageOfMountain","PageOfNihil"],"acts_visited":["Exordium","ruina:Briah","TheBeyond"],"potions_floor_usage":[39],"damage_taken":[{"damage":3.0,"enemies":"Jaw Worm","floor":1.0,"turns":6.0},{"damage":0.0,"enemies":"Cultist","floor":2.0,"turns":3.0},{"damage":0.0,"enemies":"Small Slimes","floor":3.0,"turns":3.0},{"damage":9.0,"enemies":"Gremlin Gang","floor":5.0,"turns":6.0},{"damage":38.0,"enemies":"3 Sentries","floor":6.0,"turns":8.0},{"damage":0.0,"enemies":"3 Louse","floor":7.0,"turns":3.0},{"damage":3.0,"enemies":"Blue Slaver","floor":8.0,"turns":2.0},{"damage":0.0,"enemies":"Large Slime","floor":10.0,"turns":3.0},{"damage":1,"enemies":"Exordium Wildlife","floor":12,"turns":3},{"damage":7,"enemies":"The Guardian","floor":16,"turns":7},{"damage":0,"enemies":"ruina:3_Bats","floor":18,"turns":5},{"damage":12,"enemies":"ruina:BadWolf","floor":19,"turns":4},{"damage":0,"enemies":"ruina:3_Scarecrows","floor":20,"turns":5},{"damage":0,"enemies":"ruina:KnightOfDespair","floor":21,"turns":3},{"damage":0,"enemies":"ruina:Woodsman","floor":29,"turns":5},{"damage":1,"enemies":"ruina:KingOfGreed","floor":30,"turns":6},{"damage":0,"enemies":"ruina:QueenOfHate","floor":31,"turns":5},{"damage":25,"enemies":"ruina:Ozma","floor":33,"turns":17},{"damage":0,"enemies":"Orb Walker","floor":35,"turns":5},{"damage":25,"enemies":"3 Shapes","floor":37,"turns":5},{"damage":1,"enemies":"Transient","floor":39,"turns":5},{"damage":0,"enemies":"Writhing Mass","floor":41,"turns":9},{"damage":13,"enemies":"Nemesis","floor":45,"turns":10},{"damage":52,"enemies":"Maw","floor":48,"turns":10},{"damage":10,"enemies":"Donu and Deca","floor":50,"turns":12}],"seed_played":"-2672591507817634936","potions_obtained":[{"floor":2.0,"key":"SteroidPotion"},{"floor":3.0,"key":"Ancient Potion"},{"floor":6.0,"key":"bronze:BurnAndBuffPotion"},{"floor":7.0,"key":"SteroidPotion"},{"floor":37,"key":"Explosive Potion"},{"floor":45,"key":"LiquidMemories"},{"floor":48,"key":"Block Potion"}],"is_trial":false,"path_per_floor":["M","M","M","?","M","E","M","M","T","M","R","M","R","?","R","B",null,"M","M","M","M","?","R","?","$","T","R","?","M","M","M","R","B",null,"M","?","M","$","M","R","M","R","T","$","E","R","$","M","R","B",null,null],"character_chosen":"Librarian","items_purchased":["Anchor","Strawberry","Blood Vial","PageOfMountain"],"campfire_rested":8,"item_purchase_floors":[25,44,44,47],"current_hp_per_floor":[63,63,63,63,54,16,16,13,13,16,40,42,66,66,66,66,83,83,72,77,81,81,81,81,81,81,83,83,83,83,83,83,65,83,83,83,60,60,65,95,101,101,101,108,97,108,108,66,98,99,99],"gold":114,"neow_bonus":"TEN_PERCENT_HP_BONUS","is_daily":false,"chose_seed":false,"campfire_upgraded":1,"win_rate":0.0,"timestamp":1614401065,"path_taken":["M","M","M","?","M","E","M","M","T","?","R","M","R","?","R","BOSS","M","M","M","?","?","R","?","?","T","R","?","?","M","M","R","BOSS","M","?","M","$","M","R","M","R","T","$","E","R","?","M","R","BOSS"],"items_purchased_type":["Relic","Relic","Relic","Relic"],"build_version":"2020-12-22","purchased_purges":0,"victory":true,"max_hp_per_floor":[83,83,76,76,76,83,83,83,83,83,83,83,83,83,83,83,83,83,83,83,83,83,83,83,83,83,83,83,83,83,83,83,83,83,83,83,83,83,101,101,101,101,101,108,108,108,108,108,108,108,108],"card_choices":[{"not_picked":["SinglePointStab","UndertakePrescript","Wallop_lor","ViolentFlame","DirtyBlow","BalefulBrand","Faith","HandleRequest"],"picked":"SuppressingShot","floor":1.0},{"not_picked":["Leap_lor","Wallop_lor","HardRehearsal","SharpSwipe","ChopItOff","GreatSerpentsImpact","ToOvercomeCrisis","DefenseOrder"],"picked":"DimensionalRift","floor":2.0},{"not_picked":["SmokingPipe","YoureTooSlow","StructuralAnalysis","FleetEdge","Thirst","Wallop_lor","Leap_lor","TrimTheIngredients"],"picked":"QuickAttack","floor":3.0},{"not_picked":["MindCrush","EndlessBattle","WillOfThePrescript","StrongStrike","SunsetBlade","Multislash","Commandeering","PinpointShot"],"picked":"GrazeTheGrass","floor":5.0},{"not_picked":["Quickness","RhinoRam","DarkCloud","ViolentFlame","Brawl","Punishment","Unlock1","SunsetBlade"],"picked":"BattleCommand","floor":6.0},{"not_picked":["SharpSwipe","DefenseOrder","PreemptiveStrike","UncannyStrike","BoundaryOfDeath","ViolentFlame","EnergyCycle","Multislash"],"picked":"BiAn","floor":7.0},{"not_picked":["DesperateStruggle","ForcefulGesture","Thrust","BackAttack","EnergyCycle","EnergyShield","SearingSword","WillOfThePrescript"],"picked":"SwordOfVolition","floor":8.0},{"not_picked":["TrashDisposal","FocusFire","ChopItOff","TheWillOfTheCity","OpportunitySpotted","BackAttack","SerpentSwordTechnique","Leap_lor"],"picked":"ReadyUp","floor":10},{"not_picked":["PreemptiveStrike","GreatSerpentsImpact","EnergyStrike","Ripple","DarkCloud","VenomousFangs","TheWillOfTheCity","KeepItFresh","Riposte"],"picked":"SKIP","floor":12},{"not_picked":["AsThePrescriptOrders+1","PuppetBlockade+1","UnavoidableGaze","YoureAHindrance+1","Deflect_lor","UndertakePrescript","WrathOfTorment","Pound"],"picked":"Fence+1","floor":18},{"not_picked":["LawAndOrder","TendonChords+1","NightInTheBackstreets","SpearedSweep","DarkCloud","StayCalm","UncannyStrike","RulesOfTheBackstreets+1","DistortedBlade"],"picked":"SKIP","floor":19},{"not_picked":["ButterflySlash+1","WillBeTasty+1","Reload","YoureTooSlow","ViolentFlame+1","FervidEmotions","GuidanceOfTheGears+1","ChiWen"],"picked":"AsThePrescriptOrders","floor":20},{"not_picked":["EndlessBattle","TrashDisposal","Multislash","Pound+1","ReadyUp","CoordinatedAssault","SuppressingShot","FierceCharge","SinglePointStab"],"picked":"SKIP","floor":21},{"not_picked":["AutonomousRush+1","GuidanceOfTheGears+1","ToOvercomeCrisis","EnergyShield","SpearedSweep","Unlock1","KeepItFresh+1","FieryWaltz"],"picked":"Struggle+1","floor":29},{"not_picked":["SmokingPipe+1","UnavoidableGaze","BlindFaith","FeatherShield","PreemptiveStrike","Parry","WillOfThePrescript","SinglePointStab"],"picked":"SilentMist","floor":30},{"not_picked":["DefenseOrder","MultiHit+1","FlamingDragonFist","SomberProcuration","MindWhip","ButterflySlash","UnavoidableGaze+1","Standoff","SetFire"],"picked":"SKIP","floor":31},{"not_picked":["Standoff+1","Parry+1","EnergyStrike+1","WrathOfTorment","SharpSwipe+1","TheWillOfTheCity+1","Gigigig","Quickness+1","AGoldenOpportunity"],"picked":"SKIP","floor":35},{"not_picked":["Eliminate","LeRegole","CoordinatedAssault","SuppressingShot","Leap_lor","FleetFootsteps+1","SharpSwipe","EndlessBattle+1","BlindFaith"],"picked":"SKIP","floor":37},{"not_picked":["HiddenBlade+1","Diversion+1","StrongStrike+1","PreemptiveStrike","Reload+1","SinglePointStab","Thrust","CoordinatedAssault","Marionette+1"],"picked":"SKIP","floor":39},{"not_picked":["StrikeDown","Retaliate","RapidGashes+1","Slice_lor","FierceCharge+1","Punishment","Faith","StrongStrike+1","SnakesPrey+1"],"picked":"SKIP","floor":41},{"not_picked":["MultiBlock+1","GatherIntel","Standoff","LawAndOrder","FieryWaltz+1","Bvapour+1","BackAttack+1","TasteMyFlamingBat+1","GuardingStance"],"picked":"SKIP","floor":45},{"not_picked":["QuickSuppression+1","BiXi","FrontalAssault+1","YourShield+1","Riposte+1","PreemptiveStrike+1","TasteMyFlamingBat","ConcentratedFire","EnergyShield+1"],"picked":"SKIP","floor":48}],"player_experience":311869,"relics_obtained":[{"floor":6.0,"key":"PageOfGreed"},{"floor":9.0,"key":"PageOfTheQueenOfHatred"},{"floor":34,"key":"Potion Belt"},{"floor":34,"key":"Runesmith:Nanobots"},{"floor":34,"key":"CaptainsWheel"},{"floor":43,"key":"PageOfTheKnightOfDespair"},{"floor":45,"key":"PageOfWrath"},{"floor":48,"key":"PageOfNihil"}],"event_choices":[{"damage_healed":0.0,"max_hp_gain":0.0,"max_hp_loss":0.0,"gold_gain":0.0,"event_name":"NoteForYourself","player_choice":"Ignored","floor":4.0,"gold_loss":0.0,"damage_taken":0.0},{"damage_healed":0,"gold_gain":0,"player_choice":"1 cards matched","damage_taken":0,"max_hp_gain":0,"max_hp_loss":0,"event_name":"Match and Keep!","floor":14,"gold_loss":0,"cards_obtained":["ChargeAndCover"]},{"damage_healed":0,"gold_gain":0,"player_choice":"Ignored","damage_taken":0,"max_hp_gain":0,"max_hp_loss":0,"event_name":"Tomb of Lord Red Mask","floor":36,"gold_loss":0}],"is_beta":false,"boss_relics":[{"not_picked":["Philosopher\u0027s Stone","Coffee Dripper"],"picked":"Fusion Hammer"},{"not_picked":["Runic Pyramid","RedLine:ReiMu"],"picked":"Calling Bell"}],"items_purged_floors":[],"is_endless":false,"potions_floor_spawned":[2,3,6,7,18,19,21,33,35,37,45,48],"ascension_level":0}}