{"host":"649x15fmap4sa1sx","time":1614391877,"event":{"mods":["2.2 Compatiblity","AchievementEnabler","BaseMod","BetterRewards","Colored Map","Conspire","Downfall","Hubris","Infinite Spire","Minty Spire (QoL Compilation)","Permanent Neow","Reliquary","Replay The Spire","Shop Mod","StSLib","The IronCluck"],"gold_per_floor":[118,137,137,87,103,131,131,33,110,121,121,135,151,45,45,45,45],"floor_reached":16,"language":"ENG","playtime":695,"items_purged":[],"score":148,"play_id":"5e3267b3-ead1-4437-a4a5-a425e0f05b88","local_time":"20210226201117","is_ascension_mode":true,"campfire_choices":[{"floor":7,"key":"REST"},{"data":"Berserk","floor":11,"key":"SMITH"},{"data":"ReplayTheSpireMod:Private Reserves","floor":15,"key":"SMITH"}],"circlet_count":0,"master_deck":["Strike_R","Strike_R","Strike_R","Defend_R","Defend_R","Defend_R","Defend_R","Bash","Massacre","Cleave","Shrug It Off","Berserk+1","Thunderclap","ReplayTheSpireMod:Private Reserves+1","Thunderclap","Iron Wave","Fire Breathing","Shrug It Off"],"relics":["Burning Blood","reliquary:Crutches","conspire:DecoderRing"],"acts_visited":["Exordium"],"potions_floor_usage":[10,16,16],"damage_taken":[{"damage":11,"enemies":"Cultist","floor":1,"turns":4},{"damage":7,"enemies":"Small Slimes","floor":2,"turns":4},{"damage":2,"enemies":"Jaw Worm","floor":5,"turns":4},{"damage":42,"enemies":"Replay:BlueRogue","floor":6,"turns":7},{"damage":5,"enemies":"3 Louse","floor":10,"turns":2},{"damage":6,"enemies":"Blue Slaver","floor":12,"turns":4},{"damage":8,"enemies":"Large Slime","floor":13,"turns":6},{"damage":47,"enemies":"The Guardian","floor":16,"turns":9}],"seed_played":"8803374579008180507","potions_obtained":[{"floor":2,"key":"Toxic Potion"},{"floor":6,"key":"SkillPotion"},{"floor":12,"key":"Block Potion"}],"is_trial":false,"path_per_floor":["M","M","?","?","M","E","R","$","T","M","R","M","M","$","R","B"],"character_chosen":"IRONCLAD","items_purchased":["ReplayTheSpireMod:Private Reserves","Fire Breathing","Shrug It Off"],"campfire_rested":1,"item_purchase_floors":[8,14,14],"current_hp_per_floor":[67,66,59,59,63,27,51,51,51,52,52,52,50,50,50,3,3],"gold":45,"neow_bonus":"RANDOM_EVENT","is_daily":false,"chose_seed":false,"campfire_upgraded":2,"win_rate":0.0,"timestamp":1614391877,"path_taken":["M","?","?","?","M","E","R","?","T","M","R","M","M","?","R","BOSS"],"items_purchased_type":["Card","Card","Card"],"build_version":"2020-12-22","purchased_purges":0,"victory":false,"max_hp_per_floor":[80,80,80,80,80,80,80,80,80,80,80,80,80,80,80,80,80],"card_choices":[{"not_picked":["Replay:Undeath\u0027s Touch","Clothesline"],"picked":"Cleave","floor":1},{"not_picked":["Reckless Charge","infinitespire:OneForAll"],"picked":"Shrug It Off","floor":2},{"not_picked":["Heavy Blade","Massacre"],"picked":"Berserk","floor":5},{"not_picked":["Life Link","Cleave"],"picked":"Thunderclap","floor":6},{"not_picked":["ReplayTheSpireMod:Muscle Training","Havoc"],"picked":"Thunderclap","floor":10},{"not_picked":["ReplayReversal","Headbutt"],"picked":"Iron Wave","floor":12},{"not_picked":["Body Slam","True Grit","Clash"],"picked":"SKIP","floor":13}],"player_experience":230096,"relics_obtained":[{"floor":6,"key":"reliquary:Crutches"},{"floor":9,"key":"conspire:DecoderRing"}],"event_choices":[{"cards_removed":["Strike_R"],"damage_healed":0,"gold_gain":0,"player_choice":"Card Removal","damage_taken":7,"max_hp_gain":0,"max_hp_loss":0,"event_name":"Golden Wing","floor":3,"gold_loss":0},{"cards_removed":["Strike_R"],"damage_healed":0,"gold_gain":0,"player_choice":"Card Removal","damage_taken":0,"max_hp_gain":0,"max_hp_loss":0,"event_name":"The Cleric","floor":4,"gold_loss":50}],"is_beta":false,"boss_relics":[],"items_purged_floors":[],"is_endless":false,"potions_floor_spawned":[2,6,12],"killed_by":"The Guardian","ascension_level":9}}