{"host":"7cp3z5w0tcrrm8ys","time":1614412820,"event":{"mods":["AchievementEnabler","BaseMod","DeckTracker","Minty Spire (QoL Compilation)","StSLib","SuperFastMode"],"gold_per_floor":[111,127,127,127,137,137,287,305,384,384,459,459,516,532,532,532,532],"floor_reached":16,"language":"KOR","playtime":269,"items_purged":[],"score":180,"play_id":"5aadc58e-c067-40f7-8682-599042e39b77","local_time":"20210227170020","is_ascension_mode":true,"campfire_choices":[{"floor":6,"key":"REST"},{"data":"Choke","floor":10,"key":"SMITH"},{"data":"Malaise","floor":12,"key":"SMITH"},{"floor":15,"key":"REST"}],"circlet_count":0,"master_deck":["AscendersBane","Strike_G","Strike_G","Strike_G+1","Strike_G","Defend_G","Defend_G","Defend_G","Defend_G","Defend_G","Survivor","Neutralize","Well Laid Plans+1","Flying Knee","Dagger Spray","Choke+1","Doubt","Malaise+1","Escape Plan"],"relics":["Ring of the Snake","Strawberry","Question Card"],"acts_visited":["Exordium"],"potions_floor_usage":[8,16],"damage_taken":[{"damage":5,"enemies":"Cultist","floor":1,"turns":5},{"damage":6,"enemies":"Small Slimes","floor":2,"turns":4},{"damage":7,"enemies":"Jaw Worm","floor":5,"turns":4},{"damage":6,"enemies":"Large Slime","floor":8,"turns":5},{"damage":3,"enemies":"Blue Slaver","floor":14,"turns":4},{"damage":31,"enemies":"Hexaghost","floor":16,"turns":14}],"seed_played":"-1939980260466666387","potions_obtained":[{"floor":5,"key":"Explosive Potion"},{"floor":8,"key":"LiquidMemories"}],"is_trial":false,"path_per_floor":["M","M","?","?","M","R","?","M","T","R","?","R","?","M","R","B"],"character_chosen":"THE_SILENT","items_purchased":[],"campfire_rested":2,"item_purchase_floors":[],"current_hp_per_floor":[54,48,37,15,8,29,29,23,23,23,12,12,12,9,30,0,0],"gold":532,"neow_bonus":"TRANSFORM_CARD","is_daily":false,"chose_seed":false,"campfire_upgraded":2,"win_rate":0.0,"timestamp":1614412820,"path_taken":["M","M","?","?","M","R","?","M","T","R","?","R","?","M","R","BOSS"],"items_purchased_type":[],"build_version":"2020-12-22","purchased_purges":0,"victory":false,"max_hp_per_floor":[66,66,73,73,73,73,73,73,73,73,73,73,73,73,73,73,73],"card_choices":[{"not_picked":["Outmaneuver","Slice"],"picked":"Flying Knee","floor":1},{"not_picked":["PiercingWail","Dodge and Roll"],"picked":"Dagger Spray","floor":2},{"not_picked":["Deflect","Backflip"],"picked":"Choke","floor":5},{"not_picked":["Prepared","Acrobatics"],"picked":"Malaise","floor":8},{"not_picked":["Accuracy","Acrobatics","Flying Knee"],"picked":"Escape Plan","floor":14}],"player_experience":838727,"relics_obtained":[{"floor":9,"key":"Question Card"}],"event_choices":[{"damage_healed":0,"gold_gain":0,"player_choice":"Success","damage_taken":18,"relics_obtained":["Strawberry"],"max_hp_gain":0,"max_hp_loss":0,"event_name":"Scrap Ooze","floor":3,"gold_loss":0},{"damage_healed":0,"gold_gain":0,"player_choice":"Entered Light","damage_taken":22,"max_hp_gain":0,"max_hp_loss":0,"event_name":"Shining Light","floor":4,"gold_loss":0,"cards_upgraded":["Strike_G","Well Laid Plans"]},{"damage_healed":0,"gold_gain":150,"player_choice":"AGREE","damage_taken":0,"max_hp_gain":0,"max_hp_loss":0,"event_name":"Liars Game","floor":7,"gold_loss":0,"cards_obtained":["Doubt"]},{"damage_healed":0,"gold_gain":75,"player_choice":"Gather Gold","damage_taken":11,"max_hp_gain":0,"max_hp_loss":0,"event_name":"World of Goop","floor":11,"gold_loss":0},{"damage_healed":0,"gold_gain":57,"player_choice":"Gained Gold","damage_taken":0,"max_hp_gain":0,"max_hp_loss":0,"event_name":"Golden Wing","floor":13,"gold_loss":0}],"is_beta":false,"boss_relics":[],"items_purged_floors":[],"is_endless":false,"potions_floor_spawned":[5,8],"killed_by":"Hexaghost","ascension_level":20}}