{"host":"g792ep1fbt4i7bvb","time":1614444326,"event":{"mods":["BaseMod","Beaked The Cultist","Colored Map","Colored Powertips","DeckTracker","Highlight Path","Minty Spire (QoL Compilation)","Relic Stats","StSLib","SuperFastMode"],"gold_per_floor":[117,135,135,153,153,153,178,161,187,38,51,51,51,65,65,168,168,185,185,185,208,220,232,278,39,39,39,39],"floor_reached":27,"language":"JPN","playtime":882,"items_purged":[],"score":300,"play_id":"85706e2b-08ca-4c9e-afc2-230f8d6aa34c","local_time":"20210228014526","is_ascension_mode":true,"campfire_choices":[{"data":"beaked:DarkPact","floor":6,"key":"SMITH"},{"data":"beaked:Recite","floor":15,"key":"SMITH"},{"data":"beaked:Brace","floor":23,"key":"SMITH"}],"circlet_count":0,"master_deck":["beaked:Strike_Y","beaked:Strike_Y","beaked:Strike_Y","beaked:Strike_Y","beaked:Strike_Y","beaked:Defend_Y","beaked:Defend_Y","beaked:Defend_Y","beaked:Defend_Y","beaked:Ceremony","beaked:Ceremony","beaked:Ceremony","beaked:Insight","beaked:MachineSpirit","beaked:Brace+1","beaked:DarkPact+1","beaked:Brace","beaked:Recite+1","beaked:Caw","beaked:Cower+1","beaked:Overexert"],"relics":["beaked:MendingPlumage","Anchor","Blood Vial","beaked:ThroatLozenge","Vajra","Philosopher\u0027s Stone","MawBank","FaceOfCleric","CultistMask","White Beast Statue","Akabeko","Darkstone Periapt"],"acts_visited":["Exordium","TheCity"],"potions_floor_usage":[7,7,7,16,16,24,25,27,27],"damage_taken":[{"damage":16,"enemies":"Small Slimes","floor":1,"turns":4},{"damage":6,"enemies":"Cultist","floor":2,"turns":4},{"damage":19,"enemies":"Jaw Worm","floor":4,"turns":5},{"damage":18,"enemies":"Gremlin Nob","floor":7,"turns":4},{"damage":24,"enemies":"Exordium Thugs","floor":8,"turns":6},{"damage":16,"enemies":"Large Slime","floor":11,"turns":8},{"damage":12,"enemies":"Blue Slaver","floor":14,"turns":5},{"damage":39,"enemies":"Hexaghost","floor":16,"turns":10},{"damage":6,"enemies":"3 Byrds","floor":18,"turns":5},{"damage":27,"enemies":"Spheric Guardian","floor":21,"turns":5},{"damage":42,"enemies":"Slavers","floor":24,"turns":7},{"damage":40,"enemies":"Gremlin Leader","floor":27,"turns":2}],"seed_played":"2555032651895621145","potions_obtained":[{"floor":2,"key":"AttackPotion"},{"floor":3,"key":"CultistPotion"},{"floor":3,"key":"DistilledChaos"},{"floor":8,"key":"AttackPotion"},{"floor":14,"key":"FearPotion"},{"floor":21,"key":"Strength Potion"}],"is_trial":false,"path_per_floor":["M","M","?","M","?","R","E","M","T","$","M","$","?","M","R","B",null,"M","?","T","M","?","R","E","$","T","E"],"character_chosen":"BEAKED_THE_CULTIST","items_purchased":["beaked:ThroatLozenge","EntropicBrew","Akabeko"],"campfire_rested":0,"item_purchase_floors":[10,25,25],"current_hp_per_floor":[45,50,50,45,45,45,41,40,40,40,54,54,47,51,51,37,51,55,55,55,42,42,42,20,20,20,0,0],"gold":39,"neow_bonus":"TEN_PERCENT_HP_BONUS","is_daily":false,"chose_seed":false,"campfire_upgraded":3,"win_rate":0.0,"timestamp":1614444326,"path_taken":["M","M","?","?","?","R","E","M","T","$","M","?","?","M","R","BOSS","M","?","?","M","?","R","E","$","T","E"],"items_purchased_type":["Relic","Potion","Relic"],"build_version":"2020-12-22","purchased_purges":0,"victory":false,"max_hp_per_floor":[55,55,55,55,55,55,55,55,55,55,55,55,55,55,55,55,55,55,55,55,55,55,55,56,56,56,56,56],"relic_stats":{"Blood Vial":12,"Darkstone Periapt":0,"FaceOfCleric":1,"counters":[12,65],"MawBank":60,"obtain_stats":[{"Blood Vial":9,"Darkstone Periapt":26,"Anchor":7,"beaked:ThroatLozenge":10,"FaceOfCleric":22,"Vajra":13,"Philosopher\u0027s Stone":17,"CultistMask":22,"beaked:MendingPlumage":0,"MawBank":20,"White Beast Statue":24,"Akabeko":25},{"Blood Vial":5,"Darkstone Periapt":11,"Anchor":4,"beaked:ThroatLozenge":5,"FaceOfCleric":10,"Vajra":6,"Philosopher\u0027s Stone":8,"CultistMask":10,"beaked:MendingPlumage":0,"MawBank":9,"White Beast Statue":11,"Akabeko":11},{"Blood Vial":23,"Darkstone Periapt":63,"Anchor":17,"beaked:ThroatLozenge":23,"FaceOfCleric":56,"Vajra":31,"Philosopher\u0027s Stone":46,"CultistMask":56,"beaked:MendingPlumage":0,"MawBank":51,"White Beast Statue":63,"Akabeko":63}]},"card_choices":[{"not_picked":["beaked:WindBringer","beaked:Evade"],"picked":"beaked:Insight","floor":1},{"not_picked":["beaked:WarriorSpirit","beaked:Tweet"],"picked":"beaked:MachineSpirit","floor":2},{"not_picked":["beaked:Tradeoff","beaked:TuckingFeathers"],"picked":"beaked:Brace","floor":4},{"not_picked":["beaked:WarriorEssence","beaked:WildInstinct"],"picked":"beaked:Brace","floor":7},{"not_picked":["beaked:Daydream","beaked:BraceForImpact","beaked:HuntressEssence"],"picked":"SKIP","floor":8},{"not_picked":["beaked:DigDeep","beaked:Poke","beaked:Pecker"],"picked":"SKIP","floor":11},{"not_picked":["beaked:WarriorEssence","beaked:TuckingFeathers"],"picked":"beaked:Recite","floor":14},{"not_picked":["beaked:FakeOut","beaked:ScreechingChant"],"picked":"beaked:Caw","floor":16},{"not_picked":["beaked:Tradeoff","beaked:DigDeeper+1","beaked:Redirect+1"],"picked":"SKIP","floor":18},{"not_picked":["beaked:CrazyRituals","beaked:Brace"],"picked":"beaked:Cower+1","floor":21},{"not_picked":["beaked:Resilience","beaked:RuinSticks"],"picked":"beaked:Overexert","floor":24}],"player_experience":795017,"relics_obtained":[{"floor":7,"key":"Anchor"},{"floor":9,"key":"Blood Vial"},{"floor":20,"key":"MawBank"},{"floor":24,"key":"White Beast Statue"},{"floor":26,"key":"Darkstone Periapt"}],"event_choices":[{"damage_healed":0,"gold_gain":0,"player_choice":"Got Potions","damage_taken":0,"max_hp_gain":0,"max_hp_loss":0,"event_name":"Lab","floor":3,"gold_loss":0},{"damage_healed":0,"gold_gain":0,"cards_transformed":["beaked:Strike_Y"],"player_choice":"Change","damage_taken":0,"max_hp_gain":0,"max_hp_loss":0,"event_name":"Living Wall","floor":5,"gold_loss":0,"cards_obtained":["beaked:DarkPact"]},{"damage_healed":0,"gold_gain":0,"player_choice":"Success","damage_taken":7,"relics_obtained":["Vajra"],"max_hp_gain":0,"max_hp_loss":0,"event_name":"Scrap Ooze","floor":13,"gold_loss":0},{"damage_healed":0,"gold_gain":0,"player_choice":"Ignored","damage_taken":0,"max_hp_gain":0,"max_hp_loss":0,"event_name":"Ghosts","floor":19,"gold_loss":0},{"damage_healed":0,"gold_gain":0,"player_choice":"Trade","damage_taken":0,"relics_obtained":["FaceOfCleric"],"max_hp_gain":0,"max_hp_loss":0,"event_name":"FaceTrader","floor":22,"gold_loss":0}],"is_beta":false,"boss_relics":[{"not_picked":["beaked:SacrificeDoll","Empty Cage"],"picked":"Philosopher\u0027s Stone"}],"items_purged_floors":[],"is_endless":false,"potions_floor_spawned":[2,8,14,21],"killed_by":"Gremlin Leader","ascension_level":6}}