{"host":"f8krwbl1oysf3v6f","time":1614418338,"event":{"mods":["AchievementEnabler","BaseMod","Colored Map","DeckTracker","Minty Spire (QoL Compilation)","Permanent Neow","READ ME - Snecko Mod","StSLib","SuperFastMode","Td1madao Mod"],"gold_per_floor":[10015,10029,9284,9299,8559,8559,8559,8594,8619,8629,8642,8652,8677,8688,8688,8791,8791,8791,8452,8452,8174,8174,8174,8174,8174,8174,8174,8174,7901,7901,7620,7620,7620,7620,7620,7620,7329,7329,7329,7329,7329,7329,7329,7329,6973,6973,6973,6973,6973,6973,6973,6973,6656,6656,6656],"floor_reached":56,"language":"KOR","playtime":2766,"items_purged":["Defend_R","Strike_R","Dark Embrace"],"score":1964,"play_id":"193846f7-257c-48a9-819d-bb82b12d6efd","local_time":"20210227183218","is_ascension_mode":true,"campfire_choices":[{"data":"Shrug It Off","floor":6.0,"key":"SMITH"},{"data":"Inflame","floor":15.0,"key":"SMITH"},{"data":"Feel No Pain","floor":23,"key":"SMITH"},{"data":"Purity","floor":32,"key":"SMITH"},{"data":"Corruption","floor":41,"key":"SMITH"},{"data":"Dark Embrace","floor":46,"key":"SMITH"},{"floor":49,"key":"RECALL"},{"floor":52,"key":"DIG"}],"circlet_count":0,"master_deck":["AscendersBane","Strike_R+1","Strike_R+1","Strike_R+1","Strike_R+1","Defend_R+1","Defend_R+1","Defend_R+1","Bash+1","Clash+1","Whirlwind+1","Shrug It Off+1","Purity+1","Thunderclap+1","Fiend Fire+1","Sword Boomerang+1","Inflame+1","Infernal Blade+1","Dark Embrace+1","Feel No Pain+1","Second Wind+1","Corruption+1","Pommel Strike+1","True Grit+1","Inflame+1","True Grit+1"],"relics":["Burning Blood","War Paint","Ornamental Fan","Lee\u0027s Waffle","Shovel","Pen Nib","Membership Card","Oddly Smooth Stone","Bag of Marbles","Bottled Lightning","Ectoplasm","Dead Branch","Nunchaku","DollysMirror","Blood Vial","Art of War","ClockworkSouvenir","Strawberry","Mummified Hand","Juzu Bracelet","Sling","TheAbacus","MealTicket","Bottled Flame","SacredBark","Orichalcum","Dream Catcher","Cauldron","Boot","Red Skull","Regal Pillow","White Beast Statue","Medical Kit","Champion Belt","Mark of the Bloom","Letter Opener","Du-Vu Doll","InkBottle","Bottled Tornado"],"acts_visited":["Exordium","TheCity","TheBeyond","TheEnding"],"potions_floor_usage":[16,33,36,50,55,55],"damage_taken":[{"damage":11.0,"enemies":"Cultist","floor":1.0,"turns":4.0},{"damage":4.0,"enemies":"Small Slimes","floor":2.0,"turns":4.0},{"damage":0.0,"enemies":"Jaw Worm","floor":4.0,"turns":3.0},{"damage":40.0,"enemies":"Lagavulin","floor":8.0,"turns":6.0},{"damage":7.0,"enemies":"Looter","floor":10.0,"turns":3.0},{"damage":12.0,"enemies":"Blue Slaver","floor":11.0,"turns":4.0},{"damage":0.0,"enemies":"3 Louse","floor":12.0,"turns":3.0},{"damage":10.0,"enemies":"3 Sentries","floor":13.0,"turns":3.0},{"damage":2.0,"enemies":"Looter","floor":14.0,"turns":2.0},{"damage":30,"enemies":"The Guardian","floor":16,"turns":10},{"damage":7,"enemies":"Spheric Guardian","floor":18,"turns":3},{"damage":5,"enemies":"3 Byrds","floor":20,"turns":5},{"damage":0,"enemies":"Snake Plant","floor":22,"turns":1},{"damage":26,"enemies":"3 Cultists","floor":24,"turns":4},{"damage":44,"enemies":"Gremlin Leader","floor":25,"turns":5},{"damage":0,"enemies":"Sentry and Sphere","floor":27,"turns":3},{"damage":18,"enemies":"Snecko","floor":28,"turns":3},{"damage":0,"enemies":"Snake Plant","floor":30,"turns":3},{"damage":35,"enemies":"Champ","floor":33,"turns":7},{"damage":25,"enemies":"Orb Walker","floor":35,"turns":3},{"damage":0,"enemies":"3 Darklings","floor":36,"turns":1},{"damage":13,"enemies":"Maw","floor":38,"turns":2},{"damage":0,"enemies":"Jaw Worm Horde","floor":39,"turns":3},{"damage":24,"enemies":"Nemesis","floor":40,"turns":5},{"damage":6,"enemies":"Giant Head","floor":42,"turns":3},{"damage":0,"enemies":"4 Shapes","floor":44,"turns":1},{"damage":9,"enemies":"Donu and Deca","floor":50,"turns":4},{"damage":8,"enemies":"Shield and Spear","floor":54,"turns":3},{"damage":12,"enemies":"The Heart","floor":55,"turns":5}],"seed_played":"3700650341650487503","potions_obtained":[{"floor":1.0,"key":"SteroidPotion"},{"floor":10.0,"key":"SkillPotion"},{"floor":16,"key":"FearPotion"},{"floor":33,"key":"BlessingOfTheForge"},{"floor":36,"key":"Fruit Juice"},{"floor":37,"key":"CultistPotion"}],"is_trial":false,"path_per_floor":["M","M","$","M","$","R","?","E","T","M","M","M","E","M","R","B",null,"M","$","M","$","M","R","M","E","T","M","M","$","M","$","R","B",null,"M","M","$","M","M","E","R","E","T","M","$","R","?","?","R","B",null,"R","$","E","B",null],"character_chosen":"IRONCLAD","items_purchased":["War Paint","Ornamental Fan","Lee\u0027s Waffle","Shrug It Off","Purity","Shovel","Pen Nib","Membership Card","Fruit Juice","BloodPotion","Dead Branch","Nunchaku","DollysMirror","DuplicationPotion","Blood Vial","Art of War","ClockworkSouvenir","Feel No Pain","Second Wind","Mummified Hand","Juzu Bracelet","Sling","TheAbacus","MealTicket","Bottled Flame","Orichalcum","Dream Catcher","Cauldron","White Beast Statue","Medical Kit","Champion Belt","Du-Vu Doll","InkBottle","LiquidBronze"],"campfire_rested":0,"item_purchase_floors":[3,3,3,3,3,5,5,5,5,5,19,19,19,19,21,21,21,21,21,29,29,29,31,31,31,37,37,37,45,45,45,53,53,53],"current_hp_per_floor":[67,69,87,87,92,92,92,76,76,75,69,75,71,75,75,51,82,81,81,82,82,90,90,72,43,43,51,41,41,49,49,49,22,80,63,81,96,91,99,83,83,85,85,93,108,108,108,108,108,99,99,99,99,91,79],"gold":6656,"neow_bonus":"UPGRADE_CARD","is_daily":false,"chose_seed":false,"campfire_upgraded":6,"win_rate":0.0,"timestamp":1614418338,"path_taken":["M","M","$","?","$","R","?","E","T","M","M","M","E","M","R","BOSS","M","$","M","?","M","R","M","E","T","M","M","$","M","$","R","BOSS","M","M","$","M","M","E","R","E","T","M","$","R","?","?","R","BOSS","R","$","E","BOSS"],"items_purchased_type":["Relic","Relic","Relic","Card","Card","Relic","Relic","Relic","Potion","Potion","Relic","Relic","Relic","Potion","Relic","Relic","Relic","Card","Card","Relic","Relic","Relic","Relic","Relic","Relic","Relic","Relic","Relic","Relic","Relic","Relic","Relic","Relic","Potion"],"build_version":"2020-12-22","purchased_purges":3,"victory":true,"max_hp_per_floor":[80,80,87,87,92,92,92,92,92,92,92,92,92,92,92,92,92,92,92,92,92,92,92,92,99,99,99,99,99,99,99,99,99,99,99,109,109,109,109,109,109,109,109,109,109,109,109,109,109,109,109,109,109,109,109],"card_choices":[{"not_picked":["Armaments","Metallicize"],"picked":"Clash","floor":1.0},{"not_picked":["Sever Soul","Perfected Strike"],"picked":"Whirlwind","floor":2.0},{"not_picked":["Armaments","Infernal Blade"],"picked":"Thunderclap","floor":4.0},{"not_picked":["Sword Boomerang","Warcry"],"picked":"Fiend Fire","floor":8.0},{"not_picked":["Ghostly Armor","Pommel Strike"],"picked":"Sword Boomerang","floor":10.0},{"not_picked":["Dual Wield","Headbutt","Brutality"],"picked":"SKIP","floor":11.0},{"not_picked":["Cleave","Evolve"],"picked":"Inflame","floor":12.0},{"not_picked":["Inflame","Dual Wield"],"picked":"Infernal Blade","floor":13.0},{"not_picked":["Headbutt","Iron Wave","Rampage"],"picked":"SKIP","floor":14.0},{"not_picked":["Infernal Blade+1","Shrug It Off"],"picked":"Dark Embrace","floor":18},{"not_picked":["Havoc","Uppercut+1","Combust"],"picked":"SKIP","floor":20},{"not_picked":["Iron Wave","Warcry","Havoc+1"],"picked":"SKIP","floor":22},{"not_picked":["Dual Wield","Havoc+1","Evolve"],"picked":"SKIP","floor":24},{"not_picked":["Evolve+1","Double Tap","Flex"],"picked":"SKIP","floor":25},{"not_picked":["Flex","Anger","Wild Strike"],"picked":"SKIP","floor":27},{"not_picked":["Headbutt","Whirlwind","Iron Wave"],"picked":"SKIP","floor":28},{"not_picked":["Thunderclap","Anger","Feed"],"picked":"SKIP","floor":30},{"not_picked":["Impervious","Barricade"],"picked":"Corruption","floor":33},{"not_picked":["Flex+1","Cleave"],"picked":"Pommel Strike+1","floor":35},{"not_picked":["Warcry","Headbutt"],"picked":"True Grit","floor":36},{"not_picked":["Flex+1","Blood for Blood","Sword Boomerang"],"picked":"SKIP","floor":38},{"not_picked":["Reckless Charge","Combust","Intimidate"],"picked":"SKIP","floor":39},{"not_picked":["Whirlwind+1","Immolate","Havoc+1"],"picked":"SKIP","floor":40},{"not_picked":["Headbutt+1","Iron Wave+1","Uppercut"],"picked":"SKIP","floor":42},{"not_picked":["Headbutt+1","Twin Strike+1"],"picked":"Inflame+1","floor":44},{"not_picked":["Iron Wave","Bloodletting+1"],"picked":"True Grit+1","floor":54}],"player_experience":255271,"relics_obtained":[{"floor":8.0,"key":"Oddly Smooth Stone"},{"floor":9.0,"key":"Bag of Marbles"},{"floor":13.0,"key":"Bottled Lightning"},{"floor":25,"key":"Strawberry"},{"floor":40,"key":"Boot"},{"floor":42,"key":"Red Skull"},{"floor":43,"key":"Regal Pillow"},{"floor":52,"key":"Letter Opener"},{"floor":54,"key":"Bottled Tornado"}],"event_choices":[{"damage_healed":0.0,"max_hp_gain":0.0,"max_hp_loss":0.0,"gold_gain":0.0,"event_name":"Accursed Blacksmith","player_choice":"Forge","floor":7.0,"gold_loss":0.0,"damage_taken":0.0,"cards_upgraded":["Whirlwind"]},{"damage_healed":0,"gold_gain":0,"player_choice":"Upgrade","damage_taken":0,"relics_obtained":["Mark of the Bloom"],"max_hp_gain":0,"max_hp_loss":0,"event_name":"MindBloom","floor":47,"gold_loss":0,"cards_upgraded":["Strike_R","Strike_R","Strike_R","Strike_R","Defend_R","Clash","Thunderclap","Fiend Fire","Sword Boomerang","Infernal Blade","Second Wind","True Grit"]},{"damage_healed":0,"gold_gain":0,"player_choice":"Ignored","damage_taken":0,"max_hp_gain":0,"max_hp_loss":0,"event_name":"Mysterious Sphere","floor":48,"gold_loss":0}],"is_beta":false,"boss_relics":[{"not_picked":["Mark of Pain","Cursed Key"],"picked":"Ectoplasm"},{"not_picked":["SlaversCollar","Runic Pyramid"],"picked":"SacredBark"}],"items_purged_floors":[3,5,37],"is_endless":false,"potions_floor_spawned":[1,10,11,16,22,25,27,33,36,38,42,44,54],"ascension_level":11}}