{"host":"or8fr2mp0k3eluj8","time":1614442339,"event":{"mods":["AchievementEnabler","BaseMod","Colored Map","DeckTracker","Keyboard Shortcuts","Minty Spire (QoL Compilation)","StSLib","SuperFastMode","everything is the same but u backflip on backflip"],"gold_per_floor":[115,129,129,129,54,54,87,87,87,87,87,97,115,144,144,242,242,252,252,252,264,264,264,280,309,355,381,397,417,417,433,433,536,536,551,565,225,242,117,151,170,170,170,170,182,201,221,239,239,239],"floor_reached":51,"language":"KOR","playtime":1583,"items_purged":["Strike_P","Meditate","Scrawl"],"score":1009,"play_id":"0d6ce0dc-107d-4107-a8bb-4919de869386","local_time":"20210228011219","is_ascension_mode":true,"campfire_choices":[{"data":"Eruption","floor":6,"key":"SMITH"},{"floor":8,"key":"REST"},{"floor":10,"key":"REST"},{"floor":15,"key":"REST"},{"data":"Adaptation","floor":23,"key":"SMITH"},{"floor":32,"key":"REST"},{"floor":42,"key":"REST"},{"floor":49,"key":"REST"}],"circlet_count":0,"master_deck":["Eruption+1","Vigilance","Meditate+1","Establishment","FollowUp","Adaptation+1","WindmillStrike+1","WheelKick+1","Crescendo+1","CrushJoints+1","FearNoEvil","DevaForm","SandsOfTime","InnerPeace","Parasite"],"relics":["PureWater","Meat on the Bone","Blue Candle","Dream Catcher","Runic Pyramid","Vajra","War Paint","Prayer Wheel","Pandora\u0027s Box","Kunai","Pantograph","Centennial Puzzle"],"acts_visited":["Exordium","TheCity","TheBeyond"],"potions_floor_usage":[14,25,25,27,36,40,40,50,50],"damage_taken":[{"damage":0,"enemies":"Cultist","floor":1,"turns":3},{"damage":0,"enemies":"2 Louse","floor":2,"turns":2},{"damage":57,"enemies":"Gremlin Nob","floor":7,"turns":6},{"damage":12,"enemies":"Small Slimes","floor":12,"turns":2},{"damage":11,"enemies":"Looter","floor":13,"turns":3},{"damage":24,"enemies":"Lagavulin","floor":14,"turns":5},{"damage":0,"enemies":"Slime Boss","floor":16,"turns":7},{"damage":25,"enemies":"2 Thieves","floor":18,"turns":3},{"damage":4,"enemies":"Chosen","floor":21,"turns":4},{"damage":33,"enemies":"Centurion and Healer","floor":24,"turns":4},{"damage":5,"enemies":"Book of Stabbing","floor":25,"turns":4},{"damage":18,"enemies":"Gremlin Leader","floor":27,"turns":4},{"damage":0,"enemies":"Snecko","floor":28,"turns":3},{"damage":19,"enemies":"Snake Plant","floor":29,"turns":2},{"damage":0,"enemies":"Cultist and Chosen","floor":31,"turns":3},{"damage":10,"enemies":"Automaton","floor":33,"turns":6},{"damage":11,"enemies":"Orb Walker","floor":35,"turns":2},{"damage":17,"enemies":"3 Darklings","floor":36,"turns":3},{"damage":30,"enemies":"Maw","floor":38,"turns":3},{"damage":0,"enemies":"Reptomancer","floor":40,"turns":2},{"damage":30,"enemies":"Jaw Worm Horde","floor":41,"turns":3},{"damage":15,"enemies":"Transient","floor":45,"turns":3},{"damage":0,"enemies":"Writhing Mass","floor":46,"turns":2},{"damage":18,"enemies":"Spire Growth","floor":47,"turns":3},{"damage":9,"enemies":"3 Darklings","floor":48,"turns":2},{"damage":32,"enemies":"Time Eater","floor":50,"turns":4}],"seed_played":"2378802344983480640","potions_obtained":[{"floor":13,"key":"BlessingOfTheForge"},{"floor":14,"key":"Ancient Potion"},{"floor":18,"key":"Weak Potion"},{"floor":24,"key":"Swift Potion"},{"floor":29,"key":"StancePotion"},{"floor":36,"key":"LiquidMemories"},{"floor":38,"key":"AttackPotion"},{"floor":46,"key":"CultistPotion"},{"floor":48,"key":"Swift Potion"}],"is_trial":false,"path_per_floor":["M","M","?","?","$","R","E","R","T","R","?","M","M","E","R","B",null,"M","$","T","M","?","R","M","E","T","E","M","M","?","M","R","B",null,"M","M","$","M","$","E","M","R","T","?","M","M","M","M","R","B",null],"character_chosen":"WATCHER","items_purchased":["Kunai"],"campfire_rested":6,"item_purchase_floors":[37],"current_hp_per_floor":[65,65,65,65,65,65,8,27,27,46,46,34,35,23,42,42,65,40,40,40,36,36,36,15,22,22,16,28,21,21,33,52,42,65,54,37,37,19,19,31,13,32,32,32,29,41,35,38,57,33],"gold":239,"neow_bonus":"TRANSFORM_TWO_CARDS","is_daily":false,"chose_seed":false,"campfire_upgraded":2,"win_rate":0.0,"timestamp":1614442339,"path_taken":["M","M","?","?","$","R","E","R","T","R","?","M","M","E","R","BOSS","M","$","?","M","?","R","M","E","T","E","?","M","?","M","R","BOSS","M","M","$","M","$","E","?","R","T","?","?","?","M","M","R","BOSS"],"items_purchased_type":["Relic"],"build_version":"2020-12-22","purchased_purges":3,"victory":true,"max_hp_per_floor":[65,65,65,65,65,65,65,65,65,65,65,65,65,65,65,65,65,65,65,65,65,65,65,65,65,65,65,65,65,65,65,65,65,65,65,65,65,65,65,65,65,65,65,65,65,65,65,65,65,65],"card_choices":[{"not_picked":["JustLucky","WindmillStrike","ClearTheMind"],"picked":"SKIP","floor":1},{"not_picked":["Evaluate","BowlingBash","JustLucky"],"picked":"SKIP","floor":2},{"not_picked":["CutThroughFate","Prostrate","FlurryOfBlows"],"picked":"SKIP","floor":7},{"not_picked":["WindmillStrike","BowlingBash","Indignation"],"picked":"SKIP","floor":12},{"not_picked":["ClearTheMind","EmptyBody"],"picked":"FollowUp","floor":13},{"not_picked":["Protect","Conclude","Evaluate"],"picked":"SKIP","floor":14},{"not_picked":["Consecrate","ForeignInfluence"],"picked":"Adaptation","floor":15},{"not_picked":["FollowUp","Nirvana"],"picked":"WindmillStrike","floor":18},{"not_picked":["FlyingSleeves+1","Nirvana","ClearTheMind"],"picked":"SKIP","floor":21},{"not_picked":["Consecrate","CutThroughFate","Weave+1"],"picked":"SKIP","floor":24},{"not_picked":["ForeignInfluence","ThirdEye","Meditate"],"picked":"SKIP","floor":25},{"not_picked":["EmptyFist","Prostrate"],"picked":"WheelKick+1","floor":27},{"not_picked":["Fasting2","FlurryOfBlows+1"],"picked":"Crescendo+1","floor":28},{"not_picked":["SashWhip","CutThroughFate","Halt"],"picked":"SKIP","floor":28},{"not_picked":["BowlingBash+1","Consecrate","FlurryOfBlows"],"picked":"SKIP","floor":29},{"not_picked":["Alpha","Crescendo","Consecrate+1"],"picked":"SKIP","floor":29},{"not_picked":["EmptyMind","ClearTheMind+1"],"picked":"CrushJoints+1","floor":31},{"not_picked":["Tantrum","ConjureBlade","BowlingBash"],"picked":"SKIP","floor":31},{"not_picked":["ThirdEye+1","JustLucky+1","SignatureMove+1"],"picked":"SKIP","floor":35},{"not_picked":["Evaluate","EmptyFist+1","ClearTheMind+1"],"picked":"SKIP","floor":35},{"not_picked":["CutThroughFate+1","Protect+1","Wish"],"picked":"SKIP","floor":36},{"not_picked":["PathToVictory+1","SashWhip","Indignation+1"],"picked":"SKIP","floor":36},{"not_picked":["Consecrate+1","Conclude","Protect+1"],"picked":"SKIP","floor":38},{"not_picked":["JustLucky+1","FollowUp+1","Sanctity"],"picked":"SKIP","floor":38},{"not_picked":["Study","ConjureBlade","CarveReality+1"],"picked":"SKIP","floor":40},{"not_picked":["Wireheading+1","Halt+1","ThirdEye+1"],"picked":"SKIP","floor":41},{"not_picked":["CutThroughFate","Swivel","Study"],"picked":"SKIP","floor":41},{"not_picked":["Prostrate+1","Alpha"],"picked":"SandsOfTime","floor":42},{"not_picked":["Study+1","SashWhip+1"],"picked":"InnerPeace","floor":45},{"not_picked":["Evaluate+1","FlyingSleeves+1","JustLucky+1"],"picked":"SKIP","floor":45},{"not_picked":["BowlingBash+1","FearNoEvil","Worship"],"picked":"SKIP","floor":46},{"not_picked":["FlyingSleeves+1","BowlingBash","FlurryOfBlows"],"picked":"SKIP","floor":46},{"not_picked":["FearNoEvil","ThirdEye+1","Perseverance+1"],"picked":"SKIP","floor":47},{"not_picked":["PathToVictory+1","FollowUp+1","Pray"],"picked":"SKIP","floor":47},{"not_picked":["EmptyFist","Omniscience","Tantrum"],"picked":"SKIP","floor":48},{"not_picked":["PathToVictory+1","EmptyBody+1","Vengeance"],"picked":"SKIP","floor":48}],"player_experience":501775,"relics_obtained":[{"floor":7,"key":"Meat on the Bone"},{"floor":9,"key":"Blue Candle"},{"floor":14,"key":"Dream Catcher"},{"floor":25,"key":"Vajra"},{"floor":26,"key":"War Paint"},{"floor":27,"key":"Prayer Wheel"},{"floor":40,"key":"Pantograph"},{"floor":43,"key":"Centennial Puzzle"}],"event_choices":[{"cards_removed":["Defend_P"],"damage_healed":0,"gold_gain":0,"player_choice":"Forget","damage_taken":0,"max_hp_gain":0,"max_hp_loss":0,"event_name":"Living Wall","floor":3,"gold_loss":0},{"damage_healed":0,"gold_gain":0,"player_choice":"Ignored","damage_taken":0,"max_hp_gain":0,"max_hp_loss":0,"event_name":"Liars Game","floor":4,"gold_loss":0},{"damage_healed":0,"gold_gain":0,"cards_transformed":["MasterReality"],"player_choice":"Transformed","damage_taken":0,"max_hp_gain":0,"max_hp_loss":0,"event_name":"Transmorgrifier","floor":11,"gold_loss":0,"cards_obtained":["Establishment"]},{"damage_healed":0,"gold_gain":0,"player_choice":"Bought 0 Potions","damage_taken":0,"max_hp_gain":0,"max_hp_loss":0,"event_name":"The Woman in Blue","floor":22,"gold_loss":0},{"damage_healed":0,"gold_gain":0,"player_choice":"Forge","damage_taken":0,"max_hp_gain":0,"max_hp_loss":0,"event_name":"Accursed Blacksmith","floor":30,"gold_loss":0,"cards_upgraded":["WindmillStrike"]},{"damage_healed":0,"gold_gain":0,"player_choice":"Ignored","damage_taken":0,"max_hp_gain":0,"max_hp_loss":0,"event_name":"SecretPortal","floor":44,"gold_loss":0}],"is_beta":false,"boss_relics":[{"not_picked":["Fusion Hammer","Coffee Dripper"],"picked":"Runic Pyramid"},{"not_picked":["Cursed Key","Empty Cage"],"picked":"Pandora\u0027s Box"}],"items_purged_floors":[5,37,39],"is_endless":false,"potions_floor_spawned":[13,14,18,24,29,36,38,46,48],"ascension_level":2}}