{"host":"h0d4vuzvk6m4sr1m","time":1614452234,"event":{"mods":["AchievementEnabler","BaseMod","Block Reminder","Colored Powertips","Hermit","Highlight Path","Minty Spire (QoL Compilation)","Quick Restart","StSLib","The Cursed","The Runesmith"],"gold_per_floor":[112,127,147,147,2,45,45,61,61,61,15,15,15,15,15,145,208,233,258,258,258,258,258,291,314,341,98,123,158,181,181,181,302,302,327,327,350,375,28,28,51,27,95,108,142,142,64,84,84,84],"floor_reached":51,"language":"ENG","playtime":3466,"items_purged":[],"score":738,"play_id":"a9bf87fa-f171-46c5-bab6-3d9abb61f501","local_time":"20210227195714","is_ascension_mode":false,"campfire_choices":[{"floor":7,"key":"REST"},{"floor":10,"key":"REST"},{"data":"TheCursedMod:HellsGateOpen","floor":12,"key":"SMITH"},{"data":"TheCursedMod:CursedWand","floor":15,"key":"SMITH"},{"data":"TheCursedMod:CollectTribute","floor":23,"key":"SMITH"},{"floor":32,"key":"REST"},{"data":"TheCursedMod:AbyssShockwave","floor":40,"key":"SMITH"},{"floor":46,"key":"REST"},{"data":"TheCursedMod:SurpriseAttack","floor":49,"key":"SMITH"}],"circlet_count":0,"master_deck":["TheCursedMod:Strike_TheCursed+1","TheCursedMod:Strike_TheCursed+1","TheCursedMod:Strike_TheCursed+1","TheCursedMod:Strike_TheCursed+1","TheCursedMod:Defend_TheCursed+1","TheCursedMod:Defend_TheCursed+1","TheCursedMod:Defend_TheCursed+1","TheCursedMod:Defend_TheCursed+1","TheCursedMod:CursedWand+1","TheCursedMod:CleanUpWorkshop","TheCursedMod:Dregs","TheCursedMod:Stretching","TheCursedMod:HellsGateOpen+1","TheCursedMod:CircleOfCorruption","Injury","TheCursedMod:CursedShiv+1","TheCursedMod:CursedBlade","TheCursedMod:CircleOfFlame","TheCursedMod:CollectTribute+1","TheCursedMod:CircleOfCorruption","TheCursedMod:FleshFromBone+1","TheCursedMod:CircleOfAmplification+1","TheCursedMod:SmokeScreen+1","TheCursedMod:CursedBlade+1","TheCursedMod:SurpriseAttack+1","TheCursedMod:CircleOfCorruption+1","TheCursedMod:CircleOfFlame+1","TheCursedMod:UltimatePain","TheCursedMod:CursedStaff+1","TheCursedMod:CursedAmulet+1","TheCursedMod:CursedStaff+1","TheCursedMod:AbyssShockwave+1","TheCursedMod:SpitefulPray+1","TheCursedMod:CircleOfFlame","TheCursedMod:BlessingInDisguise+1","TheCursedMod:Obscuration+1","TheCursedMod:TroublousMinions","TheCursedMod:SoulReap+1"],"relics":["TheCursedMod:BlackMagic101","NeowsBlessing","Golden Idol","Lee\u0027s Waffle","Eternal Feather","TheCursedMod:MagicCandle","Tiny House","Nilry\u0027s Codex","Bird Faced Urn","Regal Pillow","Toolbox","Centennial Puzzle","Nunchaku","MutagenicStrength","TheCursedMod:FourLeafCloverCharm","Incense Burner","TheCursedMod:BloodyHarpoon","TungstenRod"],"acts_visited":["Exordium","TheCity","TheBeyond"],"potions_floor_usage":[18,29,29,33,38,45,50,50],"damage_taken":[{"damage":0,"enemies":"Small Slimes","floor":1,"turns":1},{"damage":0,"enemies":"Jaw Worm","floor":2,"turns":1},{"damage":0,"enemies":"Cultist","floor":3,"turns":1},{"damage":66,"enemies":"Gremlin Nob","floor":6,"turns":7},{"damage":14,"enemies":"2 Fungi Beasts","floor":8,"turns":4},{"damage":37,"enemies":"Slime Boss","floor":16,"turns":9},{"damage":13,"enemies":"2 Thieves","floor":18,"turns":3},{"damage":16,"enemies":"Spheric Guardian","floor":19,"turns":4},{"damage":21,"enemies":"Slavers","floor":24,"turns":8},{"damage":16,"enemies":"Centurion and Healer","floor":25,"turns":6},{"damage":2,"enemies":"3 Cultists","floor":28,"turns":3},{"damage":6,"enemies":"Gremlin Leader","floor":29,"turns":6},{"damage":47,"enemies":"Collector","floor":33,"turns":7},{"damage":15,"enemies":"Orb Walker","floor":35,"turns":2},{"damage":14,"enemies":"3 Shapes","floor":37,"turns":3},{"damage":27,"enemies":"Jaw Worm Horde","floor":38,"turns":3},{"damage":15,"enemies":"Transient","floor":41,"turns":5},{"damage":16,"enemies":"Spire Growth","floor":44,"turns":4},{"damage":35,"enemies":"Reptomancer","floor":45,"turns":6},{"damage":0,"enemies":"Sphere and 2 Shapes","floor":48,"turns":3},{"damage":68,"enemies":"Donu and Deca","floor":50,"turns":9}],"seed_played":"-4624775202483882143","potions_obtained":[{"floor":1,"key":"TheCursedMod:DregsPotion"},{"floor":16,"key":"Explosive Potion"},{"floor":17,"key":"SmokeBomb"},{"floor":24,"key":"AttackPotion"},{"floor":29,"key":"DistilledChaos"},{"floor":35,"key":"Regen Potion"},{"floor":44,"key":"Explosive Potion"},{"floor":45,"key":"SkillPotion"},{"floor":48,"key":"CultistPotion"}],"is_trial":false,"path_per_floor":["M","M","M","?","$","E","R","M","T","R","$","R","$","?","R","B",null,"M","M","?","?","?","R","E","M","T","$","M","E","T","?","R","B",null,"M","?","M","M","$","R","M","$","T","M","E","R","$","M","R","B",null],"character_chosen":"THE_CURSED","items_purchased":["Lee\u0027s Waffle","TheCursedMod:CircleOfFlame","Regen Potion","Toolbox","TheCursedMod:SurpriseAttack","Incense Burner","TheCursedMod:AbyssShockwave","TheCursedMod:CircleOfFlame","TheCursedMod:TroublousMinions"],"campfire_rested":4,"item_purchase_floors":[5,11,27,27,27,39,39,42,47],"current_hp_per_floor":[75,75,75,75,82,16,49,35,35,68,68,77,77,77,82,45,87,74,58,42,42,42,54,33,23,23,23,25,38,38,38,87,40,87,72,72,62,48,48,66,55,55,55,45,14,76,76,80,87,32],"gold":84,"neow_bonus":"THREE_ENEMY_KILL","is_daily":false,"chose_seed":false,"campfire_upgraded":5,"win_rate":0.0,"timestamp":1614452234,"path_taken":["M","M","M","?","$","E","R","M","T","R","$","R","$","?","R","BOSS","M","M","?","?","?","R","E","M","T","$","M","E","?","?","R","BOSS","M","?","M","?","$","R","M","?","T","?","E","R","?","M","R","BOSS"],"items_purchased_type":["Relic","Card","Potion","Relic","Card","Relic","Card","Card","Card"],"build_version":"2020-12-22","purchased_purges":0,"victory":true,"max_hp_per_floor":[75,75,75,75,82,82,82,82,82,82,82,82,82,82,82,82,87,87,87,87,87,87,87,87,87,87,87,87,87,87,87,87,87,87,87,87,87,87,87,87,87,87,87,87,87,87,87,87,87,87],"card_choices":[{"not_picked":["TheCursedMod:Torture","TheCursedMod:Wield"],"picked":"TheCursedMod:Stretching","floor":1},{"not_picked":["TheCursedMod:CircleOfWindfury","TheCursedMod:RapidMovement"],"picked":"TheCursedMod:HellsGateOpen","floor":2},{"not_picked":["TheCursedMod:ReleasedKnowledge","TheCursedMod:FleshFromBone"],"picked":"TheCursedMod:CircleOfCorruption","floor":3},{"not_picked":["TheCursedMod:Mangle","TheCursedMod:CircleOfCorruption"],"picked":"TheCursedMod:CursedShiv","floor":6},{"not_picked":["TheCursedMod:Torture","TheCursedMod:Wield"],"picked":"TheCursedMod:CursedBlade","floor":8},{"not_picked":["TheCursedMod:StunningStrike","TheCursedMod:DemonSword"],"picked":"TheCursedMod:CollectTribute","floor":16},{"not_picked":["TheCursedMod:TacticalStrike","TheCursedMod:ManaBullet"],"picked":"TheCursedMod:CircleOfCorruption","floor":17},{"not_picked":["TheCursedMod:Stretching","TheCursedMod:Evocation"],"picked":"TheCursedMod:FleshFromBone+1","floor":18},{"not_picked":["TheCursedMod:SpitefulStrike","TheCursedMod:FleshFromBone"],"picked":"TheCursedMod:CircleOfAmplification+1","floor":19},{"not_picked":["TheCursedMod:CircleOfFlame","TheCursedMod:Torture"],"picked":"TheCursedMod:SmokeScreen+1","floor":24},{"not_picked":["TheCursedMod:SaltUponWound","TheCursedMod:CursedRelics"],"picked":"TheCursedMod:CursedBlade+1","floor":25},{"not_picked":["TheCursedMod:RavingStaff","TheCursedMod:CursedMace"],"picked":"TheCursedMod:CircleOfCorruption+1","floor":28},{"not_picked":["TheCursedMod:DemonicPact","TheCursedMod:BloodBarrier"],"picked":"TheCursedMod:CircleOfFlame+1","floor":29},{"not_picked":["TheCursedMod:DemonicPact","TheCursedMod:NeowsMight"],"picked":"TheCursedMod:UltimatePain","floor":33},{"not_picked":["TheCursedMod:EmpowerCircles","TheCursedMod:RavingStaff+1"],"picked":"TheCursedMod:CursedStaff+1","floor":35},{"not_picked":["TheCursedMod:Hemoplague","TheCursedMod:Grudge"],"picked":"TheCursedMod:CursedAmulet+1","floor":37},{"not_picked":["TheCursedMod:Wield+1","TheCursedMod:FleshFromBone+1"],"picked":"TheCursedMod:CursedStaff+1","floor":38},{"not_picked":["TheCursedMod:WearCloak+1","TheCursedMod:CircleOfAmplification+1"],"picked":"TheCursedMod:SpitefulPray+1","floor":41},{"not_picked":["TheCursedMod:SpreadPlague","TheCursedMod:CursedShiv"],"picked":"TheCursedMod:BlessingInDisguise+1","floor":44},{"not_picked":["TheCursedMod:AshesToAshes","TheCursedMod:RapidMovement"],"picked":"TheCursedMod:Obscuration+1","floor":45},{"not_picked":["TheCursedMod:SpitefulStrike+1","TheCursedMod:VitalStrike+1"],"picked":"TheCursedMod:SoulReap+1","floor":48}],"player_experience":99263,"relics_obtained":[{"floor":6,"key":"Eternal Feather"},{"floor":9,"key":"TheCursedMod:MagicCandle"},{"floor":20,"key":"Nilry\u0027s Codex"},{"floor":24,"key":"Bird Faced Urn"},{"floor":26,"key":"Regal Pillow"},{"floor":29,"key":"Centennial Puzzle"},{"floor":30,"key":"Nunchaku"},{"floor":43,"key":"TheCursedMod:BloodyHarpoon"},{"floor":45,"key":"TungstenRod"}],"event_choices":[{"damage_healed":0,"gold_gain":0,"player_choice":"Take Wound","damage_taken":0,"relics_obtained":["Golden Idol"],"max_hp_gain":0,"max_hp_loss":0,"event_name":"Golden Idol","floor":4,"gold_loss":0,"cards_obtained":["Injury"]},{"damage_healed":0,"gold_gain":0,"player_choice":"Upgraded","damage_taken":0,"max_hp_gain":0,"max_hp_loss":0,"event_name":"Upgrade Shrine","floor":14,"gold_loss":0,"cards_upgraded":["TheCursedMod:CursedShiv"]},{"damage_healed":0,"gold_gain":0,"player_choice":"Obtained Book","damage_taken":16,"max_hp_gain":0,"max_hp_loss":0,"event_name":"Cursed Tome","floor":20,"gold_loss":0},{"damage_healed":0,"gold_gain":0,"player_choice":"Ignored","damage_taken":0,"max_hp_gain":0,"max_hp_loss":0,"event_name":"Vampires","floor":21,"gold_loss":0},{"damage_healed":0,"gold_gain":0,"player_choice":"Simplicity","damage_taken":0,"max_hp_gain":0,"max_hp_loss":0,"event_name":"Back to Basics","floor":22,"gold_loss":0,"cards_upgraded":["TheCursedMod:Strike_TheCursed","TheCursedMod:Strike_TheCursed","TheCursedMod:Strike_TheCursed","TheCursedMod:Strike_TheCursed","TheCursedMod:Defend_TheCursed","TheCursedMod:Defend_TheCursed","TheCursedMod:Defend_TheCursed"]},{"damage_healed":0,"gold_gain":0,"player_choice":"Inject Mutagens","damage_taken":0,"relics_obtained":["MutagenicStrength"],"max_hp_gain":0,"max_hp_loss":0,"event_name":"Drug Dealer","floor":31,"gold_loss":0},{"damage_healed":0,"gold_gain":0,"player_choice":"Ignored","damage_taken":0,"max_hp_gain":0,"max_hp_loss":0,"event_name":"NoteForYourself","floor":36,"gold_loss":0}],"is_beta":false,"boss_relics":[{"not_picked":["Coffee Dripper","Astrolabe"],"picked":"Tiny House"},{"not_picked":["Black Star","Runic Pyramid"],"picked":"TheCursedMod:FourLeafCloverCharm"}],"items_purged_floors":[],"is_endless":false,"potions_floor_spawned":[1,16,24,28,29,35,44,45,48],"ascension_level":0}}