{"host":"yecadp3kwkksam5a","time":1614417429,"event":{"mods":["BaseMod","Minty Spire (QoL Compilation)","Replay The Spire","StSLib","SuperFastMode","The Jungle"],"gold_per_floor":[113,113,113,126,144,144,171,190,236,270,285,303,322,322,322,342,342,415,415,428,444,477,245,260,260,293,293,293,115,140,15,28,60,60,136,186,196,418,438,328,344,344,378,395,420,438,469,469,319,333,333,333,333,333,333,0,28,28],"floor_reached":59,"language":"KOR","playtime":3395,"items_purged":["Strike_G","Strike_G","Strike_G","Strike_G","Defend_G"],"score":3492,"play_id":"7f9297b7-93f0-4b43-bfe2-bd961063a341","local_time":"20210227181709","is_ascension_mode":true,"campfire_choices":[{"data":"Apotheosis","floor":6.0,"key":"SMITH"},{"floor":17.0,"key":"RECALL"},{"data":"Adrenaline","floor":25.0,"key":"SMITH"},{"data":"Tactician","floor":27.0,"key":"SMITH"},{"data":"Tactician","floor":34.0,"key":"SMITH"},{"data":"Adrenaline","floor":42,"key":"SMITH"},{"data":"After Image","floor":48,"key":"SMITH"},{"data":"Neutralize","floor":51,"key":"SMITH"},{"data":"Escape Plan","floor":55,"key":"SMITH"}],"circlet_count":0,"master_deck":["AscendersBane","Defend_G","Defend_G+1","Defend_G","Survivor","Neutralize+1","Apotheosis+1","Prepared+1","Eviscerate","Backflip","Tactician+1","Calculated Gamble","Footwork","PiercingWail","Tactician+1","Well Laid Plans","Acrobatics","Acrobatics","Escape Plan+1","Adrenaline+1","Calculated Gamble","Footwork","Footwork+1","Adrenaline+1","Well Laid Plans","Blur+1","Grand Finale","Reflex+1","After Image+1"],"relics":["Ring of the Snake","Akabeko","Bottled Lightning","Prayer Wheel","Prayer Wheel","Prayer Wheel","Prayer Wheel","Vajra","Red Mask","Unceasing Top","Matryoshka","Letter Opener","Replay:Wax Seal","Tiny House","Anchor","Boot","Toy Ornithopter","Pocketwatch","PrismaticShard","Pen Nib"],"acts_visited":["Exordium","TheCity","TheBeyond","TheEnding"],"potions_floor_usage":[],"damage_taken":[{"damage":0.0,"enemies":"Cultist","floor":1.0,"turns":3.0},{"damage":4.0,"enemies":"Small Slimes","floor":4.0,"turns":2.0},{"damage":1.0,"enemies":"Jaw Worm","floor":5.0,"turns":2.0},{"damage":15.0,"enemies":"Gremlin Nob","floor":7.0,"turns":4.0},{"damage":0.0,"enemies":"Exordium Thugs","floor":8.0,"turns":4.0},{"damage":3.0,"enemies":"Replay:BlueRogue","floor":10.0,"turns":8.0},{"damage":0.0,"enemies":"2 Fungi Beasts","floor":11.0,"turns":2.0},{"damage":0.0,"enemies":"Looter","floor":12.0,"turns":3.0},{"damage":0.0,"enemies":"Gremlin Gang","floor":13.0,"turns":3.0},{"damage":0.0,"enemies":"Red Slaver","floor":16.0,"turns":1.0},{"damage":3.0,"enemies":"The Guardian","floor":18.0,"turns":5.0},{"damage":0.0,"enemies":"Spheric Guardian","floor":20.0,"turns":3.0},{"damage":0.0,"enemies":"3 Byrds","floor":21.0,"turns":4.0},{"damage":0.0,"enemies":"Masked Bandits","floor":22.0,"turns":3.0},{"damage":1.0,"enemies":"Snake Plant","floor":24.0,"turns":3.0},{"damage":0.0,"enemies":"Book of Stabbing","floor":26.0,"turns":3.0},{"damage":0.0,"enemies":"Gremlin Leader","floor":30.0,"turns":2.0},{"damage":0.0,"enemies":"Shelled Parasite and Fungi","floor":32.0,"turns":2.0},{"damage":0.0,"enemies":"Slavers","floor":33.0,"turns":1.0},{"damage":0.0,"enemies":"Automaton","floor":35.0,"turns":4.0},{"damage":0.0,"enemies":"3 Shapes","floor":37.0,"turns":3.0},{"damage":0.0,"enemies":"Orb Walker","floor":39.0,"turns":3.0},{"damage":0.0,"enemies":"Sphere and 2 Shapes","floor":41.0,"turns":1.0},{"damage":12,"enemies":"Giant Head","floor":43,"turns":2},{"damage":0,"enemies":"Spire Growth","floor":44,"turns":3},{"damage":0,"enemies":"Jaw Worm Horde","floor":46,"turns":2},{"damage":0,"enemies":"R_Hoarder","floor":47,"turns":7},{"damage":0,"enemies":"Sphere and 2 Shapes","floor":50,"turns":2},{"damage":0,"enemies":"Donu and Deca","floor":52,"turns":1},{"damage":0,"enemies":"Awakened One","floor":53,"turns":2},{"damage":0,"enemies":"Shield and Spear","floor":57,"turns":2},{"damage":17,"enemies":"The Heart","floor":58,"turns":6}],"seed_played":"428205235469911140","potions_obtained":[{"floor":4.0,"key":"Weak Potion"},{"floor":7.0,"key":"Fire Potion"},{"floor":12.0,"key":"Fire Potion"},{"floor":13.0,"key":"Adrenaline Potion"},{"floor":22.0,"key":"FearPotion"},{"floor":32.0,"key":"Fire Potion"},{"floor":39.0,"key":"Adrenaline Potion"}],"is_trial":false,"path_per_floor":["M","?","?","M","M","R","E","M","T","E","M","M","M","PTL","PTL","M","R","B",null,"M","M","?","$","M","R","E","R","T","$","E","$","M","E","R","B",null,"M","?","M","?","M","R","E","M","T","M","E","R","$","M","R","B","B",null,"R","$","E","B",null],"character_chosen":"THE_SILENT","items_purchased":["Adrenaline","Well Laid Plans","PrismaticShard"],"campfire_rested":0,"item_purchase_floors":[23,29,56],"current_hp_per_floor":[59,59,64,60,59,59,44,44,44,41,41,41,41,41,41,41,41,38,63,63,63,63,63,62,62,62,62,62,62,62,62,62,62,62,62,74,74,74,74,74,74,74,62,62,62,62,62,62,62,62,62,62,62,73,73,73,73,56],"gold":28,"neow_bonus":"RANDOM_COMMON_RELIC","is_daily":false,"chose_seed":false,"campfire_upgraded":8,"win_rate":0.0,"timestamp":1614417429,"path_taken":["M","?","?","M","M","R","E","M","T","E","?","M","M","PTL","PTL","M","R","BOSS","M","M","?","$","M","R","E","R","T","$","E","$","M","E","R","BOSS","M","?","M","?","M","R","E","M","T","?","E","R","$","M","R","BOSS","BOSS","R","$","E","BOSS"],"items_purchased_type":["Card","Card","Relic"],"build_version":"2020-12-22","purchased_purges":5,"victory":true,"max_hp_per_floor":[66,66,71,71,71,71,71,71,71,71,71,71,71,71,71,71,71,71,71,71,71,71,71,71,71,71,71,71,71,71,71,71,71,71,71,76,76,76,76,76,76,76,76,76,76,76,76,76,76,76,76,76,76,76,76,76,76,76],"card_choices":[{"not_picked":["Sucker Punch","Deadly Poison"],"picked":"Prepared","floor":1.0},{"not_picked":["Infinite Blades","ReplayTheSpireMod:Shiv Toss"],"picked":"Eviscerate","floor":1.0},{"not_picked":["Dodge and Roll","Bane"],"picked":"Backflip","floor":1.0},{"not_picked":["Infinite Blades","Hidden Blade","Sucker Punch"],"picked":"SKIP","floor":1.0},{"not_picked":["Dodge and Roll","Dash","Unload"],"picked":"SKIP","floor":1.0},{"not_picked":["Dagger Spray","Infinite Blades"],"picked":"Tactician","floor":4.0},{"not_picked":["Bane","Blade Dance"],"picked":"Calculated Gamble","floor":4.0},{"not_picked":["ReplayTheSpireMod:Tripwire","Blade Dance"],"picked":"Footwork","floor":4.0},{"not_picked":["Dagger Spray","Deadly Poison"],"picked":"PiercingWail","floor":4.0},{"not_picked":["Bane","Sucker Punch","Infinite Blades"],"picked":"SKIP","floor":4.0},{"not_picked":["Poison Darts","Blade Dance","Crippling Poison"],"picked":"SKIP","floor":5.0},{"not_picked":["Calculated Gamble","Bane","Backflip"],"picked":"SKIP","floor":5.0},{"not_picked":["Deadly Poison","Accuracy","Sucker Punch"],"picked":"SKIP","floor":5.0},{"not_picked":["Tools of the Trade","Backflip","Quick Slash"],"picked":"SKIP","floor":5.0},{"not_picked":["Eviscerate","Bouncing Flask","ReplayTheSpireMod:Shiv Toss"],"picked":"SKIP","floor":5.0},{"not_picked":["ReplayTheSpireMod:Speed Training","Atom Bomb","Flying Knee"],"picked":"SKIP","floor":7.0},{"not_picked":["Poison Darts","Dagger Spray"],"picked":"Tactician","floor":8.0},{"not_picked":["Flying Knee","PiercingWail","Hidden Blade"],"picked":"SKIP","floor":8.0},{"not_picked":["Outmaneuver","Blade Dance","ReplayTheSpireMod:Exploit Weakness"],"picked":"SKIP","floor":8.0},{"not_picked":["Bane","Quick Slash","Masterful Stab"],"picked":"SKIP","floor":8.0},{"not_picked":["Setup","Sneak Up","Dodge and Roll"],"picked":"SKIP","floor":8.0},{"not_picked":["Underhanded Strike","Dash","PiercingWail"],"picked":"SKIP","floor":10.0},{"not_picked":["Leg Sweep","Hidden Blade"],"picked":"Well Laid Plans","floor":11.0},{"not_picked":["Dodge and Roll","Masterful Stab","Outmaneuver"],"picked":"SKIP","floor":11.0},{"not_picked":["Deadly Poison","Accuracy","Backflip"],"picked":"SKIP","floor":11.0},{"not_picked":["Envenom","Footwork","Prepared"],"picked":"SKIP","floor":11.0},{"not_picked":["ReplayTheSpireMod:Scrap Shanks","Outmaneuver","Blade Dance"],"picked":"SKIP","floor":11.0},{"not_picked":["Flying Knee","Deadly Poison"],"picked":"Acrobatics","floor":12.0},{"not_picked":["Deadly Poison","Dash","Bouncing Flask"],"picked":"SKIP","floor":12.0},{"not_picked":["Flechettes","Hidden Blade","Leg Sweep"],"picked":"SKIP","floor":12.0},{"not_picked":["Quick Slash","Flying Knee","Bouncing Flask"],"picked":"SKIP","floor":12.0},{"not_picked":["Sucker Punch","Backflip","Unload"],"picked":"SKIP","floor":12.0},{"not_picked":["Riddle With Holes","Blade Dance","PiercingWail"],"picked":"SKIP","floor":13.0},{"not_picked":["Quick Slash","Sucker Punch","Masterful Stab"],"picked":"SKIP","floor":13.0},{"not_picked":["Outmaneuver","Concentrate","Heel Hook"],"picked":"SKIP","floor":13.0},{"not_picked":["Dagger Spray","Infinite Blades","Tools of the Trade"],"picked":"SKIP","floor":13.0},{"not_picked":["Dagger Throw","ReplayTheSpireMod:The Works","Crippling Poison"],"picked":"SKIP","floor":13.0},{"not_picked":["Dagger Spray","Dodge and Roll"],"picked":"Acrobatics","floor":16.0},{"not_picked":["Sneak Up","Dagger Spray"],"picked":"Escape Plan","floor":16.0},{"not_picked":["Sucker Punch","Toxin Wave","Poisoned Stab"],"picked":"SKIP","floor":16.0},{"not_picked":["ReplayTheSpireMod:Scrap Shanks","Crippling Poison","Draining Mist"],"picked":"SKIP","floor":16.0},{"not_picked":["Choke","Poisoned Stab","Hidden Blade"],"picked":"SKIP","floor":16.0},{"not_picked":["Bane","Blade Dance+1"],"picked":"Adrenaline","floor":20.0},{"not_picked":["Dodge and Roll","Prepared"],"picked":"Calculated Gamble","floor":20.0},{"not_picked":["Dodge and Roll","Noxious Fumes"],"picked":"Footwork","floor":20.0},{"not_picked":["Poisoned Stab","Sucker Punch+1","Blade Dance"],"picked":"SKIP","floor":20.0},{"not_picked":["PiercingWail","Fluid Movement","Backflip"],"picked":"SKIP","floor":20.0},{"not_picked":["Sucker Punch","Blade Dance+1"],"picked":"Footwork+1","floor":21.0},{"not_picked":["Cloak And Dagger","Dagger Throw","Leg Sweep"],"picked":"SKIP","floor":21.0},{"not_picked":["Acrobatics","Slice","Hidden Blade"],"picked":"SKIP","floor":21.0},{"not_picked":["Flying Knee","Hidden Blade","PiercingWail"],"picked":"SKIP","floor":21.0},{"not_picked":["Cloak And Dagger+1","Dodge and Roll","ReplayTheSpireMod:Tripwire"],"picked":"SKIP","floor":21.0},{"not_picked":["Escape Plan","Sneak Up","Underhanded Strike"],"picked":"SKIP","floor":24.0},{"not_picked":["Toxin Wave","Dodge and Roll","Dash"],"picked":"SKIP","floor":24.0},{"not_picked":["Bane","Noxious Fumes","Leg Sweep"],"picked":"SKIP","floor":24.0},{"not_picked":["Dodge and Roll","Acrobatics+1","ReplayTheSpireMod:The Works"],"picked":"SKIP","floor":24.0},{"not_picked":["Deadly Poison","Replay:Bag of Tricks","Accuracy"],"picked":"SKIP","floor":24.0},{"not_picked":["Bane","Cloak And Dagger","Dodge and Roll"],"picked":"SKIP","floor":26.0},{"not_picked":["Masterful Stab","Quick Slash+1","Hidden Blade"],"picked":"SKIP","floor":30.0},{"not_picked":["Flying Knee","Doppelganger"],"picked":"Blur+1","floor":32.0},{"not_picked":["Backflip","Setup","Dagger Throw"],"picked":"SKIP","floor":32.0},{"not_picked":["Concentrate","Backflip","Sneak Up"],"picked":"SKIP","floor":32.0},{"not_picked":["Endless Agony+1","Eviscerate","PiercingWail"],"picked":"SKIP","floor":32.0},{"not_picked":["Dodge and Roll","Setup","Tactician"],"picked":"SKIP","floor":32.0},{"not_picked":["Flying Knee+1","Dagger Throw","Toxin Wave"],"picked":"SKIP","floor":33.0},{"not_picked":["Burst","Glass Knife"],"picked":"Grand Finale","floor":35.0},{"not_picked":["Sucker Punch","Predator","Bane+1"],"picked":"SKIP","floor":37.0},{"not_picked":["Sucker Punch+1","Crippling Poison+1","Infinite Blades"],"picked":"SKIP","floor":37.0},{"not_picked":["Concentrate+1","Bane","Flying Knee"],"picked":"SKIP","floor":37.0},{"not_picked":["Eviscerate","ReplayTheSpireMod:Exploit Weakness+1","Blade Dance"],"picked":"SKIP","floor":37.0},{"not_picked":["Sucker Punch","Slice","Poisoned Stab+1"],"picked":"SKIP","floor":37.0},{"not_picked":["ReplayTheSpireMod:Speed Training","Poisoned Stab"],"picked":"Reflex+1","floor":39.0},{"not_picked":["Setup","Fluid Movement","Outmaneuver"],"picked":"SKIP","floor":39.0},{"not_picked":["Quick Slash","Deflect","Outmaneuver"],"picked":"SKIP","floor":39.0},{"not_picked":["Dagger Throw+1","Storm of Steel","Sneak Up"],"picked":"SKIP","floor":39.0},{"not_picked":["Dagger Throw","Deflect+1","Dash"],"picked":"SKIP","floor":39.0},{"not_picked":["Escape Plan","Deadly Poison","Backflip"],"picked":"SKIP","floor":41},{"not_picked":["Underhanded Strike","Leg Sweep","Sucker Punch"],"picked":"SKIP","floor":41},{"not_picked":["Prepared","Poisoned Stab","Calculated Gamble"],"picked":"SKIP","floor":41},{"not_picked":["Acrobatics","Atom Bomb","Hidden Blade+1"],"picked":"SKIP","floor":41},{"not_picked":["Underhanded Strike","Toxin Wave","Bane+1"],"picked":"SKIP","floor":41},{"not_picked":["Outmaneuver","Prepared","Blade Dance"],"picked":"SKIP","floor":43},{"not_picked":["Riddle With Holes","Hidden Blade","Distraction"],"picked":"SKIP","floor":44},{"not_picked":["Dagger Throw","Cloak And Dagger+1","Deadly Poison"],"picked":"SKIP","floor":44},{"not_picked":["Bane","Toxin Wave","Catalyst"],"picked":"SKIP","floor":44},{"not_picked":["Noxious Fumes+1","Dagger Spray","Backflip"],"picked":"SKIP","floor":44},{"not_picked":["Flying Knee+1","Footwork","Backstab"],"picked":"SKIP","floor":44},{"not_picked":["Deflect","PiercingWail"],"picked":"After Image","floor":46},{"not_picked":["Acrobatics+1","Noxious Fumes+1","Quick Slash"],"picked":"SKIP","floor":46},{"not_picked":["ReplayTheSpireMod:Shiv Toss","Backstab","Outmaneuver+1"],"picked":"SKIP","floor":46},{"not_picked":["Backflip","Glass Knife","Expertise+1"],"picked":"SKIP","floor":46},{"not_picked":["Dagger Throw","Fluid Movement+1","Dagger Spray"],"picked":"SKIP","floor":46},{"not_picked":["Outmaneuver","Blade Dance","Poisoned Stab+1"],"picked":"SKIP","floor":47},{"not_picked":["Slice","Infinite Blades+1","Dagger Spray"],"picked":"SKIP","floor":50},{"not_picked":["Catalyst","Choke","Deadly Poison"],"picked":"SKIP","floor":50},{"not_picked":["Deflect","Distraction","Quick Slash"],"picked":"SKIP","floor":50},{"not_picked":["PiercingWail","Outmaneuver","Bane"],"picked":"SKIP","floor":50},{"not_picked":["Toxin Wave","Sucker Punch","Setup"],"picked":"SKIP","floor":50},{"not_picked":["Blasphemy","Iron Wave+1","Genetic Algorithm"],"picked":"SKIP","floor":57}],"player_experience":613101,"relics_obtained":[{"floor":10.0,"key":"Vajra"},{"floor":22.0,"key":"Red Mask"},{"floor":26.0,"key":"Unceasing Top"},{"floor":28.0,"key":"Matryoshka"},{"floor":30.0,"key":"Letter Opener"},{"floor":33.0,"key":"Replay:Wax Seal"},{"floor":43,"key":"Anchor"},{"floor":45,"key":"Boot"},{"floor":45,"key":"Toy Ornithopter"},{"floor":47,"key":"Pocketwatch"},{"floor":57,"key":"Pen Nib"}],"event_choices":[{"damage_healed":0.0,"max_hp_gain":5.0,"max_hp_loss":0.0,"gold_gain":0.0,"event_name":"Big Fish","player_choice":"Donut","floor":3.0,"gold_loss":0.0,"damage_taken":0.0},{"damage_healed":0.0,"max_hp_gain":0.0,"max_hp_loss":0.0,"gold_gain":0.0,"event_name":"Masked Bandits","player_choice":"Fought Bandits","floor":22.0,"gold_loss":0.0,"damage_taken":0.0},{"damage_healed":0.0,"max_hp_gain":0.0,"max_hp_loss":0.0,"gold_gain":222.0,"event_name":"Tomb of Lord Red Mask","player_choice":"Wore Mask","floor":38.0,"gold_loss":0.0,"damage_taken":0.0},{"cards_removed":["Strike_G"],"damage_healed":0.0,"max_hp_gain":0.0,"max_hp_loss":0.0,"gold_gain":0.0,"event_name":"Designer","player_choice":"Upgrade and Remove","floor":40.0,"gold_loss":110.0,"damage_taken":0.0,"cards_upgraded":["Prepared"]}],"is_beta":false,"boss_relics":[{"not_picked":["Calling Bell","Replay:Bronze Core","ReplayTheSpireMod:DimensionalGlitch"]},{"not_picked":["Painkiller Herb","Ring of Chaos"],"picked":"Tiny House"}],"items_purged_floors":[23,29,31,49,56],"is_endless":false,"potions_floor_spawned":[4,7,11,12,13,22,24,32,39,46,47,50,57],"ascension_level":20}}