{"host":"3fq4qkq16k5wd7va","time":1614453473,"event":{"mods":["BaseMod","Better Match","Googly Eyes","Minty Spire (QoL Compilation)","StSLib"],"gold_per_floor":[116,116,132,132,57,92,92,105,105,146,146,46,46,82,82,203,203,227,240,240,44,69,69,100,113,164,204,225,225,261,284,284,284,284],"floor_reached":33,"language":"ENG","playtime":1898,"items_purged":["Strike_R","Strike_R","Clash"],"score":400,"play_id":"aa045e54-178e-4a74-8f0c-744d219df3bf","local_time":"20210228061753","is_ascension_mode":true,"campfire_choices":[{"data":"Rampage","floor":7,"key":"SMITH"},{"data":"Battle Trance","floor":11,"key":"SMITH"},{"floor":15,"key":"DIG"},{"data":"Double Tap","floor":23,"key":"SMITH"},{"floor":29,"key":"REST"},{"floor":32,"key":"REST"}],"circlet_count":0,"master_deck":["Strike_R+1","Strike_R","Strike_R+1","Defend_R","Defend_R","Defend_R","Defend_R","Bash","Headbutt","Impervious","Rampage+1","Battle Trance+1","Ghostly Armor","Double Tap+1","Whirlwind+1","Ghostly Armor","Battle Trance","Demon Form","Disarm","Evolve+1"],"relics":["Burning Blood","NeowsBlessing","Golden Idol","Prayer Wheel","Unceasing Top","Shovel","Gambling Chip","Pen Nib","Velvet Choker","Potion Belt","Lantern","Sundial","Whetstone"],"acts_visited":["Exordium","TheCity"],"potions_floor_usage":[14,27,33,33,33],"damage_taken":[{"damage":0,"enemies":"Small Slimes","floor":1,"turns":1},{"damage":0,"enemies":"Cultist","floor":3,"turns":1},{"damage":0,"enemies":"3 Sentries","floor":6,"turns":2},{"damage":6,"enemies":"2 Louse","floor":8,"turns":4},{"damage":30,"enemies":"Lagavulin","floor":10,"turns":6},{"damage":20,"enemies":"3 Sentries","floor":14,"turns":9},{"damage":38,"enemies":"The Guardian","floor":16,"turns":10},{"damage":16,"enemies":"Spheric Guardian","floor":18,"turns":4},{"damage":8,"enemies":"Shell Parasite","floor":19,"turns":4},{"damage":4,"enemies":"Centurion and Healer","floor":22,"turns":6},{"damage":50,"enemies":"Gremlin Leader","floor":24,"turns":7},{"damage":0,"enemies":"3 Cultists","floor":25,"turns":3},{"damage":26,"enemies":"Book of Stabbing","floor":27,"turns":6},{"damage":26,"enemies":"Sentry and Sphere","floor":28,"turns":7},{"damage":27,"enemies":"Slavers","floor":30,"turns":6},{"damage":9,"enemies":"Snake Plant","floor":31,"turns":4},{"damage":76,"enemies":"Automaton","floor":33,"turns":6}],"seed_played":"6146743689779821028","potions_obtained":[{"floor":3,"key":"BloodPotion"},{"floor":10,"key":"GamblersBrew"},{"floor":14,"key":"FairyPotion"},{"floor":18,"key":"HeartOfIron"},{"floor":19,"key":"Explosive Potion"},{"floor":30,"key":"Dexterity Potion"},{"floor":31,"key":"ColorlessPotion"}],"is_trial":false,"path_per_floor":["M","?","M","?","$","E","R","M","T","E","R","$","?","E","R","B",null,"M","M","?","$","M","R","E","M","T","E","M","R","E","M","R","B"],"character_chosen":"IRONCLAD","items_purchased":["Battle Trance"],"campfire_rested":2,"item_purchase_floors":[21],"current_hp_per_floor":[80,72,78,58,58,64,64,64,64,40,40,40,40,42,42,10,80,70,68,68,68,70,70,26,32,32,12,17,41,20,17,41,0,0],"gold":284,"neow_bonus":"THREE_ENEMY_KILL","is_daily":false,"chose_seed":false,"campfire_upgraded":3,"win_rate":0.0,"timestamp":1614453473,"path_taken":["M","?","?","?","$","E","R","M","T","E","R","?","?","E","R","BOSS","M","M","?","$","M","R","E","M","T","E","?","R","E","M","R","BOSS"],"items_purchased_type":["Card"],"build_version":"2020-12-22","purchased_purges":3,"victory":false,"max_hp_per_floor":[80,80,80,80,80,80,80,80,80,80,80,80,80,80,80,80,80,80,80,80,80,80,80,80,80,80,80,80,80,80,80,80,80,80],"card_choices":[{"not_picked":["Clash","Hemokinesis"],"picked":"Headbutt","floor":1},{"not_picked":["True Grit","Pommel Strike"],"picked":"Impervious","floor":3},{"not_picked":["Berserk","True Grit"],"picked":"Rampage","floor":6},{"not_picked":["Flex","Ghostly Armor"],"picked":"Battle Trance","floor":8},{"not_picked":["Body Slam","Wild Strike"],"picked":"Ghostly Armor","floor":8},{"not_picked":["Thunderclap","Power Through","Warcry"],"picked":"SKIP","floor":10},{"not_picked":["Iron Wave","Sentinel","Rage"],"picked":"SKIP","floor":14},{"not_picked":["Brutality","Offering"],"picked":"Double Tap","floor":16},{"not_picked":["Burning Pact+1","Pommel Strike+1"],"picked":"Whirlwind+1","floor":18},{"not_picked":["Headbutt","Heavy Blade"],"picked":"Ghostly Armor","floor":18},{"not_picked":["Body Slam+1","Shrug It Off"],"picked":"Clash","floor":19},{"not_picked":["Clash","Flex+1","Clothesline+1"],"picked":"SKIP","floor":19},{"not_picked":["Twin Strike","Body Slam","Heavy Blade"],"picked":"SKIP","floor":22},{"not_picked":["Uppercut","Clash","Headbutt"],"picked":"SKIP","floor":22},{"not_picked":["Iron Wave+1","Twin Strike"],"picked":"Demon Form","floor":24},{"not_picked":["Entrench","Flex+1","Blood for Blood"],"picked":"SKIP","floor":25},{"not_picked":["Iron Wave","Spot Weakness","Wild Strike+1"],"picked":"SKIP","floor":25},{"not_picked":["Rage","Spot Weakness","Flex"],"picked":"SKIP","floor":27},{"not_picked":["Iron Wave","Wild Strike+1"],"picked":"Disarm","floor":28},{"not_picked":["Perfected Strike","Flex+1","Entrench"],"picked":"SKIP","floor":28},{"not_picked":["Metallicize","Clothesline","Carnage"],"picked":"SKIP","floor":30},{"not_picked":["Cleave","Body Slam"],"picked":"Evolve+1","floor":31},{"not_picked":["Havoc","Clothesline","Bloodletting"],"picked":"SKIP","floor":31}],"player_experience":173520,"relics_obtained":[{"floor":6,"key":"Prayer Wheel"},{"floor":9,"key":"Unceasing Top"},{"floor":10,"key":"Shovel"},{"floor":14,"key":"Gambling Chip"},{"floor":15,"key":"Pen Nib"},{"floor":24,"key":"Potion Belt"},{"floor":26,"key":"Lantern"},{"floor":27,"key":"Sundial"},{"floor":30,"key":"Whetstone"}],"event_choices":[{"damage_healed":0,"gold_gain":0,"player_choice":"Damaged","damage_taken":8,"max_hp_gain":0,"max_hp_loss":0,"event_name":"Wheel of Change","floor":2,"gold_loss":0},{"damage_healed":0,"gold_gain":0,"player_choice":"Take Damage","damage_taken":20,"relics_obtained":["Golden Idol"],"max_hp_gain":0,"max_hp_loss":0,"event_name":"Golden Idol","floor":4,"gold_loss":0},{"damage_healed":0,"gold_gain":0,"player_choice":"Ignored","damage_taken":0,"max_hp_gain":0,"max_hp_loss":0,"event_name":"Shining Light","floor":13,"gold_loss":0},{"damage_healed":0,"gold_gain":0,"player_choice":"Ignored","damage_taken":0,"max_hp_gain":0,"max_hp_loss":0,"event_name":"Duplicator","floor":20,"gold_loss":0}],"is_beta":false,"boss_relics":[{"not_picked":["Busted Crown","Black Blood"],"picked":"Velvet Choker"}],"items_purged_floors":[5,12,21],"is_endless":false,"potions_floor_spawned":[3,10,14,18,19,30,31],"killed_by":"Automaton","ascension_level":3}}