{"host":"z39atn33tyek63fd","time":1614396237,"event":{"mods":["BaseMod","Minty Spire (QoL Compilation)","everything is the same but u backflip on backflip"],"gold_per_floor":[111,122,42,54,15,49,49,69,69,69,88,100,131,131,131,131,131],"floor_reached":16,"language":"ENG","playtime":819,"items_purged":[],"score":190,"play_id":"91150095-d0be-40c2-9c9b-f5f7828358b2","local_time":"20210226212357","is_ascension_mode":true,"campfire_choices":[{"data":"Crippling Poison","floor":7,"key":"SMITH"},{"data":"Leg Sweep","floor":10,"key":"SMITH"},{"data":"Skewer","floor":15,"key":"SMITH"}],"circlet_count":0,"master_deck":["AscendersBane","Strike_G","Strike_G","Strike_G","Strike_G","Strike_G","Defend_G","Defend_G","Defend_G","Defend_G","Defend_G","Survivor","Neutralize+1","Dodge and Roll","Cloak And Dagger","Backstab","Dash","Crippling Poison+1","Skewer+1","Leg Sweep+1","Backflip","Heel Hook"],"relics":["Ring of the Snake","Orichalcum","Lantern","Pear","Mummified Hand"],"acts_visited":["Exordium"],"potions_floor_usage":[6,13,13],"damage_taken":[{"damage":0.0,"enemies":"Cultist","floor":1.0,"turns":5.0},{"damage":3.0,"enemies":"Small Slimes","floor":2.0,"turns":6.0},{"damage":0,"enemies":"Jaw Worm","floor":4,"turns":6},{"damage":22,"enemies":"3 Sentries","floor":6,"turns":14},{"damage":3,"enemies":"Exordium Wildlife","floor":8,"turns":4},{"damage":0,"enemies":"Looter","floor":11,"turns":4},{"damage":0,"enemies":"Blue Slaver","floor":12,"turns":4},{"damage":9,"enemies":"Gremlin Nob","floor":13,"turns":4},{"damage":31,"enemies":"Hexaghost","floor":16,"turns":14}],"seed_played":"-3936077478933688433","potions_obtained":[{"floor":2.0,"key":"DistilledChaos"},{"floor":4,"key":"Dexterity Potion"},{"floor":6,"key":"Ancient Potion"},{"floor":12,"key":"SteroidPotion"},{"floor":13,"key":"Explosive Potion"}],"is_trial":false,"path_per_floor":["M","M","$","M","$","E","R","M","T","R","M","M","E","?","R","B"],"character_chosen":"THE_SILENT","items_purchased":["Backstab","Crippling Poison"],"campfire_rested":0,"item_purchase_floors":[3,5],"current_hp_per_floor":[59,56,56,56,56,34,34,31,31,31,31,31,32,29,29,0,0],"gold":131,"neow_bonus":"UPGRADE_CARD","is_daily":false,"chose_seed":false,"campfire_upgraded":3,"win_rate":0.0,"timestamp":1614396237,"path_taken":["M","M","$","M","$","E","R","?","T","R","M","M","E","?","R","BOSS"],"items_purchased_type":["Card","Card"],"build_version":"2020-12-22","purchased_purges":0,"victory":false,"max_hp_per_floor":[66,66,66,66,66,66,66,66,66,66,66,66,76,76,76,76,76],"card_choices":[{"not_picked":["Underhanded Strike","Finisher"],"picked":"Dodge and Roll","floor":1.0},{"not_picked":["Caltrops","Dagger Throw"],"picked":"Cloak And Dagger","floor":2.0},{"not_picked":["Quick Slash","Blade Dance"],"picked":"Dash","floor":4},{"not_picked":["Masterful Stab","Glass Knife"],"picked":"Skewer","floor":6},{"not_picked":["Reflex","Poisoned Stab"],"picked":"Leg Sweep","floor":8},{"not_picked":["Distraction","Sucker Punch"],"picked":"Backflip","floor":11},{"not_picked":["Concentrate","Eviscerate","Masterful Stab"],"picked":"SKIP","floor":12},{"not_picked":["Phantasmal Killer","Expertise"],"picked":"Heel Hook","floor":13}],"player_experience":829568,"relics_obtained":[{"floor":6,"key":"Orichalcum"},{"floor":9,"key":"Lantern"},{"floor":13,"key":"Pear"}],"event_choices":[{"damage_healed":0,"gold_gain":0,"player_choice":"Success","damage_taken":3,"relics_obtained":["Mummified Hand"],"max_hp_gain":0,"max_hp_loss":0,"event_name":"Scrap Ooze","floor":14,"gold_loss":0}],"is_beta":false,"boss_relics":[],"items_purged_floors":[],"is_endless":false,"potions_floor_spawned":[2,4,6,12,13],"killed_by":"Hexaghost","ascension_level":14}}