{"host":"3sqvgza1l4ip9ny1","time":1614442608,"event":{"mods":["BaseMod","Minty Spire (QoL Compilation)"],"gold_per_floor":[115,126,142,155,49,83,83,118,118,137,137,197,197,222,222,222,222],"floor_reached":16,"language":"ENG","playtime":792,"items_purged":[],"score":144,"play_id":"0f7f962b-fd91-452e-8845-cb53dba44cc3","local_time":"20210227161648","is_ascension_mode":true,"campfire_choices":[{"data":"Rupture","floor":11,"key":"SMITH"},{"floor":13,"key":"REST"},{"data":"Body Slam","floor":15,"key":"SMITH"}],"circlet_count":0,"master_deck":["Strike_R","Strike_R","Strike_R","Strike_R","Strike_R","Defend_R","Defend_R","Defend_R","Defend_R","Bash","Combust","Blood for Blood","Cleave","Body Slam+1","Shrug It Off","Rage","Rage","Rupture+1","Anger"],"relics":["Burning Blood","Unceasing Top","Ancient Tea Set","Vajra","Shuriken","Kunai"],"acts_visited":["Exordium"],"potions_floor_usage":[6,6,14,16],"damage_taken":[{"damage":6,"enemies":"Jaw Worm","floor":1,"turns":5},{"damage":2,"enemies":"Small Slimes","floor":2,"turns":4},{"damage":4,"enemies":"Cultist","floor":3,"turns":4},{"damage":2,"enemies":"2 Fungi Beasts","floor":4,"turns":3},{"damage":26,"enemies":"Gremlin Nob","floor":6,"turns":5},{"damage":34,"enemies":"Lagavulin","floor":8,"turns":7},{"damage":10,"enemies":"Blue Slaver","floor":10,"turns":3},{"damage":7,"enemies":"3 Sentries","floor":14,"turns":5},{"damage":44,"enemies":"Hexaghost","floor":16,"turns":9}],"seed_played":"-2899380206007537134","potions_obtained":[{"floor":1,"key":"SpeedPotion"},{"floor":2,"key":"Weak Potion"},{"floor":10,"key":"PowerPotion"},{"floor":14,"key":"SneckoOil"}],"is_trial":false,"path_per_floor":["M","M","M","M","$","E","?","E","T","M","R","?","R","E","R","B"],"character_chosen":"IRONCLAD","items_purchased":["Body Slam","Shrug It Off"],"campfire_rested":1,"item_purchase_floors":[5,5],"current_hp_per_floor":[72,72,72,72,72,52,52,24,24,20,20,20,41,40,40,0,0],"gold":222,"neow_bonus":"ONE_RARE_RELIC","is_daily":false,"chose_seed":false,"campfire_upgraded":2,"win_rate":0.0,"timestamp":1614442608,"path_taken":["M","M","M","M","$","E","?","E","T","M","R","?","R","E","R","BOSS"],"items_purchased_type":["Card","Card"],"build_version":"2020-12-22","purchased_purges":0,"victory":false,"max_hp_per_floor":[72,72,72,72,72,72,72,72,72,72,72,72,72,72,72,72,72],"card_choices":[{"not_picked":["Blood for Blood","Infernal Blade"],"picked":"Combust","floor":1},{"not_picked":["Infernal Blade","Burning Pact"],"picked":"Blood for Blood","floor":2},{"not_picked":["Sword Boomerang","True Grit","Clash"],"picked":"SKIP","floor":3},{"not_picked":["Thunderclap","Exhume"],"picked":"Cleave","floor":4},{"not_picked":["True Grit","Twin Strike"],"picked":"Rage","floor":6},{"not_picked":["Disarm","Flex"],"picked":"Rage","floor":8},{"not_picked":["Sword Boomerang","Feel No Pain"],"picked":"Rupture","floor":10},{"not_picked":["Twin Strike","Evolve"],"picked":"Anger","floor":14}],"player_experience":257398,"relics_obtained":[{"floor":6,"key":"Ancient Tea Set"},{"floor":8,"key":"Vajra"},{"floor":9,"key":"Shuriken"},{"floor":14,"key":"Kunai"}],"event_choices":[{"damage_healed":0,"gold_gain":0,"player_choice":"Ignored","damage_taken":0,"max_hp_gain":0,"max_hp_loss":0,"event_name":"Liars Game","floor":7,"gold_loss":0},{"damage_healed":0,"gold_gain":60,"player_choice":"Gained Gold","damage_taken":0,"max_hp_gain":0,"max_hp_loss":0,"event_name":"Golden Wing","floor":12,"gold_loss":0}],"is_beta":false,"boss_relics":[],"items_purged_floors":[],"is_endless":false,"potions_floor_spawned":[1,2,10,14],"killed_by":"Hexaghost","ascension_level":4}}