{"host":"1bmpebsu0h6jmm2g","time":1614406027,"event":{"mods":["BaseMod","BetterRewards","Colored Map","DeckTracker","Highlight Path","Keyboard Shortcuts","Minty Spire (QoL Compilation)","Permanent Neow","Quick Restart","Relic Stats","Slay the Relics Exporter","Spicy Shops","StSLib","SuperFastMode","The Poker Player"],"gold_per_floor":[116,44,56,75,91,118,118,148,172,202,202,219,219,244,244,343,343,343,343],"floor_reached":17,"language":"KOR","playtime":689,"items_purged":["PokerPlayerMod:Diamond1","PokerPlayerMod:Club1","PokerPlayerMod:Diamond2","PokerPlayerMod:Spade1","PokerPlayerMod:Spade2"],"score":432,"play_id":"80d68388-bccc-4b29-9820-fbc1d2985e43","local_time":"20210227150707","is_ascension_mode":true,"metric_token":990,"campfire_choices":[{"data":"PokerPlayerMod:Duplicate","floor":7,"key":"SMITH"},{"data":"PokerPlayerMod:Spade4","floor":11,"key":"SMITH"},{"data":"PokerPlayerMod:Spade5","floor":15,"key":"SMITH"}],"circlet_count":0,"master_deck":["PokerPlayerMod:Diamond4","PokerPlayerMod:Diamond4","PokerPlayerMod:Diamond6","PokerPlayerMod:Spade3","PokerPlayerMod:Spade6","PokerPlayerMod:Club2","PokerPlayerMod:Heart2","PokerPlayerMod:TrumpStrike","PokerPlayerMod:BadJoker","PokerPlayerMod:Mulligan+1","PokerPlayerMod:FillThePot","PokerPlayerMod:Duplicate+1","PokerPlayerMod:Extraction+1","PokerPlayerMod:Raise+1","PokerPlayerMod:Heart8","PokerPlayerMod:CardBurn+1","PokerPlayerMod:Raise+1","PokerPlayerMod:Club5","PokerPlayerMod:Club10+"],"relics":["PokerPlayerMod:DeckCase","Prayer Wheel","Orrery","Membership Card","Lizard Tail","Toxic Egg 2","Question Card","Sundial","Bag of Marbles","TheAbacus","War Paint","Regal Pillow","Orichalcum","StrikeDummy","Runic Dome"],"acts_visited":["Exordium","TheCity"],"potions_floor_usage":[],"damage_taken":[{"damage":1,"enemies":"Cultist","floor":1,"turns":3},{"damage":6,"enemies":"Jaw Worm","floor":3,"turns":3},{"damage":6,"enemies":"2 Louse","floor":4,"turns":3},{"damage":9,"enemies":"Red Slaver","floor":5,"turns":4},{"damage":1,"enemies":"3 Sentries","floor":6,"turns":4},{"damage":0,"enemies":"Lagavulin","floor":8,"turns":4},{"damage":0,"enemies":"3 Sentries","floor":10,"turns":2},{"damage":0,"enemies":"Gremlin Gang","floor":12,"turns":1},{"damage":0,"enemies":"Lagavulin","floor":14,"turns":3},{"damage":6,"enemies":"Hexaghost","floor":16,"turns":5}],"seed_played":"4228196472491184613","potions_obtained":[{"floor":1,"key":"SpeedPotion"},{"floor":3,"key":"SpeedPotion"}],"is_trial":false,"path_per_floor":["M","$","M","M","M","E","R","E","T","E","R","M","?","E","R","B",null],"character_chosen":"THE_POKER_PLAYER","items_purchased":["Prayer Wheel","Orrery","Membership Card","Lizard Tail","Toxic Egg 2","Question Card","Sundial","Bag of Marbles","TheAbacus"],"campfire_rested":0,"item_purchase_floors":[0,0,0,0,0,0,0,0,2],"current_hp_per_floor":[21,21,37,41,43,51,51,52,52,52,52,52,42,52,52,46,52,52,52],"gold":343,"neow_bonus":"","is_daily":false,"chose_seed":false,"campfire_upgraded":3,"win_rate":0.0,"timestamp":1614406027,"path_taken":["M","?","M","M","M","E","R","E","T","E","R","M","?","E","R","BOSS"],"items_purchased_type":["Relic","Relic","Relic","Relic","Relic","Relic","Relic","Relic","Relic"],"build_version":"2020-12-22","purchased_purges":5,"victory":false,"max_hp_per_floor":[52,52,52,52,52,52,52,52,52,52,52,52,52,52,52,52,52,52,52],"relic_stats":{"Lizard Tail":0,"Regal Pillow":0,"TheAbacus":[300],"counters":[81,275],"Sundial":[18],"Prayer Wheel":5,"War Paint":["PokerPlayerMod:Mulligan","PokerPlayerMod:Mulligan","PokerPlayerMod:Mulligan","PokerPlayerMod:Extraction"],"Orichalcum":[66],"Question Card":15,"obtain_stats":[{"Whetstone":54,"Bottled Tornado":23,"PokerPlayerMod:BrokenClock":9,"Old Coin":23,"Sozu":34,"Blood Vial":53,"Lizard Tail":0,"Sundial":36,"DollysMirror":36,"Strawberry":9,"Prayer Wheel":0,"Toxic Egg 2":0,"PokerPlayerMod:Splitter":26,"PokerPlayerMod:CoolBox":25,"PokerPlayerMod:PendantOfEscape":11,"Happy Flower":54,"Eternal Feather":11,"War Paint":47,"Question Card":0,"Akabeko":42,"Runic Dome":17,"SlaversCollar":17,"Shuriken":8,"Bronze Scales":21,"Black Star":17,"StrikeDummy":19,"Meat on the Bone":47,"Lantern":9,"Regal Pillow":8,"Torii":53,"Enchiridion":31,"Mango":29,"Incense Burner":6,"Empty Cage":34,"Ancient Tea Set":40,"PrismaticShard":53,"PokerPlayerMod:FairLicense":23,"PokerPlayerMod:DeckCase":0,"Dream Catcher":26,"TheAbacus":0,"Matryoshka":6,"Gambling Chip":20,"Golden Idol":2,"Thread and Needle":44,"PreservedInsect":40,"Orichalcum":42,"MawBank":27,"Medical Kit":0,"White Beast Statue":0,"Peace Pipe":38,"Anchor":42,"Orrery":0,"PokerPlayerMod:JackpotMachine":24,"Bag of Marbles":0,"PokerPlayerMod:ClubPass":27,"Membership Card":20,"TungstenRod":38},{"Whetstone":70,"Bottled Tornado":10,"PokerPlayerMod:BrokenClock":4,"Old Coin":54,"Sozu":15,"Blood Vial":69,"Lizard Tail":71,"Sundial":60,"DollysMirror":60,"Strawberry":22,"Prayer Wheel":71,"Toxic Egg 2":71,"PokerPlayerMod:Splitter":11,"PokerPlayerMod:CoolBox":56,"PokerPlayerMod:PendantOfEscape":22,"Happy Flower":70,"Eternal Feather":5,"War Paint":67,"Question Card":71,"Akabeko":64,"Runic Dome":25,"SlaversCollar":49,"Shuriken":44,"Bronze Scales":27,"Black Star":7,"StrikeDummy":8,"Meat on the Bone":67,"Lantern":44,"Regal Pillow":77,"Torii":69,"Enchiridion":58,"Mango":30,"Incense Burner":3,"Empty Cage":32,"Ancient Tea Set":36,"PrismaticShard":69,"PokerPlayerMod:FairLicense":10,"PokerPlayerMod:DeckCase":0,"Dream Catcher":29,"TheAbacus":39,"Matryoshka":42,"Gambling Chip":51,"Golden Idol":40,"Thread and Needle":65,"PreservedInsect":62,"Orichalcum":64,"MawBank":12,"Medical Kit":39,"White Beast Statue":39,"Peace Pipe":61,"Anchor":37,"Orrery":71,"PokerPlayerMod:JackpotMachine":29,"Bag of Marbles":71,"PokerPlayerMod:ClubPass":12,"Membership Card":51,"TungstenRod":61},{"Whetstone":238,"Bottled Tornado":34,"PokerPlayerMod:BrokenClock":12,"Old Coin":202,"Sozu":52,"Blood Vial":237,"Lizard Tail":243,"Sundial":216,"DollysMirror":216,"Strawberry":70,"Prayer Wheel":243,"Toxic Egg 2":243,"PokerPlayerMod:Splitter":38,"PokerPlayerMod:CoolBox":208,"PokerPlayerMod:PendantOfEscape":70,"Happy Flower":238,"Eternal Feather":15,"War Paint":232,"Question Card":243,"Akabeko":225,"Runic Dome":85,"SlaversCollar":193,"Shuriken":174,"Bronze Scales":94,"Black Star":24,"StrikeDummy":27,"Meat on the Bone":232,"Lantern":174,"Regal Pillow":264,"Torii":237,"Enchiridion":210,"Mango":107,"Incense Burner":11,"Empty Cage":119,"Ancient Tea Set":139,"PrismaticShard":237,"PokerPlayerMod:FairLicense":34,"PokerPlayerMod:DeckCase":0,"Dream Catcher":102,"TheAbacus":158,"Matryoshka":166,"Gambling Chip":195,"Golden Idol":160,"Thread and Needle":229,"PreservedInsect":223,"Orichalcum":225,"MawBank":42,"Medical Kit":158,"White Beast Statue":158,"Peace Pipe":218,"Anchor":145,"Orrery":243,"PokerPlayerMod:JackpotMachine":102,"Bag of Marbles":243,"PokerPlayerMod:ClubPass":42,"Membership Card":195,"TungstenRod":218}]},"card_choices":[{"not_picked":["PokerPlayerMod:HiddenCard","PokerPlayerMod:Spade9"],"picked":"PokerPlayerMod:FillThePot","floor":0},{"not_picked":["PokerPlayerMod:Configure","PokerPlayerMod:SecondChance"],"picked":"PokerPlayerMod:Duplicate","floor":0},{"not_picked":["PokerPlayerMod:Diamond4","PokerPlayerMod:Raise"],"picked":"PokerPlayerMod:Extraction","floor":0},{"not_picked":["PokerPlayerMod:Diamond2","PokerPlayerMod:CloakAndDiamond+1","PokerPlayerMod:Heart8"],"picked":"PokerPlayerMod:Raise+1","floor":1},{"not_picked":["PokerPlayerMod:Spade2","PokerPlayerMod:Spade4","PokerPlayerMod:ClubDance+1"],"picked":"PokerPlayerMod:Heart8","floor":1},{"not_picked":["PokerPlayerMod:Harden","PokerPlayerMod:Club4","PokerPlayerMod:Spade1"],"picked":"PokerPlayerMod:CardBurn+1","floor":3},{"not_picked":["PokerPlayerMod:Diamond4","PokerPlayerMod:Diamond1","PokerPlayerMod:Diamond5","PokerPlayerMod:Fold+1"],"picked":"SKIP","floor":3},{"not_picked":["PokerPlayerMod:Club3","PokerPlayerMod:DiamondStrike","PokerPlayerMod:Diamond4","PokerPlayerMod:ClubsClub"],"picked":"SKIP","floor":4},{"not_picked":["PokerPlayerMod:Diamond3","PokerPlayerMod:SpadeStrike","PokerPlayerMod:Club1","PokerPlayerMod:Trickery"],"picked":"SKIP","floor":4},{"not_picked":["PokerPlayerMod:CloakAndDiamond+1","PokerPlayerMod:Fold+1","PokerPlayerMod:ClubsClub"],"picked":"PokerPlayerMod:Raise+1","floor":5},{"not_picked":["PokerPlayerMod:Club2","PokerPlayerMod:Trickery","PokerPlayerMod:Diamond3","PokerPlayerMod:Configure+1"],"picked":"SKIP","floor":5},{"not_picked":["PokerPlayerMod:Club2","PokerPlayerMod:Overdeal","PokerPlayerMod:Heart8","PokerPlayerMod:Diamond3"],"picked":"SKIP","floor":6},{"not_picked":["PokerPlayerMod:Trickery","PokerPlayerMod:ClubShade","PokerPlayerMod:Heart5","PokerPlayerMod:HiddenCard+1"],"picked":"SKIP","floor":8},{"not_picked":["PokerPlayerMod:Trickery","PokerPlayerMod:ClubShade","PokerPlayerMod:Heart5","PokerPlayerMod:HiddenCard+1"],"picked":"SKIP","floor":8},{"not_picked":["PokerPlayerMod:Diamond2","PokerPlayerMod:Spade5","PokerPlayerMod:Diamond4"],"picked":"PokerPlayerMod:Club5","floor":10},{"not_picked":["PokerPlayerMod:Overdeal","PokerPlayerMod:Spade1","PokerPlayerMod:FlyingCard","PokerPlayerMod:Spade10+"],"picked":"SKIP","floor":12},{"not_picked":["PokerPlayerMod:DartThrow","PokerPlayerMod:Trickery","PokerPlayerMod:HeartStrike","PokerPlayerMod:Spade3"],"picked":"SKIP","floor":12},{"not_picked":["PokerPlayerMod:VarietyAttack","PokerPlayerMod:CardBurn+1","PokerPlayerMod:Diamond8","PokerPlayerMod:Spade3"],"picked":"SKIP","floor":14},{"not_picked":["PokerPlayerMod:Diamond9","PokerPlayerMod:Club8","PokerPlayerMod:Duplicate+1"],"picked":"PokerPlayerMod:Club10+","floor":16}],"player_experience":572924,"relics_obtained":[{"floor":6,"key":"War Paint"},{"floor":8,"key":"Regal Pillow"},{"floor":10,"key":"Orichalcum"},{"floor":14,"key":"StrikeDummy"}],"event_choices":[{"damage_healed":0,"gold_gain":0,"player_choice":"Entered Light","damage_taken":10,"max_hp_gain":0,"max_hp_loss":0,"event_name":"Shining Light","floor":13,"gold_loss":0,"cards_upgraded":["PokerPlayerMod:Diamond6","PokerPlayerMod:Diamond4"]}],"is_beta":false,"boss_relics":[{"not_picked":["SlaversCollar","Velvet Choker"],"picked":"Runic Dome"}],"items_purged_floors":[0,0,0,0,0],"is_endless":false,"potions_floor_spawned":[1,3,6,8],"ascension_level":4}}