{"host":"8e3sp1tozjyrh64l","time":1614452169,"event":{"mods":["Act Like it!","BaseMod","Better Altar","Better Match","Better Note","Better Sensory Stone","Better Silent Start","Better Skull","Better Third Choice","BetterRewards","Conspire","Curses Come First","Defuse TimeMaze Blight","Infinite Spire","Minty Spire (QoL Compilation)","Permanent Neow","Rare Cards Sparkle","Relic Sorter","Reliquary","Replay The Spire","Shop Mod","Spicy Shops","StSLib","SuperFastMode","The Jungle","Wandering Minibosses"],"gold_per_floor":[212,287,287,299,313,345,345,19,43,43,68,78,78,78,78,179,179,196,196,119,134,154,154,154,154,154,184,209,209,209,209,226,260,260,363,363,379,379,395,28,28,28],"floor_reached":41,"language":"ENG","playtime":1079,"items_purged":[],"score":534,"play_id":"d9be3938-ef6b-4443-a6b7-76d681d4bc65","local_time":"20210227115609","is_ascension_mode":true,"campfire_choices":[{"data":"Neutralize","floor":7,"key":"SMITH"},{"data":"Poisoned Stab","floor":15,"key":"SMITH"},{"data":"Blade Dance","floor":23,"key":"SMITH"},{"data":"Survivor","floor":26,"key":"SMITH"},{"data":"Strike_G+1","floor":29,"key":"SMITH"},{"data":"theJungle:Gourd","floor":34,"key":"SMITH"}],"circlet_count":0,"master_deck":["Strike_G+2","Strike_G","Survivor+1","Neutralize+1","Poisoned Stab+1","Infinite Blades","Infinite Blades","Infinite Blades","After Image","Blade Dance+1","Phantasmal Killer+1","theJungle:Gourd+1","theJungle:Gourd","theJungle:Gourd","theJungle:Gourd","theJungle:Gourd","ReplayTheSpireMod:Brewmster"],"relics":["Ring of the Snake","infinitespire:WardingShard","Simple Rune","Shuriken","reliquary:RoseTintedGlasses","Potion Belt","reliquary:PartyBalloon","PreservedInsect","reliquary:SilkGlove","MerchantsRug","Medical Kit","Gremlin Food"],"acts_visited":["Exordium","Exordium","TheBeyond"],"potions_floor_usage":[6,11,35],"damage_taken":[{"damage":0,"enemies":"2 Louse","floor":1,"turns":3},{"damage":4,"enemies":"Jaw Worm","floor":4,"turns":5},{"damage":4,"enemies":"Small Slimes","floor":5,"turns":4},{"damage":21,"enemies":"3 Sentries","floor":6,"turns":9},{"damage":4,"enemies":"Gremlin Nob","floor":11,"turns":4},{"damage":9,"enemies":"Blue Slaver","floor":12,"turns":4},{"damage":5,"enemies":"Hexaghost","floor":16,"turns":8},{"damage":9,"enemies":"theJungle:MUSHROOMGANG","floor":18,"turns":5},{"damage":0,"enemies":"theJungle:GiantWrat","floor":21,"turns":4},{"damage":9,"enemies":"theJungle:2_Snecko_Cultists","floor":22,"turns":4},{"damage":0,"enemies":"theJungle:Cassacara","floor":27,"turns":5},{"damage":21,"enemies":"theJungle:2_Flameangoes","floor":32,"turns":5},{"damage":0,"enemies":"Nightmare","floor":33,"turns":5},{"damage":15,"enemies":"theJungle:QueenSpyder","floor":35,"turns":12},{"damage":13,"enemies":"3 Darklings","floor":37,"turns":5},{"damage":17,"enemies":"3 Shapes","floor":39,"turns":4},{"damage":30,"enemies":"Transient","floor":41,"turns":2}],"seed_played":"1438454084144516158","potions_obtained":[{"floor":1,"key":"SteroidPotion"},{"floor":5,"key":"PowerPotion"},{"floor":16,"key":"BlessingOfTheForge"},{"floor":21,"key":"Ancient Potion"},{"floor":27,"key":"Cursed Concoction"},{"floor":35,"key":"Elixir"},{"floor":37,"key":"GamblersBrew"}],"is_trial":false,"path_per_floor":["M","?","T","M","M","E","R","$","T","$","E","M","?","?","R","B",null,"M","?","$","M","M","R","PTL","PTL","R","E","T","R","?","?","M","NM","R","B",null,"M","?","M","$","M"],"character_chosen":"THE_SILENT","items_purchased":["Shuriken","Infinite Blades","reliquary:PartyBalloon","MerchantsRug","Medical Kit","Gremlin Food","ReplayTheSpireMod:Brewmster"],"campfire_rested":0,"item_purchase_floors":[8,8,20,40,40,40,40],"current_hp_per_floor":[70,59,59,55,51,30,30,30,30,30,26,17,17,17,17,12,70,61,61,61,61,52,52,52,52,52,52,52,52,52,52,31,31,31,16,70,57,57,40,40,10,10],"gold":28,"neow_bonus":"HUNDRED_GOLD","is_daily":false,"chose_seed":false,"campfire_upgraded":6,"win_rate":0.0,"timestamp":1614452169,"path_taken":["M","?","?","M","M","E","R","?","T","$","E","M","?","?","R","BOSS","M","?","$","M","?","R","PTL","PTL","R","E","T","R","?","?","?","NM","R","BOSS","M","?","M","$","M"],"items_purchased_type":["Relic","Card","Relic","Relic","Relic","Relic","Card"],"build_version":"2020-12-22","purchased_purges":0,"victory":false,"max_hp_per_floor":[70,70,70,70,70,70,70,70,70,70,70,70,70,70,70,70,70,70,70,70,70,70,70,70,70,70,70,70,70,70,70,70,70,70,70,70,70,70,70,70,70,70],"card_choices":[{"not_picked":["Escape Plan","Leg Sweep"],"picked":"Poisoned Stab","floor":1},{"not_picked":["Poisoned Stab","Skewer"],"picked":"Infinite Blades","floor":4},{"not_picked":["Crippling Poison","PiercingWail","ReplayTheSpireMod:Exploit Weakness"],"picked":"SKIP","floor":5},{"not_picked":["Flying Knee","Acrobatics"],"picked":"Infinite Blades","floor":6},{"not_picked":["Dagger Throw","Deflect","Quick Slash"],"picked":"SKIP","floor":11},{"not_picked":["Deadly Poison","Footwork","Calculated Gamble"],"picked":"SKIP","floor":12},{"not_picked":["Adrenaline","Burst"],"picked":"After Image","floor":16},{"not_picked":["Quick Slash+1","Acrobatics"],"picked":"Blade Dance","floor":18},{"not_picked":["Reflex","Dagger Throw","Draining Mist"],"picked":"SKIP","floor":21},{"not_picked":["Acrobatics+1","Prepared+1","Deflect"],"picked":"SKIP","floor":22},{"not_picked":["conspire:DoublingDagger+1","Outmaneuver","ReplayTheSpireMod:Shiv Toss+1"],"picked":"SKIP","floor":27},{"not_picked":["Venomology","Underhanded Strike","Skewer"],"picked":"SKIP","floor":32},{"not_picked":["Dodge and Roll","Setup+1","Sneak Up"],"picked":"SKIP","floor":33},{"not_picked":["Dodge and Roll","Setup+1","Sneak Up"],"picked":"SKIP","floor":33},{"not_picked":["Hidden Blade+1","Backflip+1","Prepared"],"picked":"SKIP","floor":37},{"not_picked":["Hidden Blade+1","Backflip+1","Prepared"],"picked":"SKIP","floor":37},{"not_picked":["Sucker Punch+1","Setup","Backstab"],"picked":"SKIP","floor":39}],"player_experience":949050,"relics_obtained":[{"floor":3,"key":"infinitespire:WardingShard"},{"floor":6,"key":"Simple Rune"},{"floor":9,"key":"reliquary:RoseTintedGlasses"},{"floor":11,"key":"Potion Belt"},{"floor":27,"key":"PreservedInsect"},{"floor":28,"key":"reliquary:SilkGlove"},{"floor":33,"key":"Ancient Tea Set"}],"event_choices":[{"damage_healed":0,"gold_gain":75,"player_choice":"Gold","damage_taken":11,"max_hp_gain":0,"max_hp_loss":0,"event_name":"betterThird:BetterGoop","floor":2,"gold_loss":0},{"damage_healed":0,"gold_gain":0,"player_choice":"Leave","damage_taken":0,"max_hp_gain":0,"max_hp_loss":0,"event_name":"conspire:Investor","floor":14,"gold_loss":0},{"cards_removed":["After Image"],"damage_healed":0,"gold_gain":0,"player_choice":"Take \u0026 Give","damage_taken":0,"max_hp_gain":0,"max_hp_loss":0,"event_name":"betterNote:BetterNote","floor":19,"gold_loss":0,"cards_obtained":["Phantasmal Killer"]}],"is_beta":false,"boss_relics":[{"not_picked":["Ring of Chaos","reliquary:RustamsPendant"],"picked":"reliquary:RedCape"},{"not_picked":["Replay:Wanted Poster","SlaversCollar"],"picked":"Empty Cage"}],"items_purged_floors":[],"is_endless":true,"potions_floor_spawned":[1,5,16,21,27,35,37],"killed_by":"Transient","ascension_level":1}}