{"host":"31s8hzukbhz1k6i6","time":1614391751,"event":{"mods":["AchievementEnabler","BaseMod","Bestiary","Colored Map","Filter the Spire","Minty Spire (QoL Compilation)","Relic Stats"],"gold_per_floor":[314,334,351,54,69,97,97,131,131,131,159,173,173,173,173,247,247,267,267,95,109,59,89,89,124,124,174,194,218,246,40,40,119,119,138,192,192,206,1205,1205,1205,1205],"floor_reached":41,"language":"ENG","playtime":2962,"items_purged":["Defend_P"],"score":1205,"play_id":"12f90a87-cf2d-46c1-a485-6cf6a9bff29b","local_time":"20210226180911","is_ascension_mode":true,"campfire_choices":[{"floor":7.0,"key":"REST"},{"data":"CrushJoints","floor":10.0,"key":"SMITH"},{"data":"Tantrum","floor":15.0,"key":"SMITH"},{"floor":24.0,"key":"REST"},{"floor":32.0,"key":"REST"},{"floor":40,"key":"RECALL"}],"circlet_count":0,"master_deck":["AscendersBane","Strike_P+1","Strike_P","Strike_P","Strike_P","Defend_P+1","Defend_P+1","Defend_P+1","Eruption","Vigilance","CrushJoints+1","Halt","DeusExMachina","CutThroughFate+1","Adaptation","Tantrum+1","TalkToTheHand","CutThroughFate","FlurryOfBlows","Scrawl","Wireheading","WheelKick","EmptyMind+1","FearNoEvil","Meditate","LessonLearned","WaveOfTheHand","FlurryOfBlows+1","CutThroughFate","Normality","Normality"],"relics":["PureWater","Old Coin","Bag of Preparation","War Paint","Juzu Bracelet","Ancient Tea Set","Yang","Fusion Hammer","Tiny Chest","Dream Catcher","Vajra","Oddly Smooth Stone","Art of War","Unceasing Top","Membership Card","Black Star","Turnip"],"acts_visited":["Exordium","TheCity","TheBeyond"],"potions_floor_usage":[],"damage_taken":[{"damage":4.0,"enemies":"Jaw Worm","floor":1.0,"turns":4.0},{"damage":7.0,"enemies":"Cultist","floor":2.0,"turns":3.0},{"damage":2.0,"enemies":"2 Louse","floor":3.0,"turns":3.0},{"damage":10.0,"enemies":"Red Slaver","floor":5.0,"turns":3.0},{"damage":32.0,"enemies":"3 Sentries","floor":6.0,"turns":11.0},{"damage":0.0,"enemies":"Lagavulin","floor":8.0,"turns":5.0},{"damage":4.0,"enemies":"3 Sentries","floor":11.0,"turns":5.0},{"damage":0.0,"enemies":"3 Louse","floor":12.0,"turns":3.0},{"damage":0.0,"enemies":"Slime Boss","floor":16.0,"turns":2.0},{"damage":0.0,"enemies":"Chosen","floor":18.0,"turns":2.0},{"damage":0.0,"enemies":"Spheric Guardian","floor":21.0,"turns":1.0},{"damage":0.0,"enemies":"Gremlin Leader","floor":23.0,"turns":4.0},{"damage":9.0,"enemies":"Book of Stabbing","floor":25.0,"turns":3.0},{"damage":0.0,"enemies":"Snecko","floor":28.0,"turns":4.0},{"damage":0.0,"enemies":"Gremlin Leader","floor":30.0,"turns":2.0},{"damage":64.0,"enemies":"Collector","floor":33.0,"turns":9.0},{"damage":16.0,"enemies":"Orb Walker","floor":35.0,"turns":3.0},{"damage":8.0,"enemies":"2 Orb Walkers","floor":36.0,"turns":4.0},{"damage":0.0,"enemies":"3 Darklings","floor":38.0,"turns":3.0},{"damage":58,"enemies":"Transient","floor":41,"turns":5}],"seed_played":"7752232593322868133","potions_obtained":[{"floor":2.0,"key":"Energy Potion"},{"floor":5.0,"key":"Explosive Potion"},{"floor":8.0,"key":"StancePotion"},{"floor":13.0,"key":"AttackPotion"}],"is_trial":false,"path_per_floor":["M","M","M","$","M","E","R","E","T","R","E","M","?","?","R","B",null,"M","?","$","M","?","E","R","E","T","?","M","T","E","$","R","B",null,"M","?","?","M","?","R","M"],"character_chosen":"WATCHER","items_purchased":["CutThroughFate","Bag of Preparation","Adaptation","Wireheading","BlessingOfTheForge","Membership Card","Meditate"],"campfire_rested":3,"item_purchase_floors":[4,4,4,20,20,31,31],"current_hp_per_floor":[57,50,48,48,38,6,26,26,26,26,22,22,22,12,12,12,54,54,54,54,54,54,54,68,59,59,53,53,53,53,53,68,4,52,36,28,56,56,56,56,0,0],"gold":1205,"neow_bonus":"ONE_RARE_RELIC","is_daily":false,"chose_seed":false,"campfire_upgraded":2,"win_rate":0.0,"timestamp":1614391751,"path_taken":["M","M","M","$","M","E","R","E","T","R","E","M","?","?","R","BOSS","M","?","?","M","?","E","R","E","T","?","M","?","E","$","R","BOSS","M","?","?","M","?","R","M"],"items_purchased_type":["Card","Relic","Card","Card","Potion","Relic","Card"],"build_version":"2020-12-22","purchased_purges":1,"victory":false,"max_hp_per_floor":[68,68,68,68,68,68,68,68,68,68,68,68,68,68,68,68,68,68,68,68,68,68,68,68,68,68,68,68,68,68,68,68,68,68,68,68,56,56,56,56,56,56],"relic_stats":{"Dream Catcher":2,"counters":[20,79],"Yang":[176],"Tiny Chest":1,"Turnip":[0],"Bag of Preparation":[36],"Juzu Bracelet":3,"Art of War":[1],"Black Star":0,"War Paint":["Defend_P","Defend_P"],"obtain_stats":[{"Vajra":25,"Oddly Smooth Stone":26,"Yang":11,"Bag of Preparation":4,"Juzu Bracelet":8,"War Paint":6,"Ancient Tea Set":9,"Old Coin":0,"Dream Catcher":23,"Tiny Chest":19,"Fusion Hammer":17,"Turnip":36,"Art of War":29,"Black Star":34,"Membership Card":31,"PureWater":0,"Unceasing Top":30},{"Vajra":13,"Oddly Smooth Stone":13,"Yang":7,"Bag of Preparation":3,"Juzu Bracelet":6,"War Paint":5,"Ancient Tea Set":6,"Old Coin":0,"Dream Catcher":12,"Tiny Chest":10,"Fusion Hammer":9,"Turnip":18,"Art of War":14,"Black Star":16,"Membership Card":15,"PureWater":0,"Unceasing Top":15},{"Vajra":49,"Oddly Smooth Stone":49,"Yang":34,"Bag of Preparation":10,"Juzu Bracelet":29,"War Paint":24,"Ancient Tea Set":29,"Old Coin":0,"Dream Catcher":46,"Tiny Chest":41,"Fusion Hammer":39,"Turnip":71,"Art of War":53,"Black Star":64,"Membership Card":55,"PureWater":0,"Unceasing Top":55}],"Unceasing Top":[0]},"card_choices":[{"not_picked":["FlurryOfBlows","Collect"],"picked":"CrushJoints","floor":1.0},{"not_picked":["FollowUp","JustLucky"],"picked":"Halt","floor":2.0},{"not_picked":["Halt","JustLucky"],"picked":"DeusExMachina","floor":3.0},{"not_picked":["ThirdEye","LikeWater","Study"],"picked":"SKIP","floor":5.0},{"not_picked":["PathToVictory","CutThroughFate"],"picked":"Tantrum","floor":6.0},{"not_picked":["CutThroughFate","Meditate"],"picked":"TalkToTheHand","floor":8.0},{"not_picked":["Consecrate","Indignation"],"picked":"CutThroughFate","floor":11.0},{"not_picked":["Vengeance","JustLucky"],"picked":"FlurryOfBlows","floor":12.0},{"not_picked":["SpiritShield","Judgement"],"picked":"Scrawl","floor":16.0},{"not_picked":["JustLucky","Study","Vengeance"],"picked":"SKIP","floor":18.0},{"not_picked":["WindmillStrike","JustLucky"],"picked":"WheelKick","floor":21.0},{"not_picked":["LikeWater","ClearTheMind"],"picked":"EmptyMind+1","floor":23.0},{"not_picked":["WheelKick","Conclude+1"],"picked":"FearNoEvil","floor":24.0},{"not_picked":["EmptyBody","ForeignInfluence","ThirdEye"],"picked":"SKIP","floor":25.0},{"not_picked":["SignatureMove","Consecrate","Study"],"picked":"SKIP","floor":28.0},{"not_picked":["Swivel","SashWhip","Perseverance"],"picked":"SKIP","floor":30.0},{"not_picked":["DeusExMachina","Omniscience"],"picked":"LessonLearned","floor":33.0},{"not_picked":["Prostrate","EmptyBody"],"picked":"WaveOfTheHand","floor":35.0},{"not_picked":["ForeignInfluence+1","FlyingSleeves+1"],"picked":"FlurryOfBlows+1","floor":36.0},{"not_picked":["Prostrate+1","BattleHymn"],"picked":"CutThroughFate","floor":38.0}],"player_experience":242512,"relics_obtained":[{"floor":6.0,"key":"War Paint"},{"floor":8.0,"key":"Juzu Bracelet"},{"floor":9.0,"key":"Ancient Tea Set"},{"floor":11.0,"key":"Yang"},{"floor":23.0,"key":"Dream Catcher"},{"floor":25.0,"key":"Vajra"},{"floor":26.0,"key":"Oddly Smooth Stone"},{"floor":29.0,"key":"Art of War"},{"floor":30.0,"key":"Unceasing Top"},{"floor":36.0,"key":"Turnip"}],"event_choices":[{"damage_healed":0.0,"max_hp_gain":0.0,"max_hp_loss":0.0,"gold_gain":0.0,"event_name":"Lab","player_choice":"Got Potions","floor":13.0,"gold_loss":0.0,"damage_taken":0.0},{"damage_healed":0.0,"max_hp_gain":0.0,"max_hp_loss":0.0,"gold_gain":0.0,"event_name":"Wheel of Change","player_choice":"Damaged","floor":14.0,"gold_loss":0.0,"damage_taken":10.0},{"damage_healed":0.0,"max_hp_gain":0.0,"max_hp_loss":0.0,"gold_gain":0.0,"event_name":"WeMeetAgain","player_choice":"Gave Potion","floor":19.0,"gold_loss":0.0,"damage_taken":0.0,"relics_obtained":["Tiny Chest"]},{"damage_healed":0.0,"max_hp_gain":0.0,"max_hp_loss":0.0,"gold_gain":0.0,"event_name":"Designer","player_choice":"Upgraded Two","floor":22.0,"gold_loss":50.0,"damage_taken":0.0,"cards_upgraded":["CutThroughFate","Strike_P"]},{"damage_healed":0.0,"max_hp_gain":0.0,"max_hp_loss":0.0,"gold_gain":50.0,"event_name":"FaceTrader","player_choice":"Touch","floor":27.0,"gold_loss":0.0,"damage_taken":6.0},{"damage_healed":0.0,"max_hp_gain":0.0,"max_hp_loss":0.0,"gold_gain":0.0,"event_name":"Mysterious Sphere","player_choice":"Fight","floor":36.0,"gold_loss":0.0,"damage_taken":0.0},{"damage_healed":56.0,"max_hp_gain":0.0,"max_hp_loss":12.0,"gold_gain":0.0,"event_name":"The Moai Head","player_choice":"Heal","floor":37.0,"gold_loss":0.0,"damage_taken":0.0},{"damage_healed":0.0,"max_hp_gain":0.0,"max_hp_loss":0.0,"gold_gain":999.0,"event_name":"MindBloom","player_choice":"Gold","floor":39.0,"gold_loss":0.0,"damage_taken":0.0,"cards_obtained":["Normality","Normality"]}],"is_beta":false,"boss_relics":[{"not_picked":["Runic Dome","SlaversCollar"],"picked":"Fusion Hammer"},{"not_picked":["Snecko Eye","Coffee Dripper"],"picked":"Black Star"}],"items_purged_floors":[20],"is_endless":false,"potions_floor_spawned":[2,5,8,16,23,25,28],"killed_by":"Transient","ascension_level":20}}