{"host":"jfbo3eu2ui08ej1u","time":1614428126,"event":{"mods":["2.2 Compatiblity","AchievementEnabler","Act Like it!","Aspiration","BaseMod","Better Altar","Better Match","Better Note","Better Sensory Stone","Better Skull","Better Third Choice","Block Reminder","Colored Map","Colored Powertips","Conspire","DeckTracker","Displayed Cursed Tome","Energized Spire","Fox Events","GifTheSpireLib","Hermit","Hubris","Infinite Spire","Marked Mod","Minty Spire (QoL Compilation)","Monster B Gone","Pale of the Ancients","Poor People Problems","Quick Restart","Relic Filter","Reliquary","Reorder Act Four","Replay The Spire","Shop Mod","Spicy Shops","Spire Arcade","StSLib","Stuff the Spire","The Blue Laboratory","The Disciple","The Forsaken","The Hierophant","The Marked","Uncapped","Unceasing Turn Reminder","Wandering Minibosses"],"gold_per_floor":[110,127,145,145,159,159,147,28,28,28,38,38,38],"floor_reached":12,"language":"ENG","playtime":261,"items_purged":[],"score":144,"play_id":"6a22f23e-93ea-4e49-b348-d47673d9181d","local_time":"20210227071526","is_ascension_mode":true,"campfire_choices":[{"data":"Sunder","floor":6.0,"key":"SMITH"}],"circlet_count":0,"master_deck":["AscendersBane","Strike_B","Strike_B","Strike_B","Defend_B","Defend_B","Defend_B","Defend_B","Zap","Dualcast","Redo","Sunder+1","Rebound","Echo Form","Tempest","Compile Driver","Gash"],"relics":["aspiration:Lifesprig","StuffTheSpire:RubySignet"],"acts_visited":["Exordium"],"potions_floor_usage":[12],"damage_taken":[{"damage":1.0,"enemies":"2 Louse","floor":1.0,"turns":3.0},{"damage":11.0,"enemies":"Cultist","floor":2.0,"turns":4.0},{"damage":10.0,"enemies":"Small Slimes","floor":3.0,"turns":3.0},{"damage":4.0,"enemies":"Exordium Thugs","floor":5.0,"turns":4.0},{"damage":9.0,"enemies":"2 Fungi Beasts","floor":7.0,"turns":6.0},{"damage":20.0,"enemies":"3 Louse","floor":11.0,"turns":3.0},{"damage":32,"enemies":"Gremlin Nob","floor":12,"turns":3}],"seed_played":"-7856857929944122227","potions_obtained":[{"floor":2.0,"key":"Venom Potion"}],"is_trial":false,"path_per_floor":["M","M","M","?","M","R","M","$","T","$","M","E"],"character_chosen":"DEFECT","items_purchased":["aspiration:Lifesprig","Compile Driver"],"campfire_rested":0,"item_purchase_floors":[8,8],"current_hp_per_floor":[70,59,49,49,45,45,36,36,36,36,16,0,0],"gold":38,"neow_bonus":"TEN_PERCENT_HP_BONUS","is_daily":false,"chose_seed":false,"campfire_upgraded":1,"win_rate":0.0,"timestamp":1614428126,"path_taken":["M","M","M","?","M","R","M","$","T","?","?","E"],"items_purchased_type":["Relic","Card"],"build_version":"2020-12-22","purchased_purges":0,"victory":false,"max_hp_per_floor":[78,78,78,78,78,78,78,78,78,78,78,78,78],"card_choices":[{"not_picked":["Cold Snap","BasicCrystalCard"],"picked":"Redo","floor":1.0},{"not_picked":["Storm","Steam"],"picked":"Sunder","floor":2.0},{"not_picked":["Stack","StuffTheSpire:Coldhearted"],"picked":"Rebound","floor":3.0},{"not_picked":["conspire:Rain","hubris:Ukulele"],"picked":"Echo Form","floor":5.0},{"not_picked":["Recycle","Barrage"],"picked":"Tempest","floor":7.0},{"not_picked":["Chill","Leap"],"picked":"Gash","floor":11.0}],"player_experience":1394097,"relics_obtained":[{"floor":9.0,"key":"StuffTheSpire:RubySignet"}],"event_choices":[{"cards_removed":["Strike_B"],"damage_healed":0.0,"max_hp_gain":0.0,"max_hp_loss":0.0,"gold_gain":0.0,"event_name":"Bonfire Elementals","player_choice":"Offered Basic","floor":4.0,"gold_loss":0.0,"damage_taken":0.0}],"is_beta":false,"boss_relics":[],"items_purged_floors":[],"is_endless":false,"potions_floor_spawned":[2],"killed_by":"Gremlin Nob","ascension_level":20}}