{"host":"prxrhpgaxnj4om9r","time":1614435098,"event":{"mods":["AchievementEnabler","BaseMod","Colored Map","DeckTracker","Keyboard Shortcuts","Minty Spire (QoL Compilation)"],"gold_per_floor":[116,127,145,158,175,175,217,238,238,259,274,274,48,71,71,180,207,235,274,274,48,70,70,86,95,95,20,42,42,67,90,90,196,196,221,271,292,303,327,327,31,72,72,72,72,72,172,16,16,16,16,16,16,53,53,53],"floor_reached":55,"language":"KOR","playtime":2536,"items_purged":["Defend_B"],"score":771,"play_id":"c61479ad-a150-4e36-bbb5-cf050255881b","local_time":"20210227231138","is_ascension_mode":false,"campfire_choices":[{"data":"Ball Lightning","floor":6,"key":"SMITH"},{"floor":12,"key":"RECALL"},{"data":"White Noise","floor":15,"key":"SMITH"},{"data":"Panache","floor":23,"key":"SMITH"},{"floor":32,"key":"REST"},{"floor":40,"key":"REST"},{"floor":44,"key":"REST"},{"floor":49,"key":"REST"},{"data":"Defragment","floor":52,"key":"SMITH"}],"circlet_count":0,"master_deck":["Strike_B","Defend_B","Zap","Dualcast","Ball Lightning+1","Genetic Algorithm","Go for the Eyes","Skim","BootSequence","Coolheaded","White Noise+1","Doom and Gloom","Core Surge","Doom and Gloom+1","Hello World+1","Core Surge+1","Chill","Sweeping Beam","Panache+1","Beam Cell","Reinforced Body+1","Defragment+1","Consume+1","Rebound+1","All For One","BootSequence+1","Scrape+1","Stack+1","Gash+1","Echo Form"],"relics":["Cracked Core","Lantern","CeramicFish","Mercury Hourglass","Lee\u0027s Waffle","Astrolabe","Red Mask","Toxic Egg 2","Ancient Tea Set","Runic Pyramid","Lizard Tail","Membership Card","Potion Belt","Happy Flower","Unceasing Top","Mango"],"acts_visited":["Exordium","TheCity","TheBeyond","TheEnding"],"potions_floor_usage":[7,7,7,8,19,30,30,35,36,39,39,42,42,50],"damage_taken":[{"damage":1,"enemies":"Jaw Worm","floor":1,"turns":3},{"damage":1,"enemies":"Cultist","floor":2,"turns":3},{"damage":1,"enemies":"2 Louse","floor":3,"turns":2},{"damage":6,"enemies":"2 Fungi Beasts","floor":4,"turns":3},{"damage":2,"enemies":"Exordium Thugs","floor":5,"turns":4},{"damage":0,"enemies":"Gremlin Nob","floor":7,"turns":3},{"damage":3,"enemies":"Exordium Wildlife","floor":8,"turns":4},{"damage":0,"enemies":"Blue Slaver","floor":10,"turns":2},{"damage":0,"enemies":"Looter","floor":11,"turns":3},{"damage":0,"enemies":"Exordium Thugs","floor":14,"turns":4},{"damage":10,"enemies":"Slime Boss","floor":16,"turns":8},{"damage":0,"enemies":"Chosen","floor":18,"turns":3},{"damage":1,"enemies":"Masked Bandits","floor":19,"turns":3},{"damage":0,"enemies":"Spheric Guardian","floor":22,"turns":3},{"damage":0,"enemies":"Centurion and Healer","floor":24,"turns":4},{"damage":12,"enemies":"Sentry and Sphere","floor":28,"turns":4},{"damage":0,"enemies":"Slavers","floor":30,"turns":4},{"damage":4,"enemies":"Snecko","floor":31,"turns":4},{"damage":60,"enemies":"Automaton","floor":33,"turns":7},{"damage":24,"enemies":"3 Darklings","floor":35,"turns":4},{"damage":0,"enemies":"Mind Bloom Boss Battle","floor":36,"turns":6},{"damage":0,"enemies":"3 Shapes","floor":37,"turns":3},{"damage":7,"enemies":"Maw","floor":38,"turns":8},{"damage":16,"enemies":"Writhing Mass","floor":39,"turns":5},{"damage":26,"enemies":"Giant Head","floor":42,"turns":8},{"damage":114,"enemies":"Donu and Deca","floor":50,"turns":12},{"damage":84,"enemies":"Shield and Spear","floor":54,"turns":7},{"damage":58,"enemies":"The Heart","floor":55,"turns":3}],"seed_played":"4971037946208299279","potions_obtained":[{"floor":1,"key":"Fire Potion"},{"floor":2,"key":"SkillPotion"},{"floor":5,"key":"PowerPotion"},{"floor":7,"key":"Strength Potion"},{"floor":16,"key":"Fire Potion"},{"floor":24,"key":"LiquidBronze"},{"floor":28,"key":"EssenceOfSteel"},{"floor":31,"key":"SpeedPotion"},{"floor":33,"key":"Weak Potion"},{"floor":35,"key":"ColorlessPotion"},{"floor":36,"key":"SteroidPotion"},{"floor":38,"key":"Weak Potion"},{"floor":39,"key":"FocusPotion"},{"floor":42,"key":"ColorlessPotion"}],"is_trial":false,"path_per_floor":["M","M","M","M","M","R","E","M","T","M","M","R","$","M","R","B",null,"M","?","?","$","M","R","M","?","T","?","M","$","E","M","R","B",null,"M","?","M","M","M","R","$","E","T","R","?","$","?","$","R","B",null,"R","$","E","B"],"character_chosen":"DEFECT","items_purchased":["Lee\u0027s Waffle","Panache","Beam Cell","Membership Card","Potion Belt","FairyPotion","Stack+1","Unceasing Top"],"campfire_rested":4,"item_purchase_floors":[13,21,21,41,41,41,41,48],"current_hp_per_floor":[74,73,72,66,64,64,64,61,61,61,61,61,82,82,82,72,82,82,81,81,81,81,81,81,81,81,81,69,69,69,65,82,22,82,58,58,58,51,35,59,59,33,33,57,57,57,57,57,81,1,82,82,82,55,0,0],"gold":53,"neow_bonus":"RANDOM_COMMON_RELIC","is_daily":false,"chose_seed":false,"campfire_upgraded":4,"win_rate":0.0,"timestamp":1614435098,"path_taken":["M","M","M","M","M","R","E","M","T","M","M","R","$","M","R","BOSS","M","?","?","$","M","R","?","?","T","?","?","$","E","M","R","BOSS","M","?","M","M","M","R","$","E","T","R","?","?","?","$","R","BOSS","R","$","E","BOSS"],"items_purchased_type":["Relic","Card","Card","Relic","Relic","Potion","Card","Relic"],"build_version":"2020-12-22","purchased_purges":1,"victory":false,"max_hp_per_floor":[75,75,75,75,75,75,75,75,75,75,75,75,82,82,82,82,82,82,82,82,82,82,82,82,82,82,82,82,82,82,82,82,82,82,82,82,82,82,82,82,82,82,82,82,82,82,82,82,82,82,82,82,82,96,96,96],"card_choices":[{"not_picked":["Doom and Gloom","Compile Driver"],"picked":"Ball Lightning","floor":1},{"not_picked":["Gash","Turbo"],"picked":"Genetic Algorithm","floor":2},{"not_picked":["Barrage","Sunder"],"picked":"Go for the Eyes","floor":3},{"not_picked":["Rebound","Leap","Reinforced Body"],"picked":"SKIP","floor":4},{"not_picked":["Redo","Amplify"],"picked":"Skim","floor":5},{"not_picked":["Cold Snap","Go for the Eyes"],"picked":"BootSequence","floor":7},{"not_picked":["Stack","Melter"],"picked":"Coolheaded","floor":8},{"not_picked":["Redo","Chaos"],"picked":"White Noise","floor":10},{"not_picked":["Hello World","Barrage","Loop"],"picked":"SKIP","floor":11},{"not_picked":["Conserve Battery","Rip and Tear"],"picked":"Doom and Gloom","floor":14},{"not_picked":["Fission","Amplify"],"picked":"Core Surge","floor":16},{"not_picked":["Auto Shields+1","Coolheaded+1"],"picked":"Chill","floor":18},{"not_picked":["Rebound","Conserve Battery"],"picked":"Sweeping Beam","floor":19},{"not_picked":["Loop","Beam Cell"],"picked":"Reinforced Body+1","floor":22},{"not_picked":["Skim","Doom and Gloom","Static Discharge"],"picked":"SKIP","floor":24},{"not_picked":["Force Field+1","BootSequence+1"],"picked":"Consume+1","floor":28},{"not_picked":["Rip and Tear","Doom and Gloom+1","Streamline"],"picked":"SKIP","floor":30},{"not_picked":["Stack+1","Hologram+1"],"picked":"Rebound+1","floor":31},{"not_picked":["Amplify+1","Fission+1"],"picked":"All For One","floor":33},{"not_picked":["Hello World+1","FTL"],"picked":"BootSequence+1","floor":35},{"not_picked":["Static Discharge","Compile Driver+1"],"picked":"Steam+1","floor":37},{"not_picked":["Tempest+1","Rebound","Cold Snap"],"picked":"SKIP","floor":38},{"not_picked":["Consume+1","Gash"],"picked":"Scrape+1","floor":39},{"not_picked":["Tempest+1","Conserve Battery+1"],"picked":"Gash+1","floor":42},{"not_picked":["Fusion+1","Compile Driver+1"],"picked":"Echo Form","floor":54}],"player_experience":688870,"relics_obtained":[{"floor":7,"key":"CeramicFish"},{"floor":9,"key":"Mercury Hourglass"},{"floor":19,"key":"Red Mask"},{"floor":26,"key":"Toxic Egg 2"},{"floor":30,"key":"Ancient Tea Set"},{"floor":36,"key":"Lizard Tail"},{"floor":42,"key":"Happy Flower"},{"floor":54,"key":"Mango"}],"event_choices":[{"damage_healed":0,"gold_gain":0,"player_choice":"Fought Bandits","damage_taken":0,"max_hp_gain":0,"max_hp_loss":0,"event_name":"Masked Bandits","floor":19,"gold_loss":0},{"cards_removed":["Strike_B"],"damage_healed":0,"gold_gain":0,"player_choice":"Purged","damage_taken":0,"max_hp_gain":0,"max_hp_loss":0,"event_name":"Purifier","floor":20,"gold_loss":0},{"damage_healed":0,"gold_gain":0,"player_choice":"Read","damage_taken":0,"max_hp_gain":0,"max_hp_loss":0,"event_name":"The Library","floor":25,"gold_loss":0,"cards_obtained":["Defragment"]},{"cards_removed":["Strike_B"],"damage_healed":0,"gold_gain":0,"player_choice":"Gave Gold","damage_taken":0,"max_hp_gain":0,"max_hp_loss":0,"event_name":"Beggar","floor":27,"gold_loss":75},{"damage_healed":0,"gold_gain":0,"player_choice":"Fight","damage_taken":0,"max_hp_gain":0,"max_hp_loss":0,"event_name":"MindBloom","floor":36,"gold_loss":0},{"cards_removed":["Steam"],"damage_healed":0,"gold_gain":0,"player_choice":"Removed Skill","damage_taken":0,"max_hp_gain":0,"max_hp_loss":0,"event_name":"Falling","floor":45,"gold_loss":0},{"damage_healed":0,"gold_gain":100,"player_choice":"Pray","damage_taken":0,"max_hp_gain":0,"max_hp_loss":0,"event_name":"Golden Shrine","floor":47,"gold_loss":0}],"is_beta":false,"boss_relics":[{"not_picked":["Nuclear Battery","Busted Crown"],"picked":"Astrolabe"},{"not_picked":["Black Star","Cursed Key"],"picked":"Runic Pyramid"}],"items_purged_floors":[13],"is_endless":false,"potions_floor_spawned":[1,2,5,7,16,24,28,31,33,35,36,38,39,42],"killed_by":"The Heart","ascension_level":0}}