{"host":"6hxsvhu1qpwlbige","time":1614395007,"event":{"mods":["Aspiration","BaseMod","Better Third Choice","HololiveMod","Hubris","Infinite Spire","Minty Spire (QoL Compilation)","Quick Restart","Relic Filter","Reliquary","Replay The Spire","Shop Mod","Spikes Relics","StSLib","Åy?ï®?îvÅzREMEMod"],"gold_per_floor":[80,8,8,8,8,41,41,57,57,57,91,107,121,147,147,244,244,255,271,271,281,196,225,225,260,306,337,337,337,364,375,375,472,472,486,504,504,504,530,557,557,587,634,660,660,660,672,690,690,790,790,786,793,789,786,798,811,811,825,850,850,850,864,927,937,949,1038,1050,1053,1164,1186,1206,1210,1229,1256,1284,1322,1332,1351,1363,1375,1383,1395,1485,1497,1513,1525,1524,1543,1777,1792,1804,1811,1849,1861,1849,1861,1873,1888,1900,1985,1997,2015,2027,2049,2067,2090,2128,2140,2168,2180,2209,2227,2239,2251,2273,2285,2377,2389,2397,2406,2418,2430,2430],"floor_reached":123,"language":"ENG","playtime":6265,"items_purged":[],"score":3218,"play_id":"3643d2e3-9cc2-4ae5-877f-4b6e88bf3cd5","local_time":"20210227120327","daily_mods":["Vintage","Diverse","Colorless Cards","Heirloom","DeadlyEvents","Elite Swarm","Terminal","Uncertain Future","Binary"],"is_ascension_mode":false,"campfire_choices":[{"data":"Hololive_CallDoris","floor":7.0,"key":"SMITH"},{"data":"Hololive_CallHoushouMarine","floor":10.0,"key":"SMITH"},{"floor":15.0,"key":"RECALL"},{"data":"ReplayTheSpireMod:Fabricate Wheel","floor":24.0,"key":"SMITH"},{"data":"ReplayTheSpireMod:Fabricate Wheel","floor":28.0,"key":"SMITH"},{"data":"Hololive_CallAkiRosenthal","floor":32.0,"key":"SMITH"},{"data":"Replay:Bag of Tricks","floor":41.0,"key":"SMITH"},{"data":"Hololive_CallAyundaRisu","floor":45.0,"key":"SMITH"},{"data":"Storm+1","floor":49.0,"key":"PURGE"},{"data":"Hololive_Trident","floor":58.0,"key":"SMITH"},{"data":"Exhume","floor":61.0,"key":"SMITH"},{"data":"REME_ShadowForm","floor":66.0,"key":"SMITH"},{"data":"infinitespire:Punishment","floor":81.0,"key":"SMITH"},{"data":"infinitespire:Fortify","floor":83.0,"key":"SMITH"},{"data":"Hololive_CallShiranuiFlare","floor":92.0,"key":"SMITH"},{"data":"REME_EyeOfCthun","floor":98.0,"key":"SMITH"},{"data":"REME_MawOfCthun","floor":100.0,"key":"SMITH"},{"data":"Hololive_HuntDinosaur","floor":109.0,"key":"SMITH"},{"data":"REME_CRH","floor":114.0,"key":"SMITH"},{"data":"Hololive_CallUruhaRushia","floor":117.0,"key":"SMITH"}],"circlet_count":0,"master_deck":["Hololive_CocoNews+1","Hololive_CallAyundaRisu+1","Hololive_CallInugamiKorone+1","Hololive_CallShiranuiFlare+1","Hololive_CallDoris+1","Hololive_CallUruhaRushia+1","Hololive_CallHoushouMarine+1","Replay:Bag of Tricks+1","REME_CopyPotion+1","Hololive_CallAkiRosenthal+1","REME_CRH+1","Hololive_Trident+1","Hololive_HuntDinosaur+1","Exhume+1","FIFO Queue","REME_ShadowForm+1","REME_EyeOfCthun+1","infinitespire:Punishment+1","Hololive_CallMomosuzuNene+22","infinitespire:Fortify+1","REME_MawOfCthun+1","Barrage+1","ReplayReversal+1","infinitespire:Collect+1","Seek+1","Hololive_Psychosis+1","Hololive_CallShirakamiFubuki","REME_Flogging+1","hubris:Rewind+1","REME_BodyOfCthun+1"],"relics":["Hololive_TheStar","Busted Crown","REME_ComplimentaryCards","replay:Trail_Library","Pondfish Scales","reliquary:PurpleTingedLeaf","Ancient Tea Set","Strawberry","hubris:ToyBattleship","reliquary:Firecrackers","hubris:SlimyHat","infinitespire:Magic Flask","reliquary:Buckler","Astrolabe","Bag of Marbles","aspiration:Lifesprig","hubris:Icosahedron","RetroEgg","Hololive_FriedShrimpLion","Blood Vial","infinitespire:Joker Card","reliquary:Boomerang","Prayer Wheel","Red Mask","Art of War","Prayer Wheel","ShockBauble","Replay:Bottled Snecko","CosmicIsotope","Omamori","Quantum Egg","infinitespire:Satchel","Mirror","Boot","Smiling Mask","Pen Nib","Peace Pipe","infinitespire:PuzzleCube","WizardHat","Empty Cage","Happy Flower","aspiration:SeaSaltIceCream","Ice Cream","aspiration:HatOfInfinitePower","Torii","Incense Burner","infinitespire:Lucky Rock","hubris:DisguiseKit","Oddly Smooth Stone","Question Card","Shuriken","The Courier","MawBank","REME_LowDesire","MealTicket","MiniBlackHole","Replay:Baseball","hubris:Potato","ReplayFunnel","hubris:CuriousFeather","Tiny Chest","reliquary:FerryPass","RollingBoulder","Replay:Wax Seal","SpikesRelics:DaevaFist","Counterbalance","BargainBundle","Toxic Egg 2","SacredBark","Ornamental Fan","hubris:MysteriousPyramids","Lantern","Hololive_LightStick","Molten Egg 2","Centennial Puzzle","reliquary:Sod","reliquary:RosewoodLute","hubris:EmptyBottle","Snack Pack","Sandwich","PreservedInsect","SpikesRelics:ToyHorsey","aspiration:ChemicalBlood","Bronze Scales","aspiration:TomeofQuesting","infinitespire:Lychee Nut","ReplayTheSpireMod:Lightbulb","aspiration:HummingbirdHeart","reliquary:SharkskinSheath","Gremlin Food","hubris:HollowSoul","reliquary:WeakTea","aspiration:DSix","Regal Pillow"],"acts_visited":["Exordium","TheCity","TheBeyond","Exordium","TheCity","TheBeyond","Exordium","TheCity"],"potions_floor_usage":[],"damage_taken":[{"damage":0.0,"enemies":"Small Slimes","floor":1.0,"turns":3.0},{"damage":0.0,"enemies":"Replay:BlueRogue","floor":6.0,"turns":3.0},{"damage":0.0,"enemies":"Cultist","floor":8.0,"turns":2.0},{"damage":0.0,"enemies":"Lagavulin","floor":11.0,"turns":3.0},{"damage":0.0,"enemies":"Jaw Worm","floor":12.0,"turns":2.0},{"damage":0.0,"enemies":"2 Fungi Beasts","floor":13.0,"turns":2.0},{"damage":0.0,"enemies":"Replay:BlueRogue","floor":14.0,"turns":3.0},{"damage":0.0,"enemies":"Fading Forest","floor":16.0,"turns":8.0},{"damage":0.0,"enemies":"Shell Parasite","floor":18.0,"turns":3.0},{"damage":0.0,"enemies":"Chosen","floor":19.0,"turns":3.0},{"damage":0.0,"enemies":"Centurion and Healer","floor":21.0,"turns":3.0},{"damage":10.0,"enemies":"REME_1_Revenger","floor":23.0,"turns":2.0},{"damage":0.0,"enemies":"Gremlin Leader","floor":25.0,"turns":3.0},{"damage":0.0,"enemies":"Masked Bandits","floor":27.0,"turns":4.0},{"damage":0.0,"enemies":"Nightmare","floor":30.0,"turns":4.0},{"damage":0.0,"enemies":"Snake Plant","floor":31.0,"turns":2.0},{"damage":0.0,"enemies":"Automaton","floor":33.0,"turns":5.0},{"damage":0.0,"enemies":"Orb Walker","floor":35.0,"turns":3.0},{"damage":0.0,"enemies":"3 Shapes","floor":36.0,"turns":3.0},{"damage":0.0,"enemies":"R_Hoarder","floor":39.0,"turns":4.0},{"damage":0.0,"enemies":"Nightmare","floor":40.0,"turns":4.0},{"damage":0.0,"enemies":"Reptomancer","floor":42.0,"turns":2.0},{"damage":0.0,"enemies":"R_Hoarder","floor":44.0,"turns":3.0},{"damage":0.0,"enemies":"Spire Growth","floor":47.0,"turns":2.0},{"damage":0.0,"enemies":"Jaw Worm Horde","floor":48.0,"turns":2.0},{"damage":0.0,"enemies":"Replay:Hell Engine","floor":50.0,"turns":1.0},{"damage":0.0,"enemies":"2 Louse","floor":52.0,"turns":1.0},{"damage":0.0,"enemies":"Small Slimes","floor":53.0,"turns":2.0},{"damage":0.0,"enemies":"Jaw Worm","floor":54.0,"turns":1.0},{"damage":0.0,"enemies":"Exordium Wildlife","floor":55.0,"turns":1.0},{"damage":0.0,"enemies":"Blue Slaver","floor":56.0,"turns":2.0},{"damage":0.0,"enemies":"Nightmare","floor":57.0,"turns":3.0},{"damage":0.0,"enemies":"3 Sentries","floor":59.0,"turns":1.0},{"damage":0.0,"enemies":"Lagavulin","floor":63.0,"turns":3.0},{"damage":0.0,"enemies":"Gremlin Nob","floor":65.0,"turns":1.0},{"damage":0.0,"enemies":"Slime Boss","floor":67.0,"turns":1.0},{"damage":0.0,"enemies":"2 Thieves","floor":69.0,"turns":1.0},{"damage":0.0,"enemies":"Shell Parasite","floor":71.0,"turns":2.0},{"damage":0.0,"enemies":"Centurion and Healer","floor":72.0,"turns":2.0},{"damage":0.0,"enemies":"Shelled Parasite and Fungi","floor":73.0,"turns":2.0},{"damage":0.0,"enemies":"Nightmare_Alpha","floor":74.0,"turns":4.0},{"damage":0.0,"enemies":"REME_1_Revenger","floor":75.0,"turns":2.0},{"damage":0.0,"enemies":"Gremlin Leader","floor":76.0,"turns":2.0},{"damage":0.0,"enemies":"Cultist and Chosen","floor":78.0,"turns":2.0},{"damage":0.0,"enemies":"Slavers","floor":79.0,"turns":2.0},{"damage":0.0,"enemies":"Centurion and Healer","floor":82.0,"turns":2.0},{"damage":0.0,"enemies":"Collector","floor":84.0,"turns":2.0},{"damage":0.0,"enemies":"Orb Walker","floor":86.0,"turns":3.0},{"damage":0.0,"enemies":"3 Shapes","floor":88.0,"turns":1.0},{"damage":0.0,"enemies":"Sphere and 2 Shapes","floor":89.0,"turns":1.0},{"damage":0.0,"enemies":"R_Hoarder","floor":91.0,"turns":2.0},{"damage":0.0,"enemies":"Nightmare","floor":93.0,"turns":1.0},{"damage":0.0,"enemies":"Transient","floor":96.0,"turns":2.0},{"damage":0.0,"enemies":"R_Hoarder","floor":99.0,"turns":3.0},{"damage":0.0,"enemies":"Time Eater","floor":101.0,"turns":4.0},{"damage":0.0,"enemies":"Cultist","floor":103.0,"turns":1.0},{"damage":0.0,"enemies":"Jaw Worm","floor":105.0,"turns":1.0},{"damage":0.0,"enemies":"2 Louse","floor":106.0,"turns":1.0},{"damage":0.0,"enemies":"3 Sentries","floor":107.0,"turns":1.0},{"damage":0.0,"enemies":"Lagavulin","floor":108.0,"turns":1.0},{"damage":0.0,"enemies":"Nightmare","floor":110.0,"turns":2.0},{"damage":0.0,"enemies":"Gremlin Nob","floor":112.0,"turns":1.0},{"damage":0.0,"enemies":"Lots of Slimes","floor":113.0,"turns":1.0},{"damage":0.0,"enemies":"Gremlin Gang","floor":116.0,"turns":2.0},{"damage":0.0,"enemies":"Slime Boss","floor":118.0,"turns":2.0},{"damage":0.0,"enemies":"2 Thieves","floor":120.0,"turns":1.0},{"damage":0.0,"enemies":"Chosen","floor":121.0,"turns":2.0},{"damage":0,"enemies":"Gremlin Leader","floor":123,"turns":1}],"seed_played":"6718406020933625056","potions_obtained":[{"floor":12.0,"key":"SteroidPotion"},{"floor":13.0,"key":"Adrenaline Potion"},{"floor":16.0,"key":"Milkshake"},{"floor":30.0,"key":"CultistPotion"},{"floor":71.0,"key":"DuplicationPotion"},{"floor":74.0,"key":"Dexterity Potion"}],"is_trial":true,"path_per_floor":["M","?","$","?","$","E","R","M","T","R","E","M","M","E","R","B",null,"M","M","?","M","?","E","R","E","T","?","R","AVR","NM","M","R","B",null,"M","M","?","?","E","NM","R","E","T","E","R","AVR","M","M","R","B",null,"M","M","M","M","M","NM","R","E","T","R","AVR","E","?","E","R","B",null,"M","?","M","M","M","NM","E","E","T","M","E","AVR","R","M","R","B",null,"M","?","M","M","?","E","R","NM","T","T","M","AVR","R","E","R","B",null,"M","?","M","M","E","E","R","NM","T","E","M","R","AVR","M","R","B",null,"M","M","T","E"],"character_chosen":"Hololive_HololiveCharacter","items_purchased":[],"campfire_rested":0,"item_purchase_floors":[],"current_hp_per_floor":[33,32,31,30,29,35,34,33,32,31,30,29,28,27,26,25,24,23,22,21,20,19,10,10,14,14,14,13,12,11,10,9,8,7,6,5,4,3,2,1,1,1,1,1,1,1,1,1,1,1,1,1,1,1,1,1,1,1,1,1,1,1,1,1,1,1,1,1,1,1,1,1,1,1,1,1,1,1,1,1,1,1,1,1,1,1,1,1,1,1,1,1,1,1,1,1,1,1,1,1,1,1,1,1,1,1,1,1,1,1,1,1,1,1,1,1,1,1,1,1,1,1,1,1],"gold":2430,"neow_bonus":"","is_daily":false,"chose_seed":false,"campfire_upgraded":18,"win_rate":0.0,"timestamp":1614395007,"path_taken":["M","?","?","?","$","E","R","M","T","R","E","M","M","E","R","BOSS","M","M","?","M","?","E","R","E","T","?","R","AVR","NM","M","R","BOSS","M","M","?","?","?","NM","R","E","T","E","R","AVR","M","M","R","BOSS","M","?","M","M","M","NM","R","E","T","R","AVR","E","?","?","R","BOSS","M","?","M","?","M","NM","?","E","T","M","E","AVR","R","M","R","BOSS","M","?","M","M","?","E","R","NM","T","?","M","AVR","R","E","R","BOSS","M","?","?","M","?","E","R","NM","T","E","M","R","AVR","M","R","BOSS","M","M","?","?"],"items_purchased_type":[],"build_version":"2020-12-22","purchased_purges":0,"victory":false,"max_hp_per_floor":[33,32,31,30,29,35,34,33,32,31,30,29,28,27,26,25,24,23,22,21,20,19,18,17,16,15,14,13,12,11,10,9,8,7,6,5,4,3,2,1,1,1,1,1,1,1,1,1,1,1,1,1,1,1,1,1,1,1,1,1,1,1,1,1,1,1,1,1,1,1,1,1,1,1,1,1,1,1,1,1,1,1,1,1,1,1,1,1,1,1,1,1,1,1,1,1,1,1,1,1,1,1,1,1,1,1,1,1,1,1,1,1,1,1,1,1,1,1,1,1,1,1,1,1],"card_choices":[{"not_picked":["Exhume"],"picked":"SKIP","floor":6.0},{"not_picked":["Brilliance"],"picked":"SKIP","floor":11.0},{"not_picked":[],"picked":"Replay:Bag of Tricks","floor":14.0},{"not_picked":[],"picked":"ReplayTheSpireMod:Fabricate Wheel","floor":23.0},{"not_picked":["REME_WorshipGod"],"picked":"SKIP","floor":25.0},{"not_picked":["Electrodynamics"],"picked":"SKIP","floor":30.0},{"not_picked":["Electrodynamics"],"picked":"SKIP","floor":30.0},{"not_picked":["Indignation+1"],"picked":"SKIP","floor":31.0},{"not_picked":["Indignation+1"],"picked":"SKIP","floor":31.0},{"not_picked":["Wallop"],"picked":"SKIP","floor":35.0},{"not_picked":["Hololive_Drill+1"],"picked":"SKIP","floor":36.0},{"not_picked":["Rainbow"],"picked":"SKIP","floor":39.0},{"not_picked":[],"picked":"REME_CRH","floor":40.0},{"not_picked":["Scrawl"],"picked":"SKIP","floor":42.0},{"not_picked":["REME_WorshipGod"],"picked":"SKIP","floor":44.0},{"not_picked":["REME_WorshipGod"],"picked":"SKIP","floor":44.0},{"not_picked":["Dodge and Roll+1"],"picked":"SKIP","floor":47.0},{"not_picked":["EmptyMind"],"picked":"SKIP","floor":48.0},{"not_picked":[],"picked":"Hololive_Trident","floor":52.0},{"not_picked":[],"picked":"Hololive_HuntDinosaur","floor":53.0},{"not_picked":["Ghostly Armor"],"picked":"SKIP","floor":54.0},{"not_picked":["Deflect"],"picked":"SKIP","floor":55.0},{"not_picked":["Cloak And Dagger"],"picked":"SKIP","floor":56.0},{"not_picked":["REME_CRH"],"picked":"SKIP","floor":57.0},{"not_picked":[],"picked":"Exhume","floor":59.0},{"not_picked":["hubris:Prefetch","Thunder Strike"],"picked":"REME_ShadowForm","floor":63.0},{"not_picked":["Hemogenesis","Buffer"],"picked":"REME_EyeOfCthun","floor":65.0},{"not_picked":["infinitespire:FinalStrike","ReplayTheSpireMod:??????????????????????"],"picked":"infinitespire:Punishment","floor":69.0},{"not_picked":["Well Laid Plans","ReplayTheSpireMod:Trickstab","Leap"],"picked":"Hololive_CallMomosuzuNene","floor":69.0},{"not_picked":["Hololive_OvertimeWork","ReplayTheSpireMod:Uncanny Aura","Purity","Rebound"],"picked":"SKIP","floor":71.0},{"not_picked":["Collect+1","Warcry","Purity","Sweeping Beam"],"picked":"SKIP","floor":72.0},{"not_picked":["Dodge and Roll","Warcry+1","Discovery","All For One"],"picked":"SKIP","floor":73.0},{"not_picked":["hubris:Fate","ReplayTheSpireMod:Echoes of Time"],"picked":"infinitespire:Fortify","floor":74.0},{"not_picked":["After Image","Sadistic Nature","REME_MagicPocketWatch","All For One"],"picked":"SKIP","floor":74.0},{"not_picked":["REME_ProfessionalPlagiarism","REME_BuildACard","Multi-Cast"],"picked":"REME_MawOfCthun","floor":75.0},{"not_picked":["MasterReality","Glass Knife","ReplayTheSpireMod:Uncanny Aura","ReplayRNGCard"],"picked":"SKIP","floor":76.0},{"not_picked":["MasterReality","Glass Knife","ReplayTheSpireMod:Uncanny Aura","ReplayRNGCard"],"picked":"SKIP","floor":76.0},{"not_picked":["Dagger Spray+1","Gash","Violence","Streamline"],"picked":"SKIP","floor":78.0},{"not_picked":["Magnetism","Chrysalis","REME_WheelOfFate","Amplify"],"picked":"SKIP","floor":79.0},{"not_picked":["Flying Knee","ReplayTheSpireMod:Private Reserves+1","BasicCrystalCard+1"],"picked":"Barrage+1","floor":82.0},{"not_picked":["Shrug It Off+1","Enlightenment+1","Ball Lightning"],"picked":"ReplayReversal+1","floor":86.0},{"not_picked":["infinitespire:Gouge","Replay:Fractal Strike"],"picked":"infinitespire:Collect","floor":87.0},{"not_picked":["EmptyBody+1","REME_ShadowStrike+1","Assess+1","Force Field"],"picked":"SKIP","floor":88.0},{"not_picked":["ShadowRift","Perseverance+1","Survey Options+1","DiskWipe"],"picked":"SKIP","floor":89.0},{"not_picked":["ConjureBlade+1","REME_EyeOfCthun","hubris:Prefetch"],"picked":"Seek+1","floor":91.0},{"not_picked":["Feed+1","Mayhem","Chrysalis+1","REME_Shoggoth+1"],"picked":"SKIP","floor":93.0},{"not_picked":["FlyingSleeves+1","Crow Ritual","ReplaySort"],"picked":"Hololive_CallShirakamiFubuki","floor":96.0},{"not_picked":["Violence+1","ReplayRNGCard+1","Swift Strike+1","hubris:DoWhile"],"picked":"SKIP","floor":99.0},{"not_picked":["Hololive_RevenueBasedLive+1","Redo+1","Dark Shackles+1","Beam Cell"],"picked":"SKIP","floor":103.0},{"not_picked":["Reckless Charge+1","Underhanded Strike+1","Impatience+1","RefreshScreen"],"picked":"SKIP","floor":105.0},{"not_picked":["Hololive_CallShishiroBotan","Hololive_StrengthChampion+1","Impatience+1","Time Bomb"],"picked":"SKIP","floor":106.0},{"not_picked":["REME_MawOfCthun+1","Echo Form","Biased Cognition"],"picked":"REME_Flogging","floor":107.0},{"not_picked":["Creative AI","Exhume+1","Replay:Parry+1","ReplayTheSpireMod:Omega Cannon"],"picked":"SKIP","floor":108.0},{"not_picked":["infinitespire:Collect","infinitespire:Punishment"],"picked":"hubris:Rewind","floor":110.0},{"not_picked":["Secret Weapon+1","Hololive_Nanodesu+1","Seek"],"picked":"REME_BodyOfCthun+1","floor":110.0},{"not_picked":["Seek+1","Juggernaut","Finesse+1","Amplify"],"picked":"SKIP","floor":112.0},{"not_picked":["Skewer+1","Coolheaded+1","Secret Technique+1","Doom and Gloom"],"picked":"SKIP","floor":113.0},{"not_picked":["FlurryOfBlows+1","Rebound+1","Enlightenment+1","Streamline"],"picked":"SKIP","floor":116.0},{"not_picked":["Headbutt+1","Feel No Pain","ReplayTheSpireMod:Uncanny Aura+1","BasicCrystalCard"],"picked":"SKIP","floor":120.0},{"not_picked":["Inflame","EmptyBody+1","ReplayTheSpireMod:Brewmster","Auto Shields"],"picked":"SKIP","floor":121.0}],"player_experience":1449962,"relics_obtained":[{"floor":1.0,"key":"reliquary:PurpleTingedLeaf"},{"floor":6.0,"key":"Strawberry"},{"floor":8.0,"key":"hubris:ToyBattleship"},{"floor":11.0,"key":"reliquary:Firecrackers"},{"floor":12.0,"key":"hubris:SlimyHat"},{"floor":13.0,"key":"infinitespire:Magic Flask"},{"floor":14.0,"key":"reliquary:Buckler"},{"floor":18.0,"key":"Bag of Marbles"},{"floor":19.0,"key":"aspiration:Lifesprig"},{"floor":21.0,"key":"RetroEgg"},{"floor":23.0,"key":"Blood Vial"},{"floor":25.0,"key":"infinitespire:Joker Card"},{"floor":26.0,"key":"reliquary:Boomerang"},{"floor":27.0,"key":"Red Mask"},{"floor":30.0,"key":"ShockBauble"},{"floor":31.0,"key":"Replay:Bottled Snecko"},{"floor":35.0,"key":"Omamori"},{"floor":36.0,"key":"Quantum Egg"},{"floor":39.0,"key":"infinitespire:Satchel"},{"floor":40.0,"key":"Mirror"},{"floor":42.0,"key":"Boot"},{"floor":43.0,"key":"Smiling Mask"},{"floor":44.0,"key":"Pen Nib"},{"floor":47.0,"key":"infinitespire:PuzzleCube"},{"floor":48.0,"key":"WizardHat"},{"floor":52.0,"key":"Happy Flower"},{"floor":53.0,"key":"aspiration:SeaSaltIceCream"},{"floor":54.0,"key":"aspiration:HatOfInfinitePower"},{"floor":55.0,"key":"Torii"},{"floor":56.0,"key":"Incense Burner"},{"floor":57.0,"key":"infinitespire:Lucky Rock"},{"floor":59.0,"key":"hubris:DisguiseKit"},{"floor":60.0,"key":"Oddly Smooth Stone"},{"floor":63.0,"key":"Shuriken"},{"floor":64.0,"key":"The Courier"},{"floor":65.0,"key":"MawBank"},{"floor":68.0,"key":"MealTicket"},{"floor":68.0,"key":"MiniBlackHole"},{"floor":69.0,"key":"Replay:Baseball"},{"floor":71.0,"key":"hubris:Potato"},{"floor":72.0,"key":"ReplayFunnel"},{"floor":73.0,"key":"hubris:CuriousFeather"},{"floor":74.0,"key":"Tiny Chest"},{"floor":75.0,"key":"reliquary:FerryPass"},{"floor":76.0,"key":"RollingBoulder"},{"floor":77.0,"key":"Replay:Wax Seal"},{"floor":78.0,"key":"SpikesRelics:DaevaFist"},{"floor":79.0,"key":"Counterbalance"},{"floor":82.0,"key":"Toxic Egg 2"},{"floor":86.0,"key":"Ornamental Fan"},{"floor":88.0,"key":"hubris:MysteriousPyramids"},{"floor":89.0,"key":"Lantern"},{"floor":91.0,"key":"Hololive_LightStick"},{"floor":93.0,"key":"Molten Egg 2"},{"floor":94.0,"key":"Centennial Puzzle"},{"floor":95.0,"key":"reliquary:Sod"},{"floor":96.0,"key":"reliquary:RosewoodLute"},{"floor":99.0,"key":"Snack Pack"},{"floor":103.0,"key":"PreservedInsect"},{"floor":105.0,"key":"SpikesRelics:ToyHorsey"},{"floor":106.0,"key":"aspiration:ChemicalBlood"},{"floor":107.0,"key":"Bronze Scales"},{"floor":108.0,"key":"aspiration:TomeofQuesting"},{"floor":111.0,"key":"infinitespire:Lychee Nut"},{"floor":112.0,"key":"ReplayTheSpireMod:Lightbulb"},{"floor":113.0,"key":"aspiration:HummingbirdHeart"},{"floor":116.0,"key":"Gremlin Food"},{"floor":120.0,"key":"reliquary:WeakTea"},{"floor":121.0,"key":"aspiration:DSix"},{"floor":122.0,"key":"Regal Pillow"}],"event_choices":[{"damage_healed":0.0,"max_hp_gain":0.0,"max_hp_loss":0.0,"gold_gain":0.0,"event_name":"WeMeetAgain","player_choice":"Paid Gold","floor":2.0,"gold_loss":72.0,"damage_taken":0.0,"relics_obtained":["Ancient Tea Set"]},{"damage_healed":0.0,"max_hp_gain":0.0,"max_hp_loss":0.0,"gold_gain":0.0,"event_name":"Addict","player_choice":"Obtained Relic","floor":22.0,"gold_loss":85.0,"damage_taken":0.0,"relics_obtained":["Hololive_FriedShrimpLion"]},{"damage_healed":0.0,"max_hp_gain":0.0,"max_hp_loss":0.0,"gold_gain":0.0,"event_name":"Masked Bandits","player_choice":"Fought Bandits","floor":27.0,"gold_loss":0.0,"damage_taken":0.0},{"damage_healed":0.0,"max_hp_gain":0.0,"max_hp_loss":0.0,"gold_gain":99.0,"event_name":"betterThird:BetterNest","player_choice":"Steal","floor":70.0,"gold_loss":0.0,"damage_taken":0.0},{"damage_healed":0.0,"max_hp_gain":0.0,"max_hp_loss":0.0,"gold_gain":222.0,"event_name":"Tomb of Lord Red Mask","player_choice":"Wore Mask","floor":90.0,"gold_loss":0.0,"damage_taken":0.0},{"damage_healed":0.0,"max_hp_gain":0.0,"max_hp_loss":0.0,"gold_gain":0.0,"event_name":"betterThird:BetterSerpent","player_choice":"Ignored","floor":104.0,"gold_loss":0.0,"damage_taken":2027.0}],"is_beta":false,"boss_relics":[{"not_picked":["Replay:Ancient Bell","Snecko Eye"],"picked":"Astrolabe"},{"not_picked":["aspiration:RunicSpoon","aspiration:SecretTechniqueScroll"],"picked":"CosmicIsotope"},{"not_picked":["reliquary:Craggleroot","Busted Crown"],"picked":"Empty Cage"},{"not_picked":["hubris:ScarierMask","hubris:GrandSneckoEye"],"picked":"REME_LowDesire"},{"not_picked":["reliquary:KinkedSpring","aspiration:PoetsPen"],"picked":"SacredBark"},{"not_picked":["Snecko Eye","aspiration:DefectSkillbook"],"picked":"Sandwich"},{"not_picked":["Philosopher\u0027s Stone","Tiny House"],"picked":"hubris:HollowSoul"}],"items_purged_floors":[],"is_endless":true,"potions_floor_spawned":[12,13,16,21,27,30,33,40,42,48,50,52,56,63,67,71,73,74,79,82,84,88,96,99,101,105,107,108,113,116,121],"killed_by":"Gremlin Leader","ascension_level":0}}