{"host":"iti9xkbcm5v843sw","time":1614418115,"event":{"mods":["Act Like it!","BaseMod","CapriCore","Conspire","Gensokyo","Koishi","Marisa£®ÏF”Í°°ƒß¿Ì…≥£©","Minty Spire (QoL Compilation)","Quick Restart","Reimu£®≤©¿ˆ¡È√Œ£©","Relic Stats","Remilia£®¿Ÿ√◊¿Ú—«£©","Replay The Spire","StSLib","The Administrix","The Immortal","The Servant 0.9.4","Yakumo Yukari mod","Youmu£®ªÍ∆«—˝√Œ£©","Yuyuko"],"gold_per_floor":[115,115,115,127,127,158,151,25,25,39,49,78,78,89,89,193,193,212,224,236,252,272,272,303,315,339,356,373,389,389,415,415,412,412],"floor_reached":33,"language":"ZHS","playtime":4505,"items_purged":["Poor:ReiMu"],"score":330,"play_id":"5740e96c-e0b2-4162-9f10-ffce7415ff56","local_time":"20210227172835","is_ascension_mode":false,"campfire_choices":[{"data":"DC","floor":13.0,"key":"SMITH"},{"data":"UpSweep","floor":15.0,"key":"SMITH"},{"floor":23.0,"key":"REST"},{"floor":30.0,"key":"REST"},{"floor":32.0,"key":"REST"}],"circlet_count":0,"master_deck":["Strike_MRS+1","Strike_MRS+1","Strike_MRS+1","Strike_MRS+1","Defend_MRS","Defend_MRS","Defend_MRS","Defend_MRS","MasterSpark","UpSweep+1","Acceleration","DC+1","DeepEcoloBomb","PowerUp","DoubleSpark","ShootingEcho+1","WitchLeyline+1","FairyDestructionRay+1","MeteoricShower+1","CasketOfStar","DarkMatter","PulseMagic+1","6A+1","UnstableBomb+1","PropBag","Singularity","StarBarrage+1","OrrerysSun","WitchLeyline+1","MilkyWay","UltimateShortwave"],"relics":["MiniHakkero","NeowsBlessing","YidongShenshe:ReiMu","Replay:Bottled Eggs","Molten Egg 2","Toy Ornithopter","ChewingGum","Orichalcum","conspire:TopHat","Kunai"],"acts_visited":["Exordium","TheCity"],"potions_floor_usage":[],"damage_taken":[{"damage":0.0,"enemies":"2 Louse","floor":1.0,"turns":1.0},{"damage":0.0,"enemies":"Cultist","floor":4.0,"turns":1.0},{"damage":0.0,"enemies":"Lagavulin","floor":6.0,"turns":1.0},{"damage":11.0,"enemies":"Jaw Worm","floor":7.0,"turns":2.0},{"damage":6.0,"enemies":"Large Slime","floor":10.0,"turns":3.0},{"damage":5.0,"enemies":"Looter","floor":11.0,"turns":2.0},{"damage":10.0,"enemies":"3 Sentries","floor":12.0,"turns":4.0},{"damage":0.0,"enemies":"2 Fungi Beasts","floor":14.0,"turns":1.0},{"damage":2.0,"enemies":"Slime Boss","floor":16.0,"turns":7.0},{"damage":0.0,"enemies":"Spheric Guardian","floor":18.0,"turns":1.0},{"damage":7.0,"enemies":"Shell Parasite","floor":19.0,"turns":3.0},{"damage":16.0,"enemies":"Shelled Parasite and Fungi","floor":20.0,"turns":4.0},{"damage":14.0,"enemies":"Centurion and Healer","floor":21.0,"turns":3.0},{"damage":0.0,"enemies":"Chosen and Byrds","floor":22.0,"turns":4.0},{"damage":5.0,"enemies":"conspire:Head Lice","floor":24.0,"turns":4.0},{"damage":15.0,"enemies":"Snake Plant","floor":25.0,"turns":3.0},{"damage":11.0,"enemies":"conspire:HollyBat","floor":27.0,"turns":7.0},{"damage":8.0,"enemies":"Snecko","floor":28.0,"turns":3.0},{"damage":2.0,"enemies":"Centurion and Healer","floor":29.0,"turns":3.0},{"damage":37.0,"enemies":"Gremlin Leader","floor":31.0,"turns":5.0},{"damage":46,"enemies":"Automaton","floor":33,"turns":6}],"seed_played":"2417156703318211628","potions_obtained":[{"floor":4.0,"key":"Ancient Potion"},{"floor":10.0,"key":"Dexterity Potion"},{"floor":12.0,"key":"Dexterity Potion"},{"floor":19.0,"key":"LiquidMemories"},{"floor":20.0,"key":"Adrenaline Potion"},{"floor":28.0,"key":"EssenceOfSteel"}],"is_trial":false,"path_per_floor":["M","?","?","M","?","E","M","$","T","M","M","E","R","M","R","B",null,"M","M","M","M","M","R","E","M","T","M","M","M","R","E","R","B"],"character_chosen":"MARISA","items_purchased":["DoubleSpark"],"campfire_rested":3,"item_purchase_floors":[8],"current_hp_per_floor":[75,75,75,75,75,75,64,64,64,58,53,43,43,43,43,41,75,75,68,52,38,38,60,55,40,40,29,26,29,51,24,46,0,0],"gold":412,"neow_bonus":"THREE_ENEMY_KILL","is_daily":false,"chose_seed":false,"campfire_upgraded":2,"win_rate":0.0,"timestamp":1614418115,"path_taken":["M","?","?","?","?","E","M","$","T","M","M","E","R","M","R","BOSS","M","M","M","M","M","R","E","M","T","M","M","M","R","E","R","BOSS"],"items_purchased_type":["Card"],"build_version":"2020-12-22","purchased_purges":1,"victory":false,"max_hp_per_floor":[75,75,75,75,75,75,75,75,75,75,75,75,75,75,75,75,75,75,75,75,75,75,75,75,75,75,75,75,75,75,75,75,75,75],"relic_stats":{"counters":[21,68],"Kunai":[5],"Orichalcum":[60],"obtain_stats":[{"NeowsBlessing":0,"Letter Opener":24,"Orichalcum":24,"conspire:TopHat":31,"Shuriken":25,"Sundial":27,"Ornamental Fan":31,"Molten Egg 2":9,"ChewingGum":17,"YidongShenshe:ReiMu":5,"MiniHakkero":0,"Kunai":33,"Replay:Bottled Eggs":6,"Toy Ornithopter":12},{"NeowsBlessing":0,"Letter Opener":15,"Orichalcum":15,"conspire:TopHat":20,"Shuriken":16,"Sundial":17,"Ornamental Fan":20,"Molten Egg 2":4,"ChewingGum":9,"YidongShenshe:ReiMu":2,"MiniHakkero":0,"Kunai":21,"Replay:Bottled Eggs":3,"Toy Ornithopter":7},{"NeowsBlessing":0,"Letter Opener":40,"Orichalcum":41,"conspire:TopHat":62,"Shuriken":43,"Sundial":49,"Ornamental Fan":60,"Molten Egg 2":5,"ChewingGum":22,"YidongShenshe:ReiMu":2,"MiniHakkero":0,"Kunai":64,"Replay:Bottled Eggs":3,"Toy Ornithopter":14}],"Toy Ornithopter":20},"card_choices":[{"not_picked":["AsteroidBelt","GravityBeat"],"picked":"Acceleration","floor":1.0},{"not_picked":["GrandCross","EnergyRecoil"],"picked":"DC","floor":4.0},{"not_picked":["GalacticHalo","MeteoricShower"],"picked":"DeepEcoloBomb","floor":6.0},{"not_picked":["DC","Singularity"],"picked":"PowerUp","floor":7.0},{"not_picked":["PowerUp","LuminesStrike+1"],"picked":"ShootingEcho+1","floor":10.0},{"not_picked":["ShootingEcho+1","GravityBeat+1"],"picked":"WitchLeyline+1","floor":11.0},{"not_picked":["LuminesStrike+1","PowerUp"],"picked":"FairyDestructionRay+1","floor":12.0},{"not_picked":["PowerUp","AlicesGift+1"],"picked":"MeteoricShower+1","floor":14.0},{"not_picked":["ManaRampage","BlazingStar+1"],"picked":"CasketOfStar","floor":16.0},{"not_picked":["Robbery+1","DoubleSpark+1"],"picked":"DarkMatter","floor":18.0},{"not_picked":["SporeBomb","PowerUp"],"picked":"PulseMagic+1","floor":19.0},{"not_picked":["MilkyWay","MysteriousBeam+1"],"picked":"6A+1","floor":20.0},{"not_picked":["NonDirectionalLaser+1","GravityBeat+1"],"picked":"UnstableBomb+1","floor":21.0},{"not_picked":["OpenUniverse","DoubleSpark+1"],"picked":"PropBag","floor":22.0},{"not_picked":["Robbery+1","PulseMagic"],"picked":"Singularity","floor":24.0},{"not_picked":["Occultation+1","LuminesStrike+1"],"picked":"StarBarrage+1","floor":25.0},{"not_picked":["LuminesStrike+1","MysteriousBeam+1"],"picked":"OrrerysSun","floor":27.0},{"not_picked":["Acceleration+1","GravityBeat+1"],"picked":"WitchLeyline+1","floor":28.0},{"not_picked":["Occultation+1","MillisecondPulsars"],"picked":"MilkyWay","floor":29.0},{"not_picked":["StarlightTyphoon","OpenUniverse+1"],"picked":"UltimateShortwave","floor":31.0}],"player_experience":252578,"relics_obtained":[{"floor":6.0,"key":"Replay:Bottled Eggs"},{"floor":9.0,"key":"Molten Egg 2"},{"floor":12.0,"key":"Toy Ornithopter"},{"floor":24.0,"key":"Orichalcum"},{"floor":31.0,"key":"conspire:TopHat"}],"event_choices":[{"damage_healed":0.0,"max_hp_gain":0.0,"max_hp_loss":0.0,"gold_gain":0.0,"event_name":"The Cleric","player_choice":"Leave","floor":2.0,"gold_loss":0.0,"damage_taken":0.0},{"damage_healed":0.0,"max_hp_gain":0.0,"max_hp_loss":0.0,"gold_gain":0.0,"event_name":"NoteForYourself","player_choice":"Ignored","floor":3.0,"gold_loss":0.0,"damage_taken":0.0},{"damage_healed":0.0,"max_hp_gain":0.0,"max_hp_loss":0.0,"gold_gain":0.0,"event_name":"yidonshenshe","player_choice":"¥¯◊ﬂ…Ò…Á","floor":5.0,"gold_loss":0.0,"damage_taken":0.0,"relics_obtained":["YidongShenshe:ReiMu"],"cards_obtained":["Poor:ReiMu"]}],"is_beta":false,"boss_relics":[{"not_picked":["Runic Dome","Pandora\u0027s Box"],"picked":"ChewingGum"}],"items_purged_floors":[8],"is_endless":false,"potions_floor_spawned":[4,10,12,19,20,27,28],"killed_by":"Automaton","ascension_level":0}}