{"host":"8av5he6utbys9oi5","time":1614405895,"event":{"mods":["BaseMod","GungeonMod","Marisa£®ÏF”Í°°ƒß¿Ì…≥£©","Minty Spire (QoL Compilation)","Replay The Spire","StSLib"],"gold_per_floor":[111,123,142,155,170,170,170,170,170,200,219,230,40,40,40,145,145,164,164,64,83,103,103,58,58,58,58,73,88,103,114,125,125,125,125,125],"floor_reached":35,"language":"ZHS","playtime":2494,"items_purged":["DemoMod:Strike_Huntress","DemoMod:Strike_Huntress"],"score":257,"play_id":"d59c6fbe-a4bb-49df-b597-b4695901957d","local_time":"20210227140455","is_ascension_mode":false,"campfire_choices":[{"data":"DemoMod:PotionOfGunFriendShip","floor":6.0,"key":"SMITH"},{"data":"DemoMod:ConditionalReflex","floor":8.0,"key":"SMITH"},{"data":"DemoMod:ProbeStrike","floor":15.0,"key":"SMITH"},{"data":"DemoMod:FullFirepower","floor":23.0,"key":"SMITH"},{"data":"DemoMod:ManualReload","floor":25.0,"key":"SMITH"},{"data":"DemoMod:ZorGun","floor":27.0,"key":"SMITH"},{"floor":33.0,"key":"REST"}],"circlet_count":0,"master_deck":["DemoMod:Strike_Huntress","DemoMod:Defend_Huntress","DemoMod:Defend_Huntress","DemoMod:Roll","DemoMod:ManualReload+1","DemoMod:RustySidearm","DemoMod:CrossBow","DemoMod:ConditionalReflex+1","DemoMod:ProbeStrike+1","DemoMod:TripleGun","DemoMod:PotionOfGunFriendShip+1","DemoMod:ShadowBullets+1","DemoMod:FullFirepower+1","DemoMod:HardPowerCard+1","DemoMod:ZorGun+1","DemoMod:AC15","DemoMod:LifeOrb+1","DemoMod:ThirdPartyController","DemoMod:SAA+1","DemoMod:BattleInHaste+1"],"relics":["DemoMod:Dog","Kunai","SacredBark"],"acts_visited":["Exordium","TheCity","TheCity"],"potions_floor_usage":[34,34],"damage_taken":[{"damage":0.0,"enemies":"Small Slimes","floor":1.0,"turns":3.0},{"damage":1.0,"enemies":"2 Louse","floor":2.0,"turns":3.0},{"damage":0.0,"enemies":"Cultist","floor":3.0,"turns":4.0},{"damage":11.0,"enemies":"Exordium Thugs","floor":4.0,"turns":5.0},{"damage":9.0,"enemies":"2 Fungi Beasts","floor":5.0,"turns":4.0},{"damage":2.0,"enemies":"Gremlin Gang","floor":10.0,"turns":7.0},{"damage":9.0,"enemies":"Large Slime","floor":11.0,"turns":3.0},{"damage":10.0,"enemies":"Exordium Thugs","floor":12.0,"turns":4.0},{"damage":12.0,"enemies":"The Guardian","floor":16.0,"turns":9.0},{"damage":0.0,"enemies":"Spheric Guardian","floor":18.0,"turns":2.0},{"damage":14.0,"enemies":"3 Byrds","floor":21.0,"turns":5.0},{"damage":0.0,"enemies":"Snake Plant","floor":22.0,"turns":2.0},{"damage":0.0,"enemies":"DemoMod:4_Bullet_Kins","floor":28.0,"turns":3.0},{"damage":29.0,"enemies":"DemoMod:Red_and_blue_shotgun_kin","floor":29.0,"turns":3.0},{"damage":9.0,"enemies":"DemoMod:Veteran_shot_gun_kin_and_red_shotgun_kin_with_gunsinger","floor":30.0,"turns":4.0},{"damage":8.0,"enemies":"DemoMod:2_Mousers","floor":31.0,"turns":5.0},{"damage":16.0,"enemies":"DemoMod:Veteran_shot_gun_kin_and_blue_shotgun_kin_with_gunsinger","floor":32.0,"turns":1.0},{"damage":37,"enemies":"DemoMod:ResourcefulRat","floor":34,"turns":13},{"damage":3,"enemies":"DemoMod:ResourcefulRat","floor":35,"turns":1}],"seed_played":"7132821375050945741","potions_obtained":[{"floor":2.0,"key":"DistilledChaos"},{"floor":5.0,"key":"AttackPotion"},{"floor":21.0,"key":"AttackPotion"},{"floor":29.0,"key":"SpeedPotion"},{"floor":30.0,"key":"Venom Potion"},{"floor":32.0,"key":"SkillPotion"}],"is_trial":false,"path_per_floor":["M","M","M","M","M","R","?","R","T","M","M","M","$","?","R","B",null,"M","?","$","M","M","R","$","R","T","R","M","M","M","M","M","R","B","B"],"character_chosen":"HUNTRESS","items_purchased":["DemoMod:GnawedKey","DemoMod:AC15"],"campfire_rested":1,"item_purchase_floors":[13,24],"current_hp_per_floor":[77,76,76,65,56,56,56,56,56,54,45,35,35,35,35,23,77,77,77,77,63,63,63,63,63,77,77,77,48,39,31,15,38,1,0,0],"gold":125,"neow_bonus":"TEN_PERCENT_HP_BONUS","is_daily":false,"chose_seed":false,"campfire_upgraded":6,"win_rate":0.0,"timestamp":1614405895,"path_taken":["M","M","M","M","M","R","?","R","T","M","M","M","$","?","R","BOSS","M","?","$","M","M","R","?","R","T","R","M","M","M","M","M","R","BOSS","BOSS"],"items_purchased_type":["Relic","Card"],"build_version":"2020-12-22","purchased_purges":2,"victory":false,"max_hp_per_floor":[77,77,77,77,77,77,77,77,77,77,77,77,77,77,77,77,77,77,77,77,77,77,77,77,77,77,77,77,77,77,77,77,77,77,77,77],"card_choices":[{"not_picked":["DemoMod:SAA","DemoMod:StickyCrossBow"],"picked":"DemoMod:DirectionalPad","floor":1.0},{"not_picked":["DemoMod:SAA","DemoMod:HardPowerCard"],"picked":"DemoMod:ConditionalReflex","floor":2.0},{"not_picked":["DemoMod:MachoBrace","DemoMod:SAA"],"picked":"DemoMod:ProbeStrike","floor":3.0},{"not_picked":["DemoMod:Ejector","DemoMod:JK47"],"picked":"DemoMod:TripleGun","floor":4.0},{"not_picked":["DemoMod:Unmoved","DemoMod:TeaPot"],"picked":"DemoMod:PotionOfGunFriendShip","floor":5.0},{"not_picked":["DemoMod:HighKaliber","DemoMod:ChanceBullets","DemoMod:AbyssalTentacle"],"picked":"SKIP","floor":10.0},{"not_picked":["DemoMod:Ejector","DemoMod:MachoBrace","DemoMod:ChanceBullets"],"picked":"SKIP","floor":11.0},{"not_picked":["DemoMod:ConditionalReflex","DemoMod:PracticeMakesPerfect"],"picked":"DemoMod:ShadowBullets","floor":12.0},{"not_picked":["DemoMod:DarkMarker","DemoMod:BalloonGun"],"picked":"DemoMod:FullFirepower","floor":16.0},{"not_picked":["DemoMod:Unity+1","DemoMod:FastSwitch"],"picked":"DemoMod:HardPowerCard+1","floor":18.0},{"not_picked":["DemoMod:SkilledReload","DemoMod:Ejector"],"picked":"DemoMod:ZorGun","floor":21.0},{"not_picked":["DemoMod:EasyReloadBullets","DemoMod:HardPowerCard","DemoMod:Ejector"],"picked":"SKIP","floor":22.0},{"not_picked":["DemoMod:DoubleSwitch+1","DemoMod:StickyCrossBow","DemoMod:MachoBrace+1"],"picked":"SKIP","floor":28.0},{"not_picked":["DemoMod:MachoBrace+1","DemoMod:StickyCrossBow+1"],"picked":"DemoMod:LifeOrb+1","floor":29.0},{"not_picked":["DemoMod:ThirdPartyController","DemoMod:TeaPot","DemoMod:Ejector"],"picked":"SKIP","floor":29.0},{"not_picked":["DemoMod:TeaPot","DemoMod:Ejector"],"picked":"DemoMod:ThirdPartyController","floor":29.0},{"not_picked":["DemoMod:PotionOfGunFriendShip","DemoMod:HighKaliber","DemoMod:ProbeStrike"],"picked":"SKIP","floor":30.0},{"not_picked":["DemoMod:StickyCrossBow+1","DemoMod:ProbeStrike"],"picked":"DemoMod:SAA+1","floor":31.0},{"not_picked":["DemoMod:HardPowerCard","DemoMod:AbyssalTentacle"],"picked":"DemoMod:BattleInHaste+1","floor":32.0}],"player_experience":215900,"relics_obtained":[{"floor":9.0,"key":"Kunai"}],"event_choices":[{"damage_healed":0.0,"max_hp_gain":0.0,"max_hp_loss":0.0,"gold_gain":0.0,"event_name":"Accursed Blacksmith","player_choice":"Forge","floor":14.0,"gold_loss":0.0,"damage_taken":0.0,"cards_upgraded":["DemoMod:ShadowBullets"]},{"cards_removed":["DemoMod:Defend_Huntress"],"damage_healed":0.0,"max_hp_gain":0.0,"max_hp_loss":0.0,"gold_gain":0.0,"event_name":"Bonfire Elementals","player_choice":"Offered Basic","floor":19.0,"gold_loss":0.0,"damage_taken":0.0}],"is_beta":false,"boss_relics":[{"not_picked":["Busted Crown","Painkiller Herb"],"picked":"SacredBark"}],"items_purged_floors":[13,20],"is_endless":false,"potions_floor_spawned":[2,5,21,29,30,32],"killed_by":"DemoMod:ResourcefulRat","ascension_level":0}}