{"host":"1vy6j31128f61x2z","time":1614384056,"event":{"mods":["AchievementEnabler","BaseMod","Colored Powertips","Curses Come First","Minty Spire (QoL Compilation)","Permanent Neow","Random Character Button","Relic Stats","StSLib"],"gold_per_floor":[16,16,37,37,53,86,86,11,11,36,36,59,59,98,98,98,98],"floor_reached":16,"language":"ENG","playtime":641,"items_purged":["Strike_G"],"score":171,"play_id":"0c8f16f0-b225-4f1f-866c-4243929a0fb7","local_time":"20210226190056","is_ascension_mode":true,"campfire_choices":[{"data":"Footwork","floor":7,"key":"SMITH"},{"data":"Acrobatics","floor":13,"key":"SMITH"},{"data":"Neutralize","floor":15,"key":"SMITH"}],"circlet_count":0,"master_deck":["AscendersBane","Strike_G","Strike_G","Strike_G","Defend_G","Defend_G","Defend_G","Defend_G","Survivor","Neutralize+1","Deadly Poison","Blade Dance+1","Deflect","Footwork+1","Acrobatics+1","Deflect","Tactician"],"relics":["Ring of the Snake","Golden Idol","Lizard Tail","Mango","Frozen Egg 2"],"acts_visited":["Exordium"],"potions_floor_usage":[6,14],"damage_taken":[{"damage":0,"enemies":"Small Slimes","floor":1,"turns":4},{"damage":0,"enemies":"2 Louse","floor":3,"turns":3},{"damage":0,"enemies":"Jaw Worm","floor":5,"turns":3},{"damage":30,"enemies":"Lagavulin","floor":6,"turns":10},{"damage":0,"enemies":"Exordium Wildlife","floor":10,"turns":5},{"damage":0,"enemies":"Red Slaver","floor":12,"turns":3},{"damage":89,"enemies":"Gremlin Nob","floor":14,"turns":7},{"damage":42,"enemies":"Slime Boss","floor":16,"turns":10}],"seed_played":"-6900614049801016057","potions_obtained":[{"floor":3,"key":"CunningPotion"},{"floor":10,"key":"SpeedPotion"},{"floor":12,"key":"Energy Potion"}],"is_trial":false,"path_per_floor":["M","?","M","?","M","E","R","$","T","M","?","M","R","E","R","B"],"character_chosen":"THE_SILENT","items_purchased":[],"campfire_rested":0,"item_purchase_floors":[],"current_hp_per_floor":[63,63,63,63,63,33,33,33,47,47,73,73,73,39,39,0,0],"gold":98,"neow_bonus":"REMOVE_TWO","is_daily":false,"chose_seed":false,"campfire_upgraded":3,"win_rate":0.0,"timestamp":1614384056,"path_taken":["M","?","M","?","M","E","R","$","T","M","?","M","R","E","R","BOSS"],"items_purchased_type":[],"build_version":"2020-12-22","purchased_purges":1,"victory":false,"max_hp_per_floor":[70,65,65,65,65,65,65,65,79,79,79,79,79,79,79,79,79],"relic_stats":{"Lizard Tail":39,"counters":[8,45],"Golden Idol":32,"obtain_stats":[{"Lizard Tail":6,"Golden Idol":2,"Mango":9,"Frozen Egg 2":14,"Ring of the Snake":0},{"Lizard Tail":4,"Golden Idol":1,"Mango":4,"Frozen Egg 2":7,"Ring of the Snake":0},{"Lizard Tail":20,"Golden Idol":4,"Mango":20,"Frozen Egg 2":35,"Ring of the Snake":0}],"Ring of the Snake":[16]},"card_choices":[{"not_picked":["Cloak And Dagger","Dodge and Roll"],"picked":"Deadly Poison","floor":1},{"not_picked":["Backflip","Distraction"],"picked":"Blade Dance","floor":3},{"not_picked":["Tactician","Caltrops"],"picked":"Deflect","floor":5},{"not_picked":["Outmaneuver","Riddle With Holes"],"picked":"Footwork","floor":6},{"not_picked":["Eviscerate","Slice"],"picked":"Acrobatics","floor":10},{"not_picked":["Poisoned Stab","Caltrops"],"picked":"Deflect","floor":12},{"not_picked":["Deflect","Masterful Stab"],"picked":"Tactician","floor":14}],"player_experience":154927,"relics_obtained":[{"floor":6,"key":"Lizard Tail"},{"floor":9,"key":"Mango"},{"floor":14,"key":"Frozen Egg 2"}],"event_choices":[{"damage_healed":0,"gold_gain":0,"player_choice":"Lose Max HP","damage_taken":0,"relics_obtained":["Golden Idol"],"max_hp_gain":0,"max_hp_loss":5,"event_name":"Golden Idol","floor":2,"gold_loss":0},{"damage_healed":0,"gold_gain":0,"player_choice":"Grow","damage_taken":0,"max_hp_gain":0,"max_hp_loss":0,"event_name":"Living Wall","floor":4,"gold_loss":0,"cards_upgraded":["Blade Dance"]},{"damage_healed":26,"gold_gain":0,"player_choice":"Banana","damage_taken":0,"max_hp_gain":0,"max_hp_loss":0,"event_name":"Big Fish","floor":11,"gold_loss":0}],"is_beta":false,"boss_relics":[],"items_purged_floors":[8],"is_endless":false,"potions_floor_spawned":[3,10,12],"killed_by":"Slime Boss","ascension_level":11}}