{"host":"fzh1lgjju4n7ycti","time":1614456400,"event":{"mods":["2.2 Compatiblity","Act Like it!","Bard","BaseMod","Better Third Choice","BetterRewards","Colored Powertips","Downfall","Duelist Mod","Friendly Minions","GifTheSpireLib","Infinite Spire","Jorbs\u0027s Wanderer Trilogy","Kiyohime????","Koishi","Marisa????????","Minty Spire (QoL Compilation)","Quick Restart","Reimu??????","Replay The Spire","Robot Space Explorer","Ruina","StSLib","The Cursed","The Hayseed","The Hierophant","The Judge","The Marked","The Mystic","The Wild Card"],"gold_per_floor":[113,128,146,164,164,164,173,173,197,194,98,194,210,203,203,183,183],"floor_reached":16,"language":"ENG","playtime":649,"items_purged":[],"score":104,"play_id":"567af992-d429-40ab-baa1-93eafcde7331","local_time":"20210228060640","is_ascension_mode":false,"campfire_choices":[{"data":"RobotSpaceExplorer:Discharger","floor":6,"key":"SMITH"},{"floor":8,"key":"REST"},{"data":"RobotSpaceExplorer:Explosion","floor":15,"key":"SMITH"}],"circlet_count":0,"master_deck":["RobotSpaceExplorer:Strike","RobotSpaceExplorer:Strike","RobotSpaceExplorer:Strike","RobotSpaceExplorer:Strike","RobotSpaceExplorer:Defend","RobotSpaceExplorer:Defend","RobotSpaceExplorer:Defend","RobotSpaceExplorer:Defend","RobotSpaceExplorer:Scan","RobotSpaceExplorer:MiniLasers","RobotSpaceExplorer:SurgingStrike","RobotSpaceExplorer:Discharger+1","RobotSpaceExplorer:Asteroid","RobotSpaceExplorer:ImprovisedAttack","Poor:ReiMu","RobotSpaceExplorer:ScrapMissile","RobotSpaceExplorer:PowerGlove","RobotSpaceExplorer:StarDust","RobotSpaceExplorer:GlueShot","ReplayTheSpireMod:Splinters","RobotSpaceExplorer:Explosion+1","RobotSpaceExplorer:FreezingShield","RobotSpaceExplorer:Discharger","RobotSpaceExplorer:Exploration"],"relics":["RobotSpaceExplorer:RoboCore","Regal Pillow","YidongShenshe:ReiMu","Replay:Mystery Machine","Oddly Smooth Stone"],"acts_visited":["Exordium"],"potions_floor_usage":[14,16],"damage_taken":[{"damage":2,"enemies":"2 Louse","floor":1,"turns":2},{"damage":6,"enemies":"Jaw Worm","floor":2,"turns":2},{"damage":0,"enemies":"Small Slimes","floor":3,"turns":3},{"damage":12,"enemies":"Blue Slaver","floor":4,"turns":3},{"damage":25,"enemies":"3 Sentries","floor":7,"turns":6},{"damage":10,"enemies":"Exordium Wildlife","floor":10,"turns":3},{"damage":0,"enemies":"Red Slaver","floor":13,"turns":4},{"damage":26,"enemies":"Exordium Thugs","floor":14,"turns":6},{"damage":38,"enemies":"Slime Boss","floor":16,"turns":6}],"seed_played":"5905016680818150761","potions_obtained":[{"floor":2,"key":"Toxic Potion"},{"floor":4,"key":"Weak Potion"}],"is_trial":false,"path_per_floor":["M","M","M","M","?","R","E","R","T","M","$","?","M","M","R","B"],"character_chosen":"RobotSpaceExplorer","items_purchased":["RobotSpaceExplorer:StarDust","RobotSpaceExplorer:GlueShot"],"campfire_rested":1,"item_purchase_floors":[11,11],"current_hp_per_floor":[73,67,67,55,55,55,30,67,67,57,57,57,57,31,31,0,0],"gold":183,"neow_bonus":"RANDOM_COMMON_RELIC","is_daily":false,"chose_seed":false,"campfire_upgraded":2,"win_rate":0.0,"timestamp":1614456400,"path_taken":["M","M","M","M","?","R","E","R","T","M","$","?","M","M","R","BOSS"],"items_purchased_type":["Card","Card"],"build_version":"2020-12-22","purchased_purges":0,"victory":false,"max_hp_per_floor":[75,75,75,75,75,75,75,75,75,75,75,75,75,75,75,75,75],"card_choices":[{"not_picked":["RobotSpaceExplorer:StunGrenade","RobotSpaceExplorer:ImprovisedAttack"],"picked":"RobotSpaceExplorer:SurgingStrike","floor":1},{"not_picked":["RobotSpaceExplorer:StarLightning","RobotSpaceExplorer:StarDust"],"picked":"RobotSpaceExplorer:Discharger","floor":2},{"not_picked":["RobotSpaceExplorer:Probe","RobotSpaceExplorer:MiniDrones"],"picked":"RobotSpaceExplorer:Asteroid","floor":3},{"not_picked":["RobotSpaceExplorer:SlimeMissile","RobotSpaceExplorer:FranticSearch"],"picked":"RobotSpaceExplorer:ImprovisedAttack","floor":4},{"not_picked":["RobotSpaceExplorer:GearShield","RobotSpaceExplorer:FranticSearch"],"picked":"RobotSpaceExplorer:ScrapMissile","floor":7},{"not_picked":["RobotSpaceExplorer:DoubleFind","RobotSpaceExplorer:SlimeMissile"],"picked":"RobotSpaceExplorer:PowerGlove","floor":10},{"not_picked":["RobotSpaceExplorer:Probe","RobotSpaceExplorer:Reload"],"picked":"RobotSpaceExplorer:Explosion","floor":12},{"not_picked":["RobotSpaceExplorer:SwiftStep","RobotSpaceExplorer:ShovelStrike"],"picked":"RobotSpaceExplorer:FreezingShield","floor":12},{"not_picked":["RobotSpaceExplorer:SurgingShield","RobotSpaceExplorer:SlimeMissile"],"picked":"RobotSpaceExplorer:Discharger","floor":12},{"not_picked":["RobotSpaceExplorer:Counterblock","RobotSpaceExplorer:MiniDrones","RobotSpaceExplorer:Ammunition"],"picked":"SKIP","floor":13},{"not_picked":["RobotSpaceExplorer:StunGrenade","RobotSpaceExplorer:Pulsar"],"picked":"RobotSpaceExplorer:Exploration","floor":14}],"player_experience":349102,"relics_obtained":[{"floor":7,"key":"Replay:Mystery Machine"},{"floor":9,"key":"Oddly Smooth Stone"}],"event_choices":[{"damage_healed":0,"gold_gain":0,"player_choice":"Take Tiny Shrine away","damage_taken":0,"relics_obtained":["YidongShenshe:ReiMu"],"max_hp_gain":0,"max_hp_loss":0,"event_name":"yidonshenshe","floor":5,"gold_loss":0,"cards_obtained":["Poor:ReiMu"]}],"is_beta":false,"boss_relics":[],"items_purged_floors":[],"is_endless":false,"potions_floor_spawned":[2,4],"killed_by":"Slime Boss","ascension_level":0}}