{"host":"xgo7i0560n9mwvr8","time":1614390557,"event":{"mods":["BaseMod","Colored Map","Downfall","Minty Spire (QoL Compilation)","Permanent Neow","StSLib"],"gold_per_floor":[99,109,109,120,130,130,155,169,187,218,118,135,135,435,447,548,548,548,560,580,580,47,60,60,60,80,91,105,5,24,49,66,161,161,61,77,96,11,23,73,98,49,82,99,125,125,143,143,156,156,156,187,6,6,6,6,6,6],"floor_reached":56,"language":"ENG","playtime":6341,"items_purged":[],"score":963,"play_id":"31d5af9a-c3a9-4919-acf9-d96b0059390c","local_time":"20210226204917","is_ascension_mode":true,"campfire_choices":[{"data":"Guardian:CurlUp","floor":1,"key":"SMITH"},{"floor":6,"key":"RECALL"},{"floor":13,"key":"REST"},{"floor":29,"key":"REST"},{"floor":46,"key":"REST"},{"data":"Guardian:Orbwalk","floor":54,"key":"SMITH"}],"circlet_count":0,"master_deck":["Guardian:Strike_Guardian","Guardian:Strike_Guardian","Guardian:Strike_Guardian","Guardian:Strike_Guardian","Guardian:Defend_Guardian","Guardian:Defend_Guardian","Guardian:Defend_Guardian","Guardian:Defend_Guardian","Guardian:CurlUp+1","Guardian:TwinSlam","Guardian:ShieldCharger","Guardian:Recover","Guardian:PiercingHide","Guardian:RefractedBeam","Guardian:GemFire","downfall:Icky","Guardian:DecasProtection","Guardian:TimeSifter","Guardian:Gem_White","Guardian:Gem_Crimson","Guardian:Emergency","Guardian:PolyBeam","Guardian:Incinerate+1","expansioncontent:QuickStudy","Guardian:TemporalShield","Guardian:Gem_Blue","Pain","Guardian:BronzeArmor","Guardian:Gem_Fragmented","Guardian:PiercingHide+1","Guardian:Gem_Yellow","Guardian:Clone","Guardian:ConstructionForm","Guardian:Gem_White","Guardian:Gem_Synthetic","Guardian:TemporalStrike","Guardian:BodySlam+1","Guardian:TimeCapacitor","Guardian:PolyBeam+1","Guardian:ShieldCharger","Guardian:Planning+1","Guardian:Orbwalk+1","Guardian:PolyBeam","Guardian:ChargeUp","Guardian:RefractedBeam+1","Guardian:EvasiveProtocol+1","Guardian:Incinerate+1","Guardian:BodySlam+1","Guardian:BronzeArmor","Guardian:DecasProtection+1","Guardian:EvasiveProtocol+1","Guardian:Gem_Lightblue"],"relics":["Guardian:ModeShifter","WarpedTongs","Guardian:PickAxe","Lizard Tail","downfall:HeartBlessingRed","Empty Cage","Dead Branch","Centennial Puzzle","downfall:HeartBlessingBlue","Anchor","SlaversCollar","downfall:HeartBlessingGreen","TungstenRod","Smiling Mask","Strawberry","Molten Egg 2","Guardian:StasisCodex","Pantograph","DollysMirror"],"acts_visited":["Exordium","TheCity","TheBeyond","TheEnding"],"potions_floor_usage":[10,15,28,30,30,33,33,40,47,50,56,56],"damage_taken":[{"damage":1,"enemies":"Cultist","floor":2,"turns":4},{"damage":6,"enemies":"Small Slimes","floor":4,"turns":3},{"damage":5,"enemies":"2 Louse","floor":5,"turns":4},{"damage":11,"enemies":"Blue Slaver","floor":8,"turns":5},{"damage":18,"enemies":"Gremlin Gang","floor":9,"turns":6},{"damage":18,"enemies":"Gremlin Nob","floor":10,"turns":4},{"damage":12,"enemies":"3 Louse","floor":12,"turns":4},{"damage":0,"enemies":"Lots of Slimes","floor":15,"turns":3},{"damage":14,"enemies":"SI_SHIV_ARCHETYPE","floor":16,"turns":7},{"damage":7,"enemies":"Spheric Guardian","floor":19,"turns":5},{"damage":2,"enemies":"Shell Parasite","floor":20,"turns":3},{"damage":0,"enemies":"downfall:FleeingMerchant","floor":22,"turns":4},{"damage":8,"enemies":"3 Cultists","floor":23,"turns":4},{"damage":16,"enemies":"Snake Plant","floor":26,"turns":3},{"damage":3,"enemies":"Shelled Parasite and Fungi","floor":27,"turns":3},{"damage":14,"enemies":"Centurion and Healer","floor":28,"turns":2},{"damage":13,"enemies":"Snake Plant","floor":30,"turns":2},{"damage":36,"enemies":"Slavers","floor":31,"turns":8},{"damage":7,"enemies":"Chosen and Byrds","floor":32,"turns":3},{"damage":84,"enemies":"DF_ARCHETYPE_CLAW","floor":33,"turns":11},{"damage":0,"enemies":"Orb Walker","floor":36,"turns":2},{"damage":0,"enemies":"3 Darklings","floor":37,"turns":1},{"damage":6,"enemies":"downfall:FleeingMerchant","floor":38,"turns":4},{"damage":0,"enemies":"Sphere and 2 Shapes","floor":39,"turns":2},{"damage":0,"enemies":"2 Orb Walkers","floor":40,"turns":2},{"damage":0,"enemies":"downfall:FleeingMerchant","floor":42,"turns":2},{"damage":17,"enemies":"Nemesis","floor":43,"turns":5},{"damage":24,"enemies":"Jaw Worm Horde","floor":44,"turns":3},{"damage":0,"enemies":"Giant Head","floor":45,"turns":6},{"damage":7,"enemies":"Maw","floor":47,"turns":7},{"damage":0,"enemies":"Sphere and 2 Shapes","floor":49,"turns":2},{"damage":42,"enemies":"WA_ARCHETYPE_DIVINITY","floor":50,"turns":11},{"damage":3,"enemies":"downfall:CharBossMerchant","floor":52,"turns":6},{"damage":0,"enemies":"downfall:NeowBoss","floor":55,"turns":11},{"damage":134,"enemies":"downfall:NeowBossFinal","floor":56,"turns":15}],"seed_played":"-5640518363477111932","potions_obtained":[{"floor":8,"key":"hexamod:SoulburnPotion"},{"floor":12,"key":"Guardian:AcceleratePotion"},{"floor":15,"key":"SmokeBomb"},{"floor":19,"key":"FearPotion"},{"floor":26,"key":"SteroidPotion"},{"floor":27,"key":"Dexterity Potion"},{"floor":28,"key":"AttackPotion"},{"floor":31,"key":"hexamod:SoulburnPotion"},{"floor":37,"key":"Dexterity Potion"},{"floor":39,"key":"Strength Potion"},{"floor":44,"key":"Guardian:AcceleratePotion"},{"floor":49,"key":"PowerPotion"},{"floor":52,"key":"EssenceOfSteel"}],"is_trial":false,"path_per_floor":["R","M","?","M","M","R","T","M","M","E","R","M","R","?","M","B",null,"R","M","M","?","$","M","T","?","M","M","M","R","M","E","M","B",null,"R","M","M","$","M","?","T","$","E","M","E","R","M","?","M","B",null,"E","$","R","B","B"],"character_chosen":"GUARDIAN","items_purchased":["Dead Branch","expansioncontent:QuickStudy","Guardian:TemporalShield","Guardian:TimeCapacitor","Guardian:Orbwalk","Guardian:PolyBeam","Guardian:ChargeUp","Strawberry","DollysMirror","Guardian:Gem_Lightblue"],"campfire_rested":3,"item_purchase_floors":[22,22,22,38,42,42,42,42,53,53],"current_hp_per_floor":[88,87,87,81,76,76,76,65,47,29,29,17,43,43,43,29,88,88,81,79,79,79,71,71,71,55,52,38,77,64,28,21,10,98,98,98,98,92,92,92,92,99,82,58,58,89,82,115,115,73,115,112,112,112,115,0,0,0],"gold":6,"neow_bonus":"TEN_PERCENT_HP_BONUS","is_daily":false,"chose_seed":false,"campfire_upgraded":2,"win_rate":0.0,"timestamp":1614390557,"path_taken":["R","M","?","M","?","R","T","?","M","E","R","M","R","?","M","BOSS","R","M","M","?","$","M","T","?","M","M","M","R","M","E","M","BOSS","R","M","M","$","?","?","T","$","E","M","E","R","M","?","M","BOSS","E","$","R","BOSS","BOSS"],"items_purchased_type":["Relic","Card","Card","Card","Card","Card","Card","Relic","Relic","Card"],"build_version":"2020-12-22","purchased_purges":0,"victory":false,"max_hp_per_floor":[88,88,88,88,88,88,88,88,88,88,88,88,88,88,88,88,88,88,88,88,88,88,88,88,88,88,88,88,98,98,98,98,98,98,98,98,98,98,98,98,98,105,105,105,105,105,105,115,115,115,115,115,115,115,115,115,115,115],"card_choices":[{"not_picked":["Guardian:ChargeCore","Guardian:CrystalBeam"],"picked":"Guardian:ShieldCharger","floor":2},{"not_picked":["Guardian:TemporalStrike","Guardian:Gem_Red"],"picked":"Guardian:Recover","floor":4},{"not_picked":["Guardian:CrystalBeam","Guardian:Suspension"],"picked":"Guardian:AncientConstruct","floor":5},{"not_picked":["Guardian:Gem_Lightblue","Guardian:Incinerate"],"picked":"Guardian:Gem_Fragmented","floor":8},{"not_picked":["Guardian:ShieldCharger","Guardian:TemporalStrike"],"picked":"Guardian:PiercingHide","floor":9},{"not_picked":["Guardian:Gem_Cyan","Guardian:Gem_Blue"],"picked":"Guardian:RefractedBeam","floor":10},{"not_picked":["Guardian:Reroute","Guardian:TemporalShield"],"picked":"Guardian:GemFire","floor":12},{"not_picked":["Guardian:Recover","Guardian:PrimingBeam"],"picked":"Guardian:DecasProtection","floor":15},{"not_picked":["Guardian:FastForward","Guardian:ExploitGems"],"picked":"Guardian:TimeSifter","floor":16},{"not_picked":["Guardian:PrismaticBarrier","Guardian:PrimingBeam"],"picked":"Guardian:Emergency","floor":19},{"not_picked":["Guardian:Harden","Guardian:Reroute"],"picked":"Guardian:PolyBeam","floor":20},{"not_picked":["Guardian:Emergency","Guardian:PolyBeam"],"picked":"Guardian:Incinerate+1","floor":22},{"not_picked":["Guardian:Incinerate","Guardian:PrimingBeam+1"],"picked":"Guardian:Gem_Blue","floor":23},{"not_picked":["Guardian:Planning","Guardian:WalkerClaw"],"picked":"Guardian:BronzeArmor","floor":26},{"not_picked":["Guardian:Incinerate","Guardian:Recover"],"picked":"Guardian:Gem_Fragmented","floor":27},{"not_picked":["Guardian:Reroute","Guardian:ChargeCore","Guardian:WalkerClaw"],"picked":"SKIP","floor":28},{"not_picked":["Guardian:Gem_Purple","Guardian:Recover"],"picked":"Guardian:PiercingHide+1","floor":30},{"not_picked":["Guardian:FastForward","Guardian:Gem_Purple"],"picked":"Guardian:Gem_Yellow","floor":31},{"not_picked":["Guardian:Suspension","Guardian:PrismaticBarrier+1"],"picked":"Guardian:Clone","floor":32},{"not_picked":["Guardian:GemFire","Guardian:BaubleBeam"],"picked":"Guardian:ConstructionForm","floor":33},{"not_picked":["Guardian:WalkerClaw+1","Guardian:Recover+1"],"picked":"Guardian:TemporalStrike","floor":36},{"not_picked":["Guardian:PrimingBeam+1","Guardian:PrismaticBarrier+1","Guardian:BronzeOrb"],"picked":"SKIP","floor":37},{"not_picked":["Guardian:MultiBeam","Guardian:EvasiveProtocol"],"picked":"Guardian:BodySlam+1","floor":38},{"not_picked":["Guardian:Incinerate","Guardian:MultiBeam+1"],"picked":"Guardian:PolyBeam+1","floor":39},{"not_picked":["Guardian:Gem_Green","Guardian:Clone"],"picked":"Guardian:ShieldCharger","floor":40},{"not_picked":["Guardian:Recover","Guardian:CrystalBeam"],"picked":"Guardian:Planning+1","floor":42},{"not_picked":["Guardian:Planning+1","Guardian:Gem_Green"],"picked":"Guardian:RefractedBeam+1","floor":43},{"not_picked":["Guardian:TimeCapacitor","Guardian:Gem_Green"],"picked":"Guardian:EvasiveProtocol+1","floor":44},{"not_picked":["Guardian:Gem_Lightblue","Guardian:PrimingBeam+1"],"picked":"Guardian:Incinerate+1","floor":45},{"not_picked":["Guardian:PrimingBeam+1","Guardian:GatlingBeam+1"],"picked":"Guardian:BodySlam+1","floor":47},{"not_picked":["Guardian:ChargeCore+1","Guardian:Incinerate+1"],"picked":"Guardian:BronzeArmor","floor":49},{"not_picked":["Guardian:ArmoredProtocol","Guardian:VentSteam"],"picked":"Guardian:DecasProtection+1","floor":52}],"player_experience":1090583,"relics_obtained":[{"floor":7,"key":"Guardian:PickAxe"},{"floor":10,"key":"Lizard Tail"},{"floor":31,"key":"Anchor"},{"floor":40,"key":"TungstenRod"},{"floor":41,"key":"Smiling Mask"},{"floor":43,"key":"Molten Egg 2"},{"floor":45,"key":"Guardian:StasisCodex"},{"floor":52,"key":"Pantograph"}],"event_choices":[{"damage_healed":0,"gold_gain":0,"player_choice":"Fight","damage_taken":0,"max_hp_gain":0,"max_hp_loss":0,"event_name":"Mysterious Sphere","floor":40,"gold_loss":0},{"cards_removed":["Guardian:AncientConstruct"],"damage_healed":23,"gold_gain":0,"player_choice":"Offered Rare","damage_taken":0,"max_hp_gain":10,"max_hp_loss":0,"event_name":"Bonfire Elementals","floor":48,"gold_loss":0}],"is_beta":false,"boss_relics":[{"not_picked":["Pandora\u0027s Box","bronze:MakeshiftBattery"],"picked":"Empty Cage"},{"not_picked":["SacredBark","Sozu"],"picked":"SlaversCollar"}],"items_purged_floors":[],"is_endless":false,"potions_floor_spawned":[8,12,15,19,26,27,28,31,37,39,44,49,52],"killed_by":"downfall:NeowBossFinal","ascension_level":2}}