{"host":"pke0xxyzw0teju56","time":1614448826,"event":{"mods":["BaseMod","Bestiary","Colored Powertips","Highlight Path","Minty Spire (QoL Compilation)","StSLib"],"gold_per_floor":[368,385,403,21,33,65,65,76,153,178,192,192,9,20,20,97,97,113,13,13,13,13,13,41,41,41],"floor_reached":25,"language":"ENG","playtime":793,"items_purged":["Strike_R","Strike_R"],"score":462,"play_id":"d721da0c-912d-4d11-b0b0-85d587ac5b48","local_time":"20210227130026","is_ascension_mode":true,"campfire_choices":[{"data":"Cleave","floor":7.0,"key":"SMITH"},{"data":"Rampage","floor":12,"key":"SMITH"},{"data":"Twin Strike","floor":15,"key":"SMITH"},{"floor":23,"key":"REST"}],"circlet_count":0,"master_deck":["AscendersBane","Strike_R","Strike_R","Strike_R","Defend_R","Defend_R","Defend_R","Defend_R","Bash","Anger","Rampage+1","Cleave+1","Shockwave","Corruption","Twin Strike+1","Limit Break","Burning Pact+1","Ghostly Armor"],"relics":["Burning Blood","Sling","Vajra","Mercury Hourglass","Letter Opener","Pocketwatch","Velvet Choker","Enchiridion","Nunchaku"],"acts_visited":["Exordium","TheCity"],"potions_floor_usage":[14,16,24],"damage_taken":[{"damage":18.0,"enemies":"Cultist","floor":1.0,"turns":5.0},{"damage":1.0,"enemies":"2 Louse","floor":2.0,"turns":2.0},{"damage":7.0,"enemies":"Jaw Worm","floor":3.0,"turns":2.0},{"damage":5.0,"enemies":"Red Slaver","floor":5.0,"turns":3.0},{"damage":15.0,"enemies":"3 Sentries","floor":6.0,"turns":6.0},{"damage":10.0,"enemies":"Blue Slaver","floor":8.0,"turns":4.0},{"damage":22.0,"enemies":"Gremlin Nob","floor":10.0,"turns":4.0},{"damage":13,"enemies":"Large Slime","floor":11,"turns":4},{"damage":0,"enemies":"2 Fungi Beasts","floor":14,"turns":2},{"damage":26,"enemies":"The Guardian","floor":16,"turns":10},{"damage":17,"enemies":"2 Thieves","floor":18,"turns":3},{"damage":39,"enemies":"Slavers","floor":24,"turns":4},{"damage":1,"enemies":"Spheric Guardian","floor":25,"turns":3}],"seed_played":"-3738939918206068503","potions_obtained":[{"floor":1.0,"key":"SkillPotion"},{"floor":5.0,"key":"Explosive Potion"},{"floor":6.0,"key":"Ancient Potion"},{"floor":8.0,"key":"SkillPotion"},{"floor":16,"key":"PowerPotion"},{"floor":18,"key":"FearPotion"}],"is_trial":false,"path_per_floor":["M","M","M","$","M","E","R","M","T","E","M","R","$","M","R","B",null,"M","$","$","?","?","R","E","M"],"character_chosen":"IRONCLAD","items_purchased":["Sling","Vajra","ColorlessPotion","HeartOfIron"],"campfire_rested":1,"item_purchase_floors":[4,4,4,13],"current_hp_per_floor":[56,61,60,60,61,52,52,48,48,32,25,25,25,31,31,11,54,43,43,43,22,22,42,9,8,8],"gold":41,"neow_bonus":"TWO_FIFTY_GOLD","is_daily":false,"chose_seed":false,"campfire_upgraded":3,"win_rate":0.0,"timestamp":1614448826,"path_taken":["M","M","M","$","M","E","R","M","T","E","M","R","$","M","R","BOSS","M","?","$","?","?","R","E","M"],"items_purchased_type":["Relic","Relic","Potion","Potion"],"build_version":"2020-12-22","purchased_purges":2,"victory":false,"max_hp_per_floor":[68,68,68,68,68,68,68,68,68,68,68,68,68,68,68,68,68,68,68,68,68,68,68,68,68,68],"card_choices":[{"not_picked":["Sentinel","Warcry"],"picked":"Anger","floor":1.0},{"not_picked":["Headbutt","Evolve"],"picked":"Rampage","floor":2.0},{"not_picked":["Dark Embrace","Sentinel"],"picked":"Cleave","floor":3.0},{"not_picked":["Clash","Metallicize"],"picked":"Shockwave","floor":5.0},{"not_picked":["Dual Wield","Headbutt","Pommel Strike"],"picked":"SKIP","floor":6.0},{"not_picked":["Searing Blow","Wild Strike"],"picked":"Corruption","floor":8.0},{"not_picked":["Body Slam","Warcry"],"picked":"Twin Strike","floor":10.0},{"not_picked":["Anger","Rampage","Headbutt"],"picked":"SKIP","floor":11},{"not_picked":["Heavy Blade","Wild Strike","Cleave"],"picked":"SKIP","floor":14},{"not_picked":["Fiend Fire","Bludgeon"],"picked":"Limit Break","floor":16},{"not_picked":["Seeing Red","Pommel Strike"],"picked":"Burning Pact+1","floor":18},{"not_picked":["Wild Strike","Havoc"],"picked":"Ghostly Armor","floor":24}],"player_experience":5390839,"relics_obtained":[{"floor":6.0,"key":"Mercury Hourglass"},{"floor":9.0,"key":"Letter Opener"},{"floor":10.0,"key":"Pocketwatch"},{"floor":21,"key":"Enchiridion"},{"floor":24,"key":"Nunchaku"}],"event_choices":[{"damage_healed":0,"gold_gain":0,"player_choice":"Obtained Book","damage_taken":21,"max_hp_gain":0,"max_hp_loss":0,"event_name":"Cursed Tome","floor":21,"gold_loss":0},{"damage_healed":0,"gold_gain":0,"player_choice":"Ignored","damage_taken":0,"max_hp_gain":0,"max_hp_loss":0,"event_name":"The Mausoleum","floor":22,"gold_loss":0}],"is_beta":false,"boss_relics":[{"not_picked":["Black Star","Runic Dome"],"picked":"Velvet Choker"}],"items_purged_floors":[13,19],"is_endless":false,"potions_floor_spawned":[1,5,6,8,16,18],"killed_by":"Spheric Guardian","ascension_level":20}}