{"host":"mqhvlr3kpxebko0t","time":1614449993,"event":{"mods":["AchievementEnabler","BaseMod","Colored Map","Colored Powertips","KOR Keyword Fix","Keyboard Shortcuts","Minty Spire (QoL Compilation)","StSLib","SuperFastMode"],"gold_per_floor":[16,35,52,52,52,52,84,84,136,61,77,110,121,152,152,152,152],"floor_reached":16,"language":"KOR","playtime":325,"items_purged":[],"score":240,"play_id":"e95e6dc2-52a5-41d8-9c3f-b7927481749e","local_time":"20210228031953","is_ascension_mode":true,"campfire_choices":[{"data":"Wild Strike","floor":6,"key":"SMITH"},{"data":"Bash","floor":8,"key":"SMITH"},{"floor":15,"key":"REST"}],"circlet_count":0,"master_deck":["AscendersBane","Strike_R","Defend_R","Defend_R","Defend_R","Defend_R","Bash+1","Wild Strike+1","Iron Wave","Shrug It Off","Offering","Dropkick"],"relics":["Burning Blood","Red Skull","Oddly Smooth Stone","Orichalcum","Blood Vial"],"acts_visited":["Exordium"],"potions_floor_usage":[7,12,16],"damage_taken":[{"damage":23,"enemies":"Jaw Worm","floor":1,"turns":7},{"damage":1,"enemies":"2 Louse","floor":2,"turns":4},{"damage":6,"enemies":"Cultist","floor":3,"turns":3},{"damage":25,"enemies":"3 Sentries","floor":7,"turns":8},{"damage":6,"enemies":"3 Louse","floor":11,"turns":4},{"damage":19,"enemies":"Lagavulin","floor":12,"turns":5},{"damage":8,"enemies":"Large Slime","floor":13,"turns":5},{"damage":14,"enemies":"3 Sentries","floor":14,"turns":9},{"damage":43,"enemies":"The Guardian","floor":16,"turns":16}],"seed_played":"8037775765517526218","potions_obtained":[{"floor":3,"key":"Explosive Potion"},{"floor":7,"key":"SkillPotion"},{"floor":14,"key":"DuplicationPotion"}],"is_trial":false,"path_per_floor":["M","M","M","?","$","R","E","R","T","?","M","E","M","E","R","B"],"character_chosen":"IRONCLAD","items_purchased":[],"campfire_rested":1,"item_purchase_floors":[],"current_hp_per_floor":[51,56,56,56,56,56,37,37,37,37,37,24,22,14,36,0,0],"gold":152,"neow_bonus":"REMOVE_TWO","is_daily":false,"chose_seed":false,"campfire_upgraded":2,"win_rate":0.0,"timestamp":1614449993,"path_taken":["M","M","M","?","$","R","E","R","T","?","M","E","M","E","R","BOSS"],"items_purchased_type":[],"build_version":"2020-12-22","purchased_purges":0,"victory":false,"max_hp_per_floor":[75,75,75,75,75,75,75,75,75,75,75,75,75,75,75,75,75],"card_choices":[{"not_picked":["Perfected Strike","Cleave","Clash"],"picked":"SKIP","floor":1},{"not_picked":["Cleave","Rage","Warcry"],"picked":"SKIP","floor":2},{"not_picked":["Warcry","Thunderclap"],"picked":"Wild Strike","floor":3},{"not_picked":["Demon Form","Armaments","Inflame"],"picked":"SKIP","floor":7},{"not_picked":["Pummel","Wild Strike"],"picked":"Shrug It Off","floor":11},{"not_picked":["Intimidate","Clothesline"],"picked":"Offering","floor":12},{"not_picked":["Cleave","Sever Soul","Armaments"],"picked":"SKIP","floor":13},{"not_picked":["Searing Blow","Anger"],"picked":"Dropkick","floor":14}],"player_experience":725877,"relics_obtained":[{"floor":7,"key":"Red Skull"},{"floor":9,"key":"Oddly Smooth Stone"},{"floor":12,"key":"Orichalcum"},{"floor":14,"key":"Blood Vial"}],"event_choices":[{"damage_healed":0,"gold_gain":0,"cards_transformed":["Strike_R"],"player_choice":"Change","damage_taken":0,"max_hp_gain":0,"max_hp_loss":0,"event_name":"Living Wall","floor":4,"gold_loss":0,"cards_obtained":["Iron Wave"]},{"cards_removed":["Strike_R"],"damage_healed":0,"gold_gain":0,"player_choice":"Card Removal","damage_taken":0,"max_hp_gain":0,"max_hp_loss":0,"event_name":"The Cleric","floor":10,"gold_loss":75}],"is_beta":false,"boss_relics":[],"items_purged_floors":[],"is_endless":false,"potions_floor_spawned":[3,7,14],"killed_by":"The Guardian","ascension_level":20}}