{"host":"4ftwfwncs88tvnc0","time":1614406732,"event":{"mods":["AchievementEnabler","Aspiration","BaseMod","Beaked The Cultist","Bestiary","Better Altar","Better Match","Better Note","Better Sensory Stone","Better Skull","Better Third Choice","Colored Map","Conspire","Downfall","GifTheSpireLib","Halation","Hubris","Infinite Spire","Mad Scientist","Mimic Mod","Minty Spire (QoL Compilation)","Replay The Spire","Shade Mod","Shop Mod","Spicy Shops","StSLib","Stuff the Spire","The Construct","The Cursed","The Disciple","The Necromancer","The Servant 0.9.4"],"gold_per_floor":[109,124,124,135,153,185,22,22,49,63,93,112,122,122,122],"floor_reached":14,"language":"ENG","playtime":492,"items_purged":[],"score":104,"play_id":"2085668b-40de-4520-a818-dd873ae519e5","local_time":"20210227061852","is_ascension_mode":false,"campfire_choices":[{"data":"Summon_Vampire_Lady","floor":8,"key":"SMITH"}],"circlet_count":0,"master_deck":["Strike_W","Strike_W","Strike_W","Strike_W","Defend_W","Defend_W","Defend_W","Negative_Energy_Arrows","Bone_Wall","Stop_Heart","Summon_Vampire_Lady+1","Decay","Summon_Lich","Summon_Lich","Hellfire"],"relics":["Vampire_Amulet","Gremlin Food","Calipers","Juzu Bracelet","infinitespire:Joker Card"],"acts_visited":["Exordium"],"potions_floor_usage":[6,14,14],"damage_taken":[{"damage":0,"enemies":"Small Slimes","floor":1,"turns":3},{"damage":0,"enemies":"Cultist","floor":2,"turns":4},{"damage":0,"enemies":"Jaw Worm","floor":4,"turns":4},{"damage":9,"enemies":"Exordium Wildlife","floor":5,"turns":4},{"damage":27,"enemies":"Lagavulin","floor":6,"turns":5},{"damage":13,"enemies":"Looter","floor":10,"turns":3},{"damage":26,"enemies":"3 Sentries","floor":11,"turns":5},{"damage":10,"enemies":"2 Fungi Beasts","floor":12,"turns":3},{"damage":22,"enemies":"Large Slime","floor":13,"turns":4},{"damage":43,"enemies":"Gremlin Nob","floor":14,"turns":4}],"seed_played":"45143495055976220","potions_obtained":[{"floor":2,"key":"ColorlessPotion"},{"floor":4,"key":"Strength Potion"},{"floor":13,"key":"ColorlessPotion"}],"is_trial":false,"path_per_floor":["M","M","?","M","M","E","$","R","T","M","E","M","M","E"],"character_chosen":"NECROMANCER","items_purchased":["Calipers","Summon_Lich"],"campfire_rested":0,"item_purchase_floors":[7,7],"current_hp_per_floor":[82,82,82,82,77,61,61,61,61,56,48,48,42,0,0],"gold":122,"neow_bonus":"TEN_PERCENT_HP_BONUS","is_daily":false,"chose_seed":false,"campfire_upgraded":1,"win_rate":0.0,"timestamp":1614406732,"path_taken":["M","M","?","?","M","E","$","R","T","M","E","M","M","E"],"items_purchased_type":["Relic","Card"],"build_version":"2020-12-22","purchased_purges":0,"victory":false,"max_hp_per_floor":[82,82,82,82,82,82,82,82,82,82,82,82,82,82,82],"card_choices":[{"not_picked":["Blood_Curse","Plague_Bolt"],"picked":"Stop_Heart","floor":1},{"not_picked":["Negative_Energy_Mist","Scare","Bones_to_Steel"],"picked":"SKIP","floor":2},{"not_picked":["Life_Tap","Vampiric_Strike","Strike_from_Beyond"],"picked":"SKIP","floor":4},{"not_picked":["Toxic_Smoke_Screen","Blood_Whip"],"picked":"Summon_Vampire_Lady","floor":5},{"not_picked":["Death_Coil","Scare","Exploit"],"picked":"SKIP","floor":6},{"not_picked":["Necromantic_Selection","Bones_to_Steel"],"picked":"Summon_Lich","floor":10},{"not_picked":["Bone_Spikes","Slay_Living"],"picked":"Hellfire","floor":11},{"not_picked":["Negative_Energy_Javelin","Vampiric_Strike","Finger_Of_Death"],"picked":"SKIP","floor":12},{"not_picked":["Chill_Blood","Corrupt","Bone_Shift"],"picked":"SKIP","floor":13}],"player_experience":134899,"relics_obtained":[{"floor":6,"key":"Gremlin Food"},{"floor":9,"key":"Juzu Bracelet"},{"floor":11,"key":"infinitespire:Joker Card"}],"event_choices":[{"cards_removed":["Defend_W"],"damage_healed":0,"gold_gain":0,"player_choice":"Offered Basic","damage_taken":0,"max_hp_gain":0,"max_hp_loss":0,"event_name":"Bonfire Elementals","floor":3,"gold_loss":0}],"is_beta":false,"boss_relics":[],"items_purged_floors":[],"is_endless":false,"potions_floor_spawned":[2,4,13],"killed_by":"Gremlin Nob","ascension_level":0}}