{"host":"liu","time":1614413706,"event":{"mods":["100% Spire Juice","ATMod(∞¢Ë™Mod)","Act Like it!","Arknights","BaseMod","KinomotoSakuraMod(ƒæ÷Æ±æ”£)","Lobotomy","Marisa£®ÏF”Í°°ƒß¿Ì…≥£©","Minty Spire (QoL Compilation)","Reimu£®≤©¿ˆ¡È√Œ£©","Remilia£®¿Ÿ√◊¿Ú—«£©","StSLib","TestMod","The Construct","The Senshi","Youmu£®ªÍ∆«—˝√Œ£©","°æ“≈ŒÔø®≈∆°øREMEMod"],"gold_per_floor":[109,17,34,45,45,73,73,200,200,94,124,224,224],"floor_reached":12,"language":"ZHS","playtime":555,"items_purged":["Strike_G"],"score":172,"play_id":"07edd284-627a-4ef2-b7f0-c07601c8cc41","local_time":"20210227161506","is_ascension_mode":true,"campfire_choices":[],"circlet_count":0,"master_deck":["AscendersBane","Strike_G","Strike_G","Strike_G","Strike_G","Defend_G","Defend_G","Defend_G","Defend_G","Defend_G","Survivor","Neutralize","Armaments","AT_DiedThrough","Glass Knife","Footwork","Flash of Steel","AT_WindFlip","Blade Dance","Blade Dance"],"relics":["Ring of the Snake","AT_ATBox","testmod-TestBox","REME_ComplimentaryCards","testmod-BatchProcessingSystem","AT_TheCollector","The Courier","AT_Kusabimaru","testmod-DragonStarHat"],"acts_visited":["Exordium"],"potions_floor_usage":[12],"damage_taken":[{"damage":0.0,"enemies":"2 Louse","floor":1.0,"turns":3.0},{"damage":0.0,"enemies":"Small Slimes","floor":3.0,"turns":2.0},{"damage":0.0,"enemies":"ats:Genji","floor":4.0,"turns":3.0},{"damage":23.0,"enemies":"3 Sentries","floor":6.0,"turns":9.0},{"damage":10.0,"enemies":"Lagavulin","floor":8.0,"turns":5.0},{"damage":0,"enemies":"3 Sentries","floor":12,"turns":4}],"seed_played":"333734209932708399","potions_obtained":[{"floor":4.0,"key":"FearPotion"},{"floor":6.0,"key":"Dexterity Potion"},{"floor":8.0,"key":"Poison Potion"}],"is_trial":false,"path_per_floor":["M","$","M","M","?","E","?","E","T","$","?","E"],"character_chosen":"THE_SILENT","items_purchased":["Flash of Steel","Blade Dance"],"campfire_rested":0,"item_purchase_floors":[2,10],"current_hp_per_floor":[59,59,59,59,59,36,18,8,8,8,8,8,8],"gold":224,"neow_bonus":"ONE_RANDOM_RARE_CARD","is_daily":false,"chose_seed":false,"campfire_upgraded":0,"win_rate":0.0,"timestamp":1614413706,"path_taken":["M","$","M","M","?","E","?","E","T","?","?","E"],"items_purchased_type":["Card","Card"],"build_version":"2020-12-18","purchased_purges":1,"victory":false,"max_hp_per_floor":[66,66,66,66,66,66,66,66,66,66,66,66,66],"card_choices":[{"not_picked":["Bouncing Flask","Leg Sweep"],"picked":"Footwork","floor":1.0},{"not_picked":["Deflect","Dagger Spray"],"picked":"AT_WindFlip","floor":3.0},{"not_picked":["AT_WindFlip","Masterful Stab","Slice"],"picked":"SKIP","floor":4.0},{"not_picked":["Tactician","Escape Plan"],"picked":"Blade Dance","floor":6.0},{"not_picked":["Escape Plan","REME_GreenPollution","Bane"],"picked":"SKIP","floor":8.0}],"player_experience":425121,"relics_obtained":[{"floor":6.0,"key":"AT_TheCollector"},{"floor":8.0,"key":"AT_Kusabimaru"},{"floor":9.0,"key":"testmod-DragonStarHat"}],"event_choices":[{"damage_healed":0.0,"max_hp_gain":0.0,"max_hp_loss":0.0,"gold_gain":0.0,"event_name":"The Cleric","player_choice":"Leave","floor":5.0,"gold_loss":0.0,"damage_taken":0.0},{"damage_healed":0.0,"max_hp_gain":0.0,"max_hp_loss":0.0,"gold_gain":0.0,"event_name":"Scrap Ooze","player_choice":"Success","floor":7.0,"gold_loss":0.0,"damage_taken":18.0,"relics_obtained":["The Courier"]},{"damage_healed":0.0,"max_hp_gain":0.0,"max_hp_loss":0.0,"gold_gain":30.0,"event_name":"Dead Adventurer","player_choice":"Searched \u00271\u0027 times","floor":11.0,"gold_loss":0.0,"damage_taken":0.0}],"is_beta":true,"boss_relics":[],"items_purged_floors":[10],"is_endless":false,"potions_floor_spawned":[4,6,8],"killed_by":"3 Sentries","ascension_level":20}}