{"host":"l3xrug4zqg5ym5g5","time":1614402475,"event":{"mods":["AchievementEnabler","BaseMod","Colored Map","Highlight Path","Minty Spire (QoL Compilation)","Quick Restart","Rare Cards Sparkle","Relic Sorter","Relic Stats","StSLib","SuperFastMode"],"gold_per_floor":[109,109,123,135,135,135,135,135],"floor_reached":7,"language":"ENG","playtime":197,"items_purged":[],"score":41,"play_id":"8e371fc0-040a-43a2-9af8-2d1c15ba118d","local_time":"20210227000755","is_ascension_mode":false,"campfire_choices":[{"data":"Study","floor":6,"key":"SMITH"}],"circlet_count":0,"master_deck":["Strike_P","Strike_P","Strike_P","Strike_P","Defend_P","Defend_P","Defend_P","Defend_P","Eruption","Vigilance","Prostrate+1","Study+1"],"relics":["PureWater","NeowsBlessing","Nunchaku"],"acts_visited":["Exordium"],"potions_floor_usage":[7],"damage_taken":[{"damage":0,"enemies":"Cultist","floor":1,"turns":1},{"damage":0,"enemies":"Jaw Worm","floor":3,"turns":1},{"damage":0,"enemies":"2 Louse","floor":4,"turns":1},{"damage":72,"enemies":"Gremlin Nob","floor":7,"turns":6}],"seed_played":"3543085422145286774","potions_obtained":[{"floor":3,"key":"AttackPotion"}],"is_trial":false,"path_per_floor":["M","?","M","M","?","R","E"],"character_chosen":"WATCHER","items_purchased":[],"campfire_rested":0,"item_purchase_floors":[],"current_hp_per_floor":[72,72,72,72,60,60,0,0],"gold":135,"neow_bonus":"THREE_ENEMY_KILL","is_daily":false,"chose_seed":false,"campfire_upgraded":1,"win_rate":0.0,"timestamp":1614402475,"path_taken":["M","?","?","M","?","R","E"],"items_purchased_type":[],"build_version":"2020-12-22","purchased_purges":0,"victory":false,"max_hp_per_floor":[72,72,72,72,72,72,72,72],"relic_stats":{"Nunchaku":[0],"counters":[4,9],"obtain_stats":[{"Nunchaku":5,"NeowsBlessing":0,"PureWater":0},{"Nunchaku":3,"NeowsBlessing":0,"PureWater":0},{"Nunchaku":3,"NeowsBlessing":0,"PureWater":0}]},"card_choices":[{"not_picked":["CrushJoints","LikeWater"],"picked":"Prostrate","floor":1},{"not_picked":["TalkToTheHand","Pray"],"picked":"Study","floor":3},{"not_picked":["SignatureMove","LikeWater","Halt"],"picked":"SKIP","floor":4}],"player_experience":112174,"relics_obtained":[],"event_choices":[{"damage_healed":0,"gold_gain":0,"player_choice":"Upgraded","damage_taken":0,"max_hp_gain":0,"max_hp_loss":0,"event_name":"Upgrade Shrine","floor":2,"gold_loss":0,"cards_upgraded":["Prostrate"]},{"damage_healed":0,"gold_gain":0,"player_choice":"Success","damage_taken":12,"relics_obtained":["Nunchaku"],"max_hp_gain":0,"max_hp_loss":0,"event_name":"Scrap Ooze","floor":5,"gold_loss":0}],"is_beta":false,"boss_relics":[],"items_purged_floors":[],"is_endless":false,"potions_floor_spawned":[3],"killed_by":"Gremlin Nob","ascension_level":0}}