{"host":"b5mzvg96njlg7ry9","time":1614414713,"event":{"mods":["Act Like it!","AlwaysNeverKeys","BaseMod","Colored Map","Colored Powertips","Downfall","Highlight Path","Library of Ruina","Minty Spire (QoL Compilation)","Quick Restart","Relic Sorter","Ruina","Shop Mod","StSLib","SuperFastMode","everything is the same but u backflip on backflip"],"gold_per_floor":[116,116,76,110,126,126,145,176,231,265,279,279,302,318,318,443,443,456,456,128,128,151,189,207,246,246,246,290,310,3,16,16,137,137,150,174,192,216,357,357,357,420,420,435,475,315,315,331,331,331,331,331,122,166,166],"floor_reached":56,"language":"ENG","playtime":3303,"items_purged":["DegradedFairy","Writhe","Eradication","Apotheosis+1","DegradedPillar+1","DegradedChain+1","DegradedFairy"],"score":1853,"play_id":"0288732b-15c3-4e30-9492-6b7f63811eb3","local_time":"20210227093153","is_ascension_mode":true,"campfire_choices":[{"data":"Apotheosis","floor":6,"key":"SMITH"},{"data":"DegradedPillar","floor":15,"key":"SMITH"},{"data":"RulesOfTheBackstreets","floor":32,"key":"SMITH"},{"data":"CleanUp","floor":40,"key":"SMITH"},{"data":"Enlightenment","floor":49,"key":"SMITH"},{"data":"Bandage Up","floor":52,"key":"SMITH"}],"circlet_count":0,"master_deck":["DegradedFairy","DegradedChain+1","DegradedLock+1","DegradedShockwave+1","ruina:FadedMemories+1","ruina:FadedMemories+1","RulesOfTheBackstreets+1","RulesOfTheBackstreets","ruina:FadedMemories+1","TheWillOfTheCity+1","CleanUp+1","Bandage Up+1","Enlightenment+1","Sadistic Nature"],"relics":["PageOfLibrarian","Golden Idol","PageOfPunishingBird","PageOfOzma","Sling","sneckomod:BlankCard","Shuriken","SlaversCollar","ruina:Goodbye","MerchantsRug","Lee\u0027s Waffle","Pear","Torii","PageOfTheQueenOfHatred","PageOfAlriune","DollysMirror","sneckomod:SneckoTalon","Singing Bowl","Thread and Needle","PageOfTheKnightOfDespair","PageOfGreed","PageOfWrath","PageOfAspirationHeart","bronze:DonusWashers","PageOfNihil","Vajra","TheAbacus","PageOfForsakenMurderer"],"acts_visited":["Exordium","Exordium","TheBeyond","TheEnding"],"potions_floor_usage":[33,55],"damage_taken":[{"damage":0,"enemies":"Jaw Worm","floor":1,"turns":1},{"damage":0,"enemies":"Small Slimes","floor":5,"turns":1},{"damage":0,"enemies":"Cultist","floor":7,"turns":1},{"damage":0,"enemies":"3 Sentries","floor":8,"turns":1},{"damage":0,"enemies":"Lagavulin","floor":10,"turns":2},{"damage":0,"enemies":"Large Slime","floor":11,"turns":1},{"damage":0,"enemies":"Looter","floor":13,"turns":1},{"damage":0,"enemies":"Exordium Wildlife","floor":14,"turns":2},{"damage":0,"enemies":"Slime Boss","floor":16,"turns":4},{"damage":0,"enemies":"ruina:Nosferatu","floor":18,"turns":2},{"damage":0,"enemies":"ruina:3_Bats","floor":22,"turns":1},{"damage":0,"enemies":"ruina:ServantOfWrath","floor":23,"turns":2},{"damage":0,"enemies":"ruina:KnightOfDespair","floor":24,"turns":3},{"damage":0,"enemies":"ruina:Mountain","floor":25,"turns":3},{"damage":0,"enemies":"ruina:KingOfGreed","floor":29,"turns":1},{"damage":0,"enemies":"ruina:QueenOfHate","floor":31,"turns":1},{"damage":0,"enemies":"ruina:JesterOfNihil","floor":33,"turns":5},{"damage":8,"enemies":"3 Shapes","floor":35,"turns":1},{"damage":0,"enemies":"Orb Walker","floor":36,"turns":1},{"damage":0,"enemies":"Writhing Mass","floor":37,"turns":2},{"damage":0,"enemies":"Spire Growth","floor":38,"turns":2},{"damage":0,"enemies":"Mind Bloom Boss Battle","floor":42,"turns":2},{"damage":16,"enemies":"4 Shapes","floor":44,"turns":1},{"damage":0,"enemies":"Reptomancer","floor":45,"turns":1},{"damage":0,"enemies":"Nemesis","floor":48,"turns":2},{"damage":0,"enemies":"Donu and Deca","floor":50,"turns":2},{"damage":0,"enemies":"Shield and Spear","floor":54,"turns":1},{"damage":15,"enemies":"The Heart","floor":55,"turns":3}],"seed_played":"-4956689849486971788","potions_obtained":[{"floor":1,"key":"hexamod:SoulburnPotion"},{"floor":3,"key":"PowerPotion"},{"floor":3,"key":"EntropicBrew"},{"floor":5,"key":"DuplicationPotion"},{"floor":33,"key":"Fruit Juice"},{"floor":45,"key":"DuplicationPotion"}],"is_trial":false,"path_per_floor":["M","?","?","$","M","R","M","E","T","E","M","?","M","M","R","B",null,"M","?","$","?","M","E","M","E","T","?","$","M","$","M","R","B",null,"M","M","M","M","$","R","?","?","T","M","E","$","?","E","R","B",null,"R","$","E","B",null],"character_chosen":"Librarian","items_purchased":["PageOfPunishingBird","PageOfOzma","Apotheosis","Sling","ruina:FadedMemories","Strawberry","MerchantsRug","Lee\u0027s Waffle","Eradication","PageOfAlriune","RulesOfTheBackstreets","DollysMirror","Singing Bowl","Thread and Needle","CleanUp","PageOfAspirationHeart","bronze:DonusWashers","Vajra","TheAbacus","Sadistic Nature"],"campfire_rested":0,"item_purchase_floors":[4,4,4,4,20,20,20,20,20,28,28,30,39,39,39,46,46,53,53,53],"current_hp_per_floor":[60,38,38,38,38,38,38,38,38,38,38,20,20,20,20,20,90,90,90,104,73,73,83,83,83,83,83,83,83,83,83,83,88,119,111,111,111,111,111,111,103,109,109,95,97,116,116,126,126,130,148,148,148,150,141],"gold":166,"neow_bonus":"UPGRADE_CARD","is_daily":false,"chose_seed":false,"campfire_upgraded":6,"win_rate":0.0,"timestamp":1614414713,"path_taken":["M","?","?","$","M","R","M","E","T","E","?","?","M","M","R","BOSS","M","?","$","?","?","E","M","E","T","?","$","M","$","M","R","BOSS","M","M","?","M","$","R","?","?","T","M","E","$","?","E","R","BOSS","R","$","E","BOSS"],"items_purchased_type":["Relic","Relic","Card","Relic","Card","Relic","Relic","Relic","Card","Relic","Card","Relic","Relic","Relic","Card","Relic","Relic","Relic","Relic","Card"],"build_version":"2020-12-22","purchased_purges":7,"victory":true,"max_hp_per_floor":[90,90,90,90,90,90,90,90,90,90,90,90,90,90,90,90,90,90,90,104,104,104,114,114,114,114,114,114,114,114,114,114,119,119,119,119,119,119,119,119,121,123,123,125,127,146,146,148,148,148,148,148,148,150,150],"card_choices":[{"not_picked":["FendThisOffIfYouCan","YoureAHindrance","SpearedSweep","ClassAndRespect","HighKick","SinglePointStab","AlloutWar","Diversion","SuppressingShot"],"picked":"SKIP","floor":1},{"not_picked":["DefenseOrder","BlowItUp","BindingChains","BladeWhirl","WillOfThePrescript","DestructiveImpact","SunsetBlade","Unlock1","Diversion"],"picked":"SKIP","floor":5},{"not_picked":["Overcharge","QuickSuppression","SpearedSweep","SuppressingShot","GreatSerpentsImpact","Cruelty","FleetEdge","RhinoRam","PreparedMind"],"picked":"SKIP","floor":7},{"not_picked":["EndlessBattle","SpearedSweep","Retaliate","Rewind","SmokingPipe","Multislash","ScratchThat","YoureTooSlow","EnergyStrike"],"picked":"SKIP","floor":8},{"not_picked":["Thirst","SwordOfVolition","Diversion","BiAn","DesperateStruggle","Fence","EndlessBattle","ViolentFlame","Tttonst"],"picked":"SKIP","floor":10},{"not_picked":["TrimTheIngredients","QuickSuppression","SpearedSweep","BackAttack","NightInTheBackstreets","RatsGuideToSurvival","QuickAttack","Wallop_lor","ToWhereThePrescriptPoints"],"picked":"SKIP","floor":11},{"not_picked":["StructuralAnalysis","Wallop_lor","NightInTheBackstreets","FrontalAssault","RipSpace","Eject","DesperateStruggle","BackAttack","TheWillOfTheCity"],"picked":"SKIP","floor":13},{"not_picked":["HandleRequest","Standoff","GrazeTheGrass","FendThisOffIfYouCan","LossOfSenses","FleetEdge","SerpentSwordTechnique","Tttonst","GaleKick"],"picked":"SKIP","floor":14},{"not_picked":["BladeWhirl","MultiBlock","Rampage_lor","Pound+1","IronWall+1","GuardingStance","Rewind","HighKick+1","ForTheFamily"],"picked":"SKIP","floor":18},{"not_picked":["DimensionalRift","MultiHit+1","AutonomousRush","HeavyPeaks","Multislash","QuickAttack+1","GrazeTheGrass+1","WaitUp","SuppressingShot"],"picked":"SKIP","floor":22},{"not_picked":["NonstopAssault","FleetEdge+1","EnergyShield","BlindFaith","CircusKnives","EmotionalTurbulence","Parry","FieryDragonSlash+1","Parry2"],"picked":"SKIP","floor":23},{"not_picked":["FleetFootsteps","RushDown","FierceCharge+1","SerpentSwordTechnique","SavageMode","Faith","PuppetBlockade","DesperateStruggle","AsThePrescriptOrders+1"],"picked":"SKIP","floor":24},{"not_picked":["IronWall","ViolentFlame","QuickSuppression","WaitUp+1","PreemptiveStrike","FeelinGood+1","SweepTheBackstreets","Parry2+1"],"picked":"RulesOfTheBackstreets","floor":25},{"not_picked":["FierceOnslaught","BindingArms","SnakesPrey+1","Faith","CombatPreparation","PinpointShot+1","FaintMemories","SharpNails","GrazeTheGrass+1"],"picked":"SKIP","floor":29},{"not_picked":["Parry2","HighSpeedStabbing","Disposal","Thirst+1","SunsetBlade","Quickness+1","EnergyShield","TraceOfFumes","FleetFootsteps+1"],"picked":"SKIP","floor":31},{"not_picked":["MultiHit+1","DirtyBlow","SerpentSwordTechnique","AsThePrescriptOrders+1","BulkyImpact","IngredientHunt","SpearedSweep","VenomousFangs+1"],"picked":"TheWillOfTheCity+1","floor":35},{"not_picked":["CutIn","SinglePointStab","BurningFlash+1","SnakesPrey+1","Standoff+1","GuidanceOfTheGears+1","DarkCloud","HighSpeedStabbing","FierceOnslaught"],"picked":"SKIP","floor":36},{"not_picked":["UncannyStrike+1","MultiBlock+1","TrimTheIngredients+1","TheWillOfTheCity+1","QuickSuppression+1","ExtremeEdge+1","Track+1","EnergyStrike","GreatSerpentsImpact+1"],"picked":"SKIP","floor":37},{"not_picked":["Standoff","DaringDecision","HandleRequest","Leap_lor","AssaultOrder","MultiHit","FrontalAssault","PinpointShot","SerpentSwordTechnique+1"],"picked":"SKIP","floor":38},{"not_picked":["Swift Strike","Dark Shackles","Thinking Ahead","Flash of Steel","Forethought","Good Instincts","Finesse","Dramatic Entrance"],"picked":"Bandage Up","floor":41},{"not_picked":["Deep Breath","PanicButton","Purity","Secret Weapon","Secret Technique","Madness","Discovery","Mind Blast"],"picked":"Enlightenment","floor":41},{"not_picked":["Purity","Mayhem","Flash of Steel","Apotheosis","Mind Blast","Finesse","Trip","Magnetism","Deep Breath"],"picked":"Singing Bowl","floor":41},{"not_picked":["SnakesPrey","ViolentFlame+1","SuppressingShot","Quickness","UpbeatPerformance","BulkyImpact","Thrust","StructuralAnalysis","TendonChords"],"picked":"Singing Bowl","floor":42},{"not_picked":["BackstreetsDash+1","ClassAndRespect+1","HandleRequest","HighKick","CleanUp","Leap_lor+1","FocusFire+1","SearingSword+1","QuickAttack"],"picked":"Singing Bowl","floor":44},{"not_picked":["PreemptiveStrike","FlashingStrike+1","Faith","FleshFillet","DesperateStruggle","SunsetBlade+1","DefenseOrder","FierceCharge+1","SkitterAway"],"picked":"Singing Bowl","floor":45},{"not_picked":["DesperateStruggle+1","TheArtOfRapidSteps+1","BlindFaith","TheWillOfTheCity","DarkCloud+1","SomberProcuration+1","EmotionalTurbulence","ToOvercomeCrisis","WaitUp+1"],"picked":"Singing Bowl","floor":48},{"not_picked":["GrazeTheGrass","DesperateStruggle","ScratchThat","MultiHit","DarkCloud","Outburst","Diversion+1","FleetEdge","BlindFaith"],"picked":"Singing Bowl","floor":54}],"player_experience":870579,"relics_obtained":[{"floor":8,"key":"sneckomod:BlankCard"},{"floor":9,"key":"Whetstone"},{"floor":10,"key":"Shuriken"},{"floor":23,"key":"Pear"},{"floor":25,"key":"Torii"},{"floor":26,"key":"PageOfTheQueenOfHatred"},{"floor":42,"key":"PageOfTheKnightOfDespair"},{"floor":43,"key":"PageOfGreed"},{"floor":45,"key":"PageOfWrath"},{"floor":48,"key":"PageOfNihil"},{"floor":54,"key":"PageOfForsakenMurderer"}],"event_choices":[{"damage_healed":0,"gold_gain":0,"player_choice":"Take Damage","damage_taken":22,"relics_obtained":["Golden Idol"],"max_hp_gain":0,"max_hp_loss":0,"event_name":"Golden Idol","floor":2,"gold_loss":0},{"damage_healed":0,"gold_gain":0,"player_choice":"Bought 3 Potions","damage_taken":0,"max_hp_gain":0,"max_hp_loss":0,"event_name":"The Woman in Blue","floor":3,"gold_loss":0},{"damage_healed":0,"gold_gain":0,"player_choice":"Entered Light","damage_taken":18,"max_hp_gain":0,"max_hp_loss":0,"event_name":"Shining Light","floor":12,"gold_loss":0,"cards_upgraded":["DegradedChain","DegradedChain"]},{"damage_healed":0,"gold_gain":0,"player_choice":"Memory 3","damage_taken":10,"max_hp_gain":0,"max_hp_loss":0,"event_name":"SensoryStone","floor":41,"gold_loss":0},{"damage_healed":0,"gold_gain":0,"player_choice":"Fight","damage_taken":0,"max_hp_gain":0,"max_hp_loss":0,"event_name":"MindBloom","floor":42,"gold_loss":0},{"cards_removed":["DegradedPillar"],"damage_healed":0,"gold_gain":0,"player_choice":"Removed Attack","damage_taken":0,"max_hp_gain":0,"max_hp_loss":0,"event_name":"Falling","floor":47,"gold_loss":0}],"is_beta":false,"boss_relics":[{"not_picked":["Snecko Eye","Cursed Key"],"picked":"SlaversCollar"},{"not_picked":["Astrolabe","Empty Cage"],"picked":"sneckomod:SneckoTalon"}],"items_purged_floors":[4,20,28,30,39,46,53],"is_endless":false,"potions_floor_spawned":[1,5,8,24,33,42,45,48,54],"ascension_level":2}}