{"host":"wogey4gsknv4ot2d","time":1614455221,"event":{"mods":["2.2 Compatiblity","AchievementEnabler","BaseMod","Bestiary","Better Match","Better Third Choice","Colored Map","Colored Powertips","Key Reminder","Minty Spire (QoL Compilation)","Permanent Neow","Rare Cards Sparkle","Relic Stats","StSLib"],"gold_per_floor":[144,144,189,234,279,369,369,369,394,493,493,547,22,31,31,349,349,403,457,511,145,190,289,343,343,343],"floor_reached":25,"language":"ENG","playtime":1750,"items_purged":[],"score":283,"play_id":"ce9294cb-85a7-4583-9ad2-4bedb455e2c0","local_time":"20210227134701","daily_mods":["Cursed Run","Diverse","Midas"],"is_ascension_mode":false,"campfire_choices":[{"floor":8,"key":"REST"},{"floor":11,"key":"REST"},{"floor":15,"key":"REST"}],"circlet_count":0,"master_deck":["Defend_B","Defend_B","Defend_B","Defend_B","Zap","Dualcast","Infernal Blade","CutThroughFate","Glacier","Protect","Footwork+1","Disarm","Writhe","Barrage","Force Field","Hello World","A Thousand Cuts","Decay","Wish","Aggregate","DeceiveReality","BowlingBash","The Bomb","Flying Knee","Bite","Bite","Bite","Bite","Bite","Whirlwind+1","Searing Blow+1"],"relics":["Cursed Key","Darkstone Periapt","Du-Vu Doll","Matryoshka","CeramicFish","Ancient Tea Set","Shuriken","Eternal Feather","Velvet Choker","DataDisk","StrikeDummy"],"acts_visited":["Exordium","TheCity"],"potions_floor_usage":[5,10,10,23,23],"damage_taken":[{"damage":0,"enemies":"Small Slimes","floor":1,"turns":4},{"damage":0,"enemies":"Cultist","floor":3,"turns":3},{"damage":0,"enemies":"2 Louse","floor":4,"turns":3},{"damage":10,"enemies":"Large Slime","floor":5,"turns":7},{"damage":4,"enemies":"3 Sentries","floor":6,"turns":12},{"damage":11,"enemies":"Gremlin Nob","floor":10,"turns":5},{"damage":15,"enemies":"Exordium Thugs","floor":12,"turns":6},{"damage":18,"enemies":"The Guardian","floor":16,"turns":13},{"damage":21,"enemies":"Spheric Guardian","floor":18,"turns":6},{"damage":8,"enemies":"Shell Parasite","floor":19,"turns":5},{"damage":16,"enemies":"Centurion and Healer","floor":20,"turns":7},{"damage":26,"enemies":"Book of Stabbing","floor":23,"turns":5},{"damage":6,"enemies":"3 Cultists","floor":24,"turns":3},{"damage":33,"enemies":"Shelled Parasite and Fungi","floor":25,"turns":3}],"seed_played":"-2463471341485849212","potions_obtained":[{"floor":1,"key":"BlessingOfTheForge"},{"floor":4,"key":"LiquidBronze"},{"floor":5,"key":"SpeedPotion"},{"floor":19,"key":"FearPotion"},{"floor":20,"key":"FearPotion"}],"is_trial":false,"path_per_floor":["M","?","M","M","M","E","?","R","T","E","R","M","$","?","R","B",null,"M","M","M","$","?","E","M","M"],"character_chosen":"DEFECT","items_purchased":["Hello World","Shuriken","Eternal Feather","DataDisk","The Bomb","Flying Knee"],"campfire_rested":3,"item_purchase_floors":[13,13,13,21,21,21],"current_hp_per_floor":[75,75,75,75,65,61,46,68,74,65,81,66,66,66,81,69,87,66,60,46,46,46,26,22,0,0],"gold":343,"neow_bonus":"","is_daily":true,"chose_seed":false,"campfire_upgraded":0,"win_rate":0.0,"timestamp":1614455221,"path_taken":["M","?","M","M","M","E","?","R","T","E","R","M","$","?","R","BOSS","M","?","M","?","?","E","M","M"],"items_purchased_type":["Card","Relic","Relic","Relic","Card","Card"],"build_version":"2020-12-22","purchased_purges":0,"victory":false,"max_hp_per_floor":[75,75,75,75,75,75,75,75,81,81,81,81,81,81,81,87,87,87,87,87,87,87,87,87,87,87],"relic_stats":{"Darkstone Periapt":12,"counters":[14,82],"Shuriken":[4],"CeramicFish":162,"Eternal Feather":9,"Cursed Key":1,"obtain_stats":[{"Darkstone Periapt":0,"Du-Vu Doll":0,"Blood Vial":9,"DataDisk":21,"Matryoshka":6,"Shuriken":13,"CeramicFish":9,"Velvet Choker":17,"Eternal Feather":13,"Cursed Key":0,"Ancient Tea Set":10,"StrikeDummy":23},{"Darkstone Periapt":0,"Du-Vu Doll":0,"Blood Vial":5,"DataDisk":11,"Matryoshka":5,"Shuriken":7,"CeramicFish":5,"Velvet Choker":8,"Eternal Feather":7,"Cursed Key":0,"Ancient Tea Set":6,"StrikeDummy":12},{"Darkstone Periapt":0,"Du-Vu Doll":0,"Blood Vial":29,"DataDisk":71,"Matryoshka":29,"Shuriken":40,"CeramicFish":29,"Velvet Choker":53,"Eternal Feather":40,"Cursed Key":0,"Ancient Tea Set":34,"StrikeDummy":76}]},"card_choices":[{"not_picked":["Slice","Catalyst"],"picked":"Infernal Blade","floor":1},{"not_picked":["PathToVictory","Poisoned Stab"],"picked":"Glacier","floor":3},{"not_picked":["EmptyFist","Skewer"],"picked":"Protect","floor":4},{"not_picked":["Cold Snap","Consecrate"],"picked":"Footwork","floor":5},{"not_picked":["A Thousand Cuts","Wallop"],"picked":"Disarm","floor":6},{"not_picked":["Indignation","Hologram"],"picked":"Barrage","floor":10},{"not_picked":["Ghostly Armor","Prepared"],"picked":"Force Field","floor":12},{"not_picked":["Exhume","Double Tap"],"picked":"Wish","floor":16},{"not_picked":["Study","CarveReality"],"picked":"Aggregate","floor":18},{"not_picked":["Melter","Headbutt"],"picked":"DeceiveReality","floor":19},{"not_picked":["Bloodletting","Wallop"],"picked":"BowlingBash","floor":20},{"not_picked":["JustLucky+1","Deflect"],"picked":"Whirlwind+1","floor":23},{"not_picked":["Heel Hook","CutThroughFate"],"picked":"Searing Blow+1","floor":24}],"player_experience":106762,"relics_obtained":[{"floor":6,"key":"Matryoshka"},{"floor":9,"key":"Blood Vial"},{"floor":9,"key":"CeramicFish"},{"floor":10,"key":"Ancient Tea Set"},{"floor":23,"key":"StrikeDummy"}],"event_choices":[{"damage_healed":0,"gold_gain":0,"cards_transformed":["Strike_B"],"player_choice":"Change","damage_taken":0,"max_hp_gain":0,"max_hp_loss":0,"event_name":"Living Wall","floor":2,"gold_loss":0,"cards_obtained":["CutThroughFate"]},{"damage_healed":61,"gold_gain":0,"player_choice":"Upgrade","damage_taken":15,"max_hp_gain":0,"max_hp_loss":75,"event_name":"betterThird:BetterShining","floor":7,"gold_loss":0,"cards_upgraded":["Strike_B","Footwork"]},{"damage_healed":0,"gold_gain":0,"cards_transformed":["Strike_B"],"player_choice":"Transformed","damage_taken":0,"max_hp_gain":0,"max_hp_loss":0,"event_name":"Transmorgrifier","floor":14,"gold_loss":0,"cards_obtained":["A Thousand Cuts"]},{"damage_healed":0,"gold_gain":0,"player_choice":"Became a vampire (Vial)","damage_taken":0,"max_hp_gain":0,"max_hp_loss":0,"event_name":"Vampires","floor":22,"relics_lost":["Blood Vial"],"gold_loss":0,"cards_obtained":["Bite","Bite","Bite","Bite","Bite"]}],"is_beta":false,"boss_relics":[{"not_picked":["Coffee Dripper","Runic Dome"],"picked":"Velvet Choker"}],"items_purged_floors":[],"is_endless":false,"potions_floor_spawned":[1,4,5,19,20],"killed_by":"Shelled Parasite and Fungi","ascension_level":0}}