{"host":"nsc6ozq3atyrdr3m","time":1614428034,"event":{"mods":["BaseMod","Colored Map","Minty Spire (QoL Compilation)"],"gold_per_floor":[118,132,132,132,132,158,170,170,170,189,189,199,233,249,249,347,347,365,365,279,279,298,298,313,331,356,370,400,412,221,246,246,341,391,405,144,144,162,177,211,81,93,172,206,31,31,31,49,49,49],"floor_reached":51,"language":"FRA","playtime":1478,"items_purged":["Writhe","Zap"],"score":1103,"play_id":"aa90e521-de6c-4c07-aab2-31750f16b7c0","local_time":"20210227131354","is_ascension_mode":true,"campfire_choices":[{"data":"Genetic Algorithm","floor":8,"key":"SMITH"},{"data":"Scrape","floor":11,"key":"SMITH"},{"data":"Hologram","floor":15,"key":"SMITH"},{"data":"All For One","floor":23,"key":"SMITH"},{"floor":32,"key":"REST"},{"floor":49,"key":"REST"}],"circlet_count":0,"master_deck":["Dualcast+1","Beam Cell+1","Genetic Algorithm+1","Scrape+1","Auto Shields+1","Gash+1","Gash","Hologram+1","Steam","All For One+1","Beam Cell","Melter","Gash","Go for the Eyes","Self Repair","Reboot","Reinforced Body","Leap+1","Stack+1","Panache","Conserve Battery+1","Hologram+1","All For One","Beam Cell+1","Panache+1","Decay"],"relics":["Cracked Core","NeowsBlessing","Eternal Feather","War Paint","Smiling Mask","Pandora\u0027s Box","Pear","Orichalcum","Mango","Membership Card","Potion Belt","Tiny House","Bag of Preparation","Bottled Tornado","Mercury Hourglass","Frozen Egg 2","Nunchaku","Bronze Scales","DollysMirror"],"acts_visited":["Exordium","TheCity","TheBeyond"],"potions_floor_usage":[13,25,28,29,31,34,40,48,50,50,50],"damage_taken":[{"damage":0,"enemies":"Jaw Worm","floor":1,"turns":1},{"damage":0,"enemies":"2 Louse","floor":2,"turns":1},{"damage":0,"enemies":"Lagavulin","floor":6,"turns":1},{"damage":8,"enemies":"Small Slimes","floor":7,"turns":3},{"damage":0,"enemies":"Exordium Wildlife","floor":10,"turns":3},{"damage":0,"enemies":"3 Louse","floor":12,"turns":3},{"damage":5,"enemies":"Gremlin Nob","floor":13,"turns":3},{"damage":0,"enemies":"Looter","floor":14,"turns":2},{"damage":7,"enemies":"The Guardian","floor":16,"turns":8},{"damage":0,"enemies":"3 Byrds","floor":18,"turns":2},{"damage":22,"enemies":"2 Thieves","floor":22,"turns":3},{"damage":13,"enemies":"Snake Plant","floor":24,"turns":3},{"damage":10,"enemies":"Snecko","floor":25,"turns":3},{"damage":8,"enemies":"Centurion and Healer","floor":27,"turns":3},{"damage":23,"enemies":"Slavers","floor":28,"turns":5},{"damage":13,"enemies":"Snake Plant","floor":29,"turns":4},{"damage":21,"enemies":"Book of Stabbing","floor":31,"turns":5},{"damage":72,"enemies":"Champ","floor":33,"turns":7},{"damage":13,"enemies":"3 Darklings","floor":35,"turns":6},{"damage":1,"enemies":"3 Shapes","floor":38,"turns":4},{"damage":6,"enemies":"Spire Growth","floor":39,"turns":4},{"damage":35,"enemies":"Nemesis","floor":40,"turns":9},{"damage":0,"enemies":"4 Shapes","floor":42,"turns":3},{"damage":19,"enemies":"Reptomancer","floor":44,"turns":4},{"damage":14,"enemies":"Jaw Worm Horde","floor":48,"turns":3},{"damage":117,"enemies":"Donu and Deca","floor":50,"turns":9}],"seed_played":"-8794768802936046819","potions_obtained":[{"floor":2,"key":"Weak Potion"},{"floor":7,"key":"Ancient Potion"},{"floor":10,"key":"Swift Potion"},{"floor":13,"key":"Swift Potion"},{"floor":14,"key":"FearPotion"},{"floor":28,"key":"Swift Potion"},{"floor":31,"key":"FairyPotion"},{"floor":33,"key":"Block Potion"},{"floor":34,"key":"Fruit Juice"},{"floor":35,"key":"CultistPotion"},{"floor":42,"key":"Explosive Potion"}],"is_trial":false,"path_per_floor":["M","M","?","?","?","E","M","R","T","M","R","M","E","M","R","B",null,"M","?","$","?","M","R","M","M","T","M","E","M","$","E","R","B",null,"M","$","?","M","M","E","$","M","T","E","$","?","?","M","R","B",null],"character_chosen":"DEFECT","items_purchased":["Melter","Membership Card","EssenceOfSteel","Bag of Preparation","FairyPotion","Panache","Mercury Hourglass","Bronze Scales","SteroidPotion","DollysMirror"],"campfire_rested":2,"item_purchase_floors":[20,30,30,36,36,36,41,45,45,45],"current_hp_per_floor":[68,68,68,68,61,61,53,59,59,59,65,65,60,60,69,62,72,72,82,82,82,60,66,53,43,43,35,33,27,27,6,44,36,93,87,87,87,93,94,66,66,73,73,61,61,61,61,54,100,38],"gold":49,"neow_bonus":"THREE_ENEMY_KILL","is_daily":false,"chose_seed":false,"campfire_upgraded":4,"win_rate":0.0,"timestamp":1614428034,"path_taken":["M","M","?","?","?","E","M","R","T","M","R","M","E","M","R","BOSS","M","?","$","?","?","R","M","M","T","M","E","M","$","E","R","BOSS","M","$","?","M","M","E","$","M","T","E","$","?","?","M","R","BOSS"],"items_purchased_type":["Card","Relic","Potion","Relic","Potion","Card","Relic","Relic","Potion","Relic"],"build_version":"2020-12-22","purchased_purges":2,"victory":true,"max_hp_per_floor":[75,75,75,75,75,75,75,75,75,75,75,75,75,75,75,75,75,75,85,85,85,85,85,85,85,85,85,99,99,99,99,99,99,109,109,109,104,104,104,104,104,104,104,104,104,104,104,104,104,104],"card_choices":[{"not_picked":["Glacier","Chaos"],"picked":"Beam Cell","floor":1},{"not_picked":["Auto Shields","Reinforced Body"],"picked":"Genetic Algorithm","floor":2},{"not_picked":["Coolheaded","Recycle"],"picked":"Scrape","floor":6},{"not_picked":["Redo","Defragment"],"picked":"Auto Shields","floor":7},{"not_picked":["Ball Lightning","Streamline"],"picked":"Gash","floor":10},{"not_picked":["Recycle","Double Energy"],"picked":"Gash","floor":12},{"not_picked":["Go for the Eyes","Streamline"],"picked":"Hologram","floor":13},{"not_picked":["Double Energy","Stack"],"picked":"Steam","floor":14},{"not_picked":["Thunder Strike","Multi-Cast"],"picked":"All For One","floor":16},{"not_picked":["Cold Snap","Aggregate"],"picked":"Beam Cell","floor":18},{"not_picked":["Beam Cell+1","Melter","Genetic Algorithm"],"picked":"SKIP","floor":22},{"not_picked":["Compile Driver","Turbo+1","Barrage"],"picked":"SKIP","floor":24},{"not_picked":["Beam Cell","Steam Power+1"],"picked":"Go for the Eyes","floor":25},{"not_picked":["Fusion","Sunder"],"picked":"Self Repair","floor":27},{"not_picked":["Auto Shields","Stack"],"picked":"Reboot","floor":28},{"not_picked":["Heatsinks","Go for the Eyes+1"],"picked":"Reinforced Body","floor":29},{"not_picked":["Coolheaded","Compile Driver+1"],"picked":"Leap+1","floor":31},{"not_picked":["Melter+1","Ball Lightning"],"picked":"Stack+1","floor":34},{"not_picked":["Streamline+1","Coolheaded","Turbo"],"picked":"SKIP","floor":35},{"not_picked":["Barrage","Chaos"],"picked":"Conserve Battery+1","floor":38},{"not_picked":["Barrage+1","Auto Shields"],"picked":"Hologram+1","floor":39},{"not_picked":["Sunder+1","Lockon+1"],"picked":"All For One","floor":40},{"not_picked":["Stack+1","FTL+1"],"picked":"Gash+1","floor":42},{"not_picked":["Blizzard+1","Biased Cognition+1"],"picked":"Beam Cell+1","floor":44},{"not_picked":["Loop+1","Aggregate","Recycle"],"picked":"SKIP","floor":48}],"player_experience":449570,"relics_obtained":[{"floor":6,"key":"Eternal Feather"},{"floor":9,"key":"War Paint"},{"floor":13,"key":"Smiling Mask"},{"floor":26,"key":"Orichalcum"},{"floor":28,"key":"Mango"},{"floor":31,"key":"Potion Belt"},{"floor":40,"key":"Bottled Tornado"},{"floor":43,"key":"Frozen Egg 2"},{"floor":44,"key":"Nunchaku"}],"event_choices":[{"damage_healed":0,"gold_gain":0,"player_choice":"Leave","damage_taken":0,"max_hp_gain":0,"max_hp_loss":0,"event_name":"The Cleric","floor":3,"gold_loss":0},{"damage_healed":0,"gold_gain":0,"player_choice":"Grow","damage_taken":0,"max_hp_gain":0,"max_hp_loss":0,"event_name":"Living Wall","floor":4,"gold_loss":0,"cards_upgraded":["Beam Cell"]},{"cards_removed":["Strike_B"],"damage_healed":0,"gold_gain":0,"player_choice":"Card Removal","damage_taken":7,"max_hp_gain":0,"max_hp_loss":0,"event_name":"Golden Wing","floor":5,"gold_loss":0},{"damage_healed":0,"gold_gain":0,"player_choice":"Opened","damage_taken":0,"relics_obtained":["Pear"],"max_hp_gain":0,"max_hp_loss":0,"event_name":"The Mausoleum","floor":19,"gold_loss":0,"cards_obtained":["Writhe"]},{"damage_healed":0,"gold_gain":0,"player_choice":"Read","damage_taken":0,"max_hp_gain":0,"max_hp_loss":0,"event_name":"The Library","floor":21,"gold_loss":0,"cards_obtained":["Gash"]},{"damage_healed":0,"gold_gain":0,"player_choice":"Max HP","damage_taken":0,"max_hp_gain":0,"max_hp_loss":5,"event_name":"Winding Halls","floor":37,"gold_loss":0},{"cards_removed":["Gash"],"damage_healed":0,"gold_gain":0,"player_choice":"Removed Attack","damage_taken":0,"max_hp_gain":0,"max_hp_loss":0,"event_name":"Falling","floor":46,"gold_loss":0},{"damage_healed":0,"gold_gain":0,"player_choice":"Cursed","damage_taken":0,"max_hp_gain":0,"max_hp_loss":0,"event_name":"Wheel of Change","floor":47,"gold_loss":0,"cards_obtained":["Decay"]}],"is_beta":false,"boss_relics":[{"not_picked":["SacredBark","Sozu"],"picked":"Pandora\u0027s Box"},{"not_picked":["Empty Cage","Cursed Key"],"picked":"Tiny House"}],"items_purged_floors":[20,36],"is_endless":false,"potions_floor_spawned":[2,7,10,13,14,18,24,28,31,33,35,42],"ascension_level":8}}