{"host":"jsd6g3c2vo13e69c","time":1614443485,"event":{"mods":["2.2 Compatiblity","Act Like it!","BaseMod","Better Altar","Better Match","Better Note","Better Sensory Stone","Better Third Choice","BetterRewards","Colored Map","Colored Powertips","Downfall","Friendly Minions","GifTheSpireLib","Googly Eyes","Gremlin Mod","Hermit","Hubris","Infinite Spire","Melee Mod","Minty Spire (QoL Compilation)","Permanent Neow","Quick Restart","Random Character Button","Replay The Spire","Shop Mod","Spire Arcade","StSLib","The Cursed","The Disciple","The Forsaken","thorton"],"gold_per_floor":[99,113,113,28,48,48,117,133,50,77,77,99,17,59,83,193,193,93,111,137,18,35,73,100,100,136,151,51,79,107,107,133,243,243,143,157,177,199,249,249,249,307,324,342,342,15,15,15,33,33,33,67,67,67,67,67,67,67],"floor_reached":56,"language":"ENG","playtime":3987,"items_purged":["hexamod:Strike","hexamod:Strike","hexamod:Defend","hexamod:Defend"],"score":668,"play_id":"7c1889d9-9421-4885-b1a0-9c86a0c2696d","local_time":"20210227113125","is_ascension_mode":false,"campfire_choices":[{"floor":1,"key":"RECALL"},{"data":"hexamod:SoulSteal","floor":11,"key":"SMITH"},{"data":"hexamod:ForkedFlame","floor":18,"key":"SMITH"},{"data":"hexamod:RetreatToShadows","floor":28,"key":"SMITH"},{"data":"ReplayTheSpireMod:Book of Names","floor":35,"key":"SMITH"},{"data":"hexamod:TimeOfNeed","floor":45,"key":"SMITH"},{"data":"hexamod:RainOfEmbers","floor":47,"key":"SMITH"},{"data":"hubris:Fate","floor":54,"key":"SMITH"}],"circlet_count":0,"master_deck":["hexamod:Strike+1","hexamod:Strike","hexamod:Defend+1","hexamod:Sear","hexamod:Float+1","hexamod:ForkedFlame+1","hexamod:GhostflameBarrier+1","hexamod:RainOfEmbers+1","hexamod:ExtraCrispy+1","hexamod:SecondSeal","hexamod:GhostOfSpirePast","hexamod:SoulSteal+1","hexamod:GhostOfSpirePast","hexamod:VolcanoVisage","hexamod:FirstSeal","hexamod:ExtraCrispy+1","hexamod:ExtraCrispy","hexamod:ExtraCrispy+1","hexamod:RetreatToShadows+1","infinitespire:Gouge","hexamod:TimeOfNeed+1","hexamod:FourthSeal","ReplayTheSpireMod:Book of Names+1","hexamod:SixthSeal","hexamod:GhostOfSpirePast+1","hubris:Fate+1"],"relics":["hexamod:SpiritBrand","Garlic","SacredBark","downfall:HeartBlessingRed","infinitespire:Lucky Rock","Toolbox","Sundial","Strawberry","downfall:HeartBlessingBlue","Blue Doll","hubris:ScarierMask","downfall:HeartBlessingGreen","hubris:Icosahedron","Art of War","hubris:Zylophone","ReplayTheSpireMod:TigerMarble","Chemical X","Replay:Mystery Machine"],"acts_visited":["Exordium","TheCity","TheBeyond","TheEnding"],"potions_floor_usage":[20,21,22,29,29,33,33,36,37,37,42,52,55,56,56],"damage_taken":[{"damage":1,"enemies":"Jaw Worm","floor":2,"turns":2},{"damage":0,"enemies":"downfall:FleeingMerchant","floor":4,"turns":4},{"damage":0,"enemies":"Cultist","floor":5,"turns":3},{"damage":0,"enemies":"2 Louse","floor":8,"turns":2},{"damage":0,"enemies":"downfall:FleeingMerchant","floor":9,"turns":4},{"damage":4,"enemies":"Lots of Slimes","floor":10,"turns":4},{"damage":5,"enemies":"Red Slaver","floor":12,"turns":3},{"damage":5,"enemies":"downfall:FleeingMerchant","floor":13,"turns":4},{"damage":7,"enemies":"Gremlin Nob","floor":14,"turns":3},{"damage":5,"enemies":"3 Louse","floor":15,"turns":3},{"damage":7,"enemies":"SI_SHIV_ARCHETYPE","floor":16,"turns":6},{"damage":4,"enemies":"Chosen","floor":19,"turns":4},{"damage":11,"enemies":"downfall:LooterAlt2","floor":20,"turns":3},{"damage":3,"enemies":"downfall:FleeingMerchant","floor":21,"turns":3},{"damage":4,"enemies":"Centurion and Healer","floor":22,"turns":4},{"damage":17,"enemies":"Nightmare","floor":23,"turns":6},{"damage":15,"enemies":"Replay:Snechameleon","floor":26,"turns":6},{"damage":14,"enemies":"Snake Plant","floor":27,"turns":5},{"damage":40,"enemies":"Shelled Parasite and Fungi","floor":29,"turns":5},{"damage":21,"enemies":"3 Cultists","floor":30,"turns":5},{"damage":7,"enemies":"Centurion and Healer","floor":32,"turns":6},{"damage":0,"enemies":"WA_ARCHETYPE_CALM","floor":33,"turns":10},{"damage":15,"enemies":"3 Darklings","floor":36,"turns":5},{"damage":11,"enemies":"Orb Walker","floor":37,"turns":4},{"damage":33,"enemies":"Writhing Mass","floor":38,"turns":6},{"damage":5,"enemies":"Writhing Mass","floor":42,"turns":6},{"damage":1,"enemies":"3 Darklings","floor":43,"turns":4},{"damage":7,"enemies":"4 Shapes","floor":44,"turns":3},{"damage":8,"enemies":"Spire Growth","floor":49,"turns":3},{"damage":1,"enemies":"DF_ARCHETYPE_ORBS","floor":50,"turns":2},{"damage":43,"enemies":"downfall:CharBossMerchant","floor":52,"turns":4},{"damage":10,"enemies":"downfall:NeowBoss","floor":55,"turns":10},{"damage":48,"enemies":"downfall:NeowBossFinal","floor":56,"turns":6}],"seed_played":"-2159702597483273647","potions_obtained":[{"floor":5,"key":"bronze:BurnAndBuffPotion"},{"floor":14,"key":"FearPotion"},{"floor":15,"key":"Explosive Potion"},{"floor":20,"key":"Block Potion"},{"floor":23,"key":"PowerPotion"},{"floor":26,"key":"BlessingOfTheForge"},{"floor":29,"key":"SpeedPotion"},{"floor":29,"key":"BlessingOfTheForge"},{"floor":30,"key":"LifebloodPotion"},{"floor":32,"key":"hexamod:SoulburnPotion"},{"floor":33,"key":"hexamod:EctoCoolerPotion"},{"floor":33,"key":"Explosive Potion"},{"floor":36,"key":"hexamod:DoubleChargePotion"},{"floor":37,"key":"Cursed Concoction"},{"floor":38,"key":"Elixir"},{"floor":42,"key":"Reflective Coating"},{"floor":43,"key":"Toxic Potion"},{"floor":44,"key":"sneckomod:MuddlingPotion"},{"floor":52,"key":"Languid Potion"}],"is_trial":false,"path_per_floor":["R_BF","M","?","$","M","?","T","M","$","M","R","M","$","E","M","B",null,"R","M","M","$","M","NM","T","?","E","M","R","M","M","AVR","M","B",null,"R","M","M","M","?","?","T","?","M","M","R","$","R","AVR","M","B",null,"E","$","R","B","B"],"character_chosen":"THE_SPIRIT","items_purchased":["hexamod:RainOfEmbers","hexamod:GhostOfSpirePast","hexamod:ExtraCrispy","infinitespire:Lucky Rock","Toolbox","hexamod:GhostOfSpirePast+1","ReplayTheSpireMod:TigerMarble"],"campfire_rested":0,"item_purchase_floors":[4,9,21,21,21,46,46],"current_hp_per_floor":[70,69,69,69,69,69,69,69,69,65,65,60,55,48,43,36,70,70,66,62,66,69,59,59,59,58,51,61,28,14,14,14,21,87,87,79,75,49,49,49,49,51,57,57,57,57,57,57,56,55,87,51,51,51,48,0,0,0],"gold":67,"neow_bonus":"ONE_RANDOM_RARE_CARD","is_daily":false,"chose_seed":false,"campfire_upgraded":7,"win_rate":0.0,"timestamp":1614443485,"path_taken":["R_BF","M","?","$","?","?","T","?","$","M","R","M","?","E","M","BOSS","R","M","?","?","M","NM","T","?","E","M","R","M","M","AVR","M","BOSS","R","M","M","M","?","?","T","?","M","M","R","$","R","AVR","M","BOSS","E","$","R","BOSS","BOSS"],"items_purchased_type":["Card","Card","Card","Relic","Relic","Card","Relic"],"build_version":"2020-12-22","purchased_purges":4,"victory":false,"max_hp_per_floor":[70,70,70,70,70,70,70,70,70,70,70,70,70,70,70,70,70,70,70,70,70,70,70,70,70,77,77,87,87,87,87,87,87,87,87,87,87,87,87,87,87,87,87,87,87,87,87,87,87,87,87,87,87,87,87,87,87,87],"card_choices":[{"not_picked":["hexamod:HauntingEcho","hexamod:StepThrough","hexamod:SwordOfDarkness"],"picked":"SKIP","floor":2},{"not_picked":["hexamod:FlamesFromBeyond","hexamod:GhostOfSpirePresent","hexamod:SuperheatedStrike"],"picked":"SKIP","floor":4},{"not_picked":["hexamod:Hexaguard","hexamod:GhostLash"],"picked":"hexamod:ExtraCrispy","floor":5},{"not_picked":["hexamod:SuperheatedStrike","hexamod:NightmareStrike"],"picked":"hexamod:SecondSeal","floor":8},{"not_picked":["hexamod:BacktrackSmack","hexamod:HauntingEcho","hexamod:SuperheatedStrike"],"picked":"SKIP","floor":9},{"not_picked":["hexamod:GhostflameInferno","hexamod:BacktrackSmack"],"picked":"hexamod:SoulSteal","floor":10},{"not_picked":["hexamod:GhostOfSpireFuture","hexamod:BurningTouch"],"picked":"hexamod:GhostOfSpirePast","floor":12},{"not_picked":["hexamod:GhostLash","hexamod:NightmareGuise","hexamod:AdvancingGuard"],"picked":"SKIP","floor":13},{"not_picked":["hexamod:RainOfEmbers","hexamod:HauntingEcho","hexamod:FlamesFromBeyond"],"picked":"SKIP","floor":14},{"not_picked":["hexamod:AdvancingGuard","hexamod:FastForward","hexamod:ShieldOfDarkness"],"picked":"SKIP","floor":15},{"not_picked":["hexamod:FlameSwitch","hexamod:ApocalypseNow"],"picked":"hexamod:VolcanoVisage","floor":16},{"not_picked":["hexamod:NightmareStrike+1","hexamod:FlamesFromBeyond+1"],"picked":"hexamod:FirstSeal","floor":19},{"not_picked":["hexamod:Incineration","hexamod:SwordOfDarkness"],"picked":"hexamod:ExtraCrispy","floor":20},{"not_picked":["hexamod:SpectralSpark","hexamod:FlamesFromBeyond","hexamod:ChargedBarrage"],"picked":"SKIP","floor":21},{"not_picked":["hexamod:NightmareGuise","hexamod:ExtraCrispy"],"picked":"hexamod:RetreatToShadows","floor":22},{"not_picked":["ReplayTheSpireMod:??????????????????????","infinitespire:NeuralNetwork"],"picked":"infinitespire:Gouge","floor":23},{"not_picked":["hexamod:SkipABeat","hexamod:SoulSteal","hexamod:RecurringNightmare+1"],"picked":"SKIP","floor":23},{"not_picked":["hexamod:BacktrackSmack","hexamod:HeatShield","hexamod:PhantomCloak+1"],"picked":"SKIP","floor":26},{"not_picked":["hexamod:NightmareStrike","hexamod:Toasty"],"picked":"hexamod:FourthSeal","floor":27},{"not_picked":["hexamod:BacktrackSmack+1","hexamod:GhostShield","hexamod:SkipABeat"],"picked":"SKIP","floor":29},{"not_picked":["hexamod:RainOfEmbers+1","hexamod:Haunt","hexamod:SpectralSpark"],"picked":"SKIP","floor":30},{"not_picked":["hexamod:NightmareStrike","hexamod:HeatMetal","hexamod:FastForward"],"picked":"SKIP","floor":32},{"not_picked":["hexamod:TimeWarp","hexamod:HexaLevel"],"picked":"hexamod:SixthSeal","floor":33},{"not_picked":["hexamod:GhostOfSpireFuture+1","hexamod:HeatMetal+1","hexamod:Hexaguard"],"picked":"SKIP","floor":36},{"not_picked":["hexamod:GhostOfSpireFuture+1","hexamod:AdvancingGuard","hexamod:BacktrackSmack"],"picked":"SKIP","floor":37},{"not_picked":["hexamod:NightmareGuise","hexamod:GhostLash","hexamod:ApocalypticArmor"],"picked":"SKIP","floor":38},{"not_picked":["hexamod:Firestarter+1","hexamod:CatchUp+1","hexamod:Hexaguard"],"picked":"SKIP","floor":43},{"not_picked":["hexamod:ShieldOfDarkness","hexamod:HauntingEcho+1","hexamod:SuperheatedStrike"],"picked":"SKIP","floor":44},{"not_picked":["hexamod:GhostLash+1","hexamod:HauntingEcho+1","hexamod:TurnItUp"],"picked":"SKIP","floor":49},{"not_picked":["hexamod:GhostflameBarrier","hexamod:Hexaguard","hexamod:PhantomCloak"],"picked":"SKIP","floor":52}],"player_experience":539121,"relics_obtained":[{"floor":7,"key":"Garlic"},{"floor":23,"key":"Sundial"},{"floor":26,"key":"Strawberry"},{"floor":41,"key":"Art of War"},{"floor":42,"key":"hubris:Zylophone"},{"floor":52,"key":"Replay:Mystery Machine"}],"event_choices":[{"damage_healed":0,"gold_gain":0,"player_choice":"Take","damage_taken":0,"max_hp_gain":0,"max_hp_loss":0,"event_name":"betterNote:BetterNote","floor":25,"gold_loss":0,"cards_obtained":["hexamod:TimeOfNeed"]}],"is_beta":false,"boss_relics":[{"not_picked":["Sozu","thethorton:GreedFountain"],"picked":"SacredBark"},{"not_picked":["Replay:Wanted Poster","Kintsugi"],"picked":"hubris:ScarierMask"}],"items_purged_floors":[13,21,46,48],"is_endless":false,"potions_floor_spawned":[5,14,15,16,20,23,26,29,33,36,42,44,52],"killed_by":"downfall:NeowBossFinal","ascension_level":0}}