{"host":"jngeqill3bw7azzz","time":1614461384,"event":{"mods":["BaseMod","Highlight Path","Minty Spire (QoL Compilation)","Permanent Neow","Relic Stats"],"gold_per_floor":[119,138,155,27,27,52,52,69,96,135,158,184,230,242,254,340,352,375,387,449,472,136,169,69,80,80,94,141,141,172,184,184,261,261,280,155,165,15,0,0,25,41,41,41,73,90,143,143,143],"floor_reached":48,"language":"ENG","playtime":3683,"items_purged":["SignatureMove","CarveReality","BowlingBash","SashWhip"],"score":1265,"play_id":"68e2f3f0-4a7a-484c-b1af-ee14a4315858","local_time":"20210227162944","is_ascension_mode":true,"campfire_choices":[{"data":"Eruption","floor":7.0,"key":"SMITH"},{"data":"Adaptation","floor":15.0,"key":"SMITH"},{"data":"Scrawl","floor":29.0,"key":"SMITH"},{"floor":32.0,"key":"REST"},{"data":"Study","floor":40.0,"key":"SMITH"},{"floor":44,"key":"RECALL"}],"circlet_count":0,"master_deck":["AscendersBane","Eruption+1","Vigilance","SandsOfTime","Adaptation+1","Wallop","FearNoEvil","FlurryOfBlows","Scrawl+1","Protect","Study+1","InnerPeace"],"relics":["Black Star","Centennial Puzzle","Art of War","MawBank","Ornamental Fan","Akabeko","Oddly Smooth Stone","Pear","Pandora\u0027s Box","Mummified Hand","Calipers","Ancient Tea Set","Ginger","Lizard Tail","Molten Egg 2","Philosopher\u0027s Stone","Red Mask","Prayer Wheel","Darkstone Periapt","Omamori","Blood Vial","White Beast Statue","Incense Burner"],"acts_visited":["Exordium","TheCity","TheBeyond"],"potions_floor_usage":[47],"damage_taken":[{"damage":11.0,"enemies":"Jaw Worm","floor":1.0,"turns":6.0},{"damage":0.0,"enemies":"Cultist","floor":2.0,"turns":3.0},{"damage":0.0,"enemies":"2 Louse","floor":3.0,"turns":2.0},{"damage":12.0,"enemies":"Gremlin Nob","floor":6.0,"turns":3.0},{"damage":14.0,"enemies":"Blue Slaver","floor":8.0,"turns":5.0},{"damage":37.0,"enemies":"3 Sentries","floor":10.0,"turns":8.0},{"damage":1.0,"enemies":"Exordium Thugs","floor":11.0,"turns":4.0},{"damage":7.0,"enemies":"3 Louse","floor":12.0,"turns":4.0},{"damage":0.0,"enemies":"Gremlin Nob","floor":13.0,"turns":3.0},{"damage":20.0,"enemies":"The Guardian","floor":16.0,"turns":11.0},{"damage":20.0,"enemies":"3 Byrds","floor":18.0,"turns":4.0},{"damage":2.0,"enemies":"Spheric Guardian","floor":21.0,"turns":3.0},{"damage":16.0,"enemies":"Gremlin Leader","floor":23.0,"turns":4.0},{"damage":0.0,"enemies":"Snecko","floor":25.0,"turns":3.0},{"damage":0.0,"enemies":"Centurion and Healer","floor":27.0,"turns":4.0},{"damage":5.0,"enemies":"Slavers","floor":30.0,"turns":2.0},{"damage":3.0,"enemies":"Snake Plant","floor":31.0,"turns":2.0},{"damage":1.0,"enemies":"Champ","floor":33.0,"turns":3.0},{"damage":0.0,"enemies":"Orb Walker","floor":35.0,"turns":2.0},{"damage":9.0,"enemies":"3 Shapes","floor":37.0,"turns":4.0},{"damage":0.0,"enemies":"Mind Bloom Boss Battle","floor":41.0,"turns":2.0},{"damage":0,"enemies":"Reptomancer","floor":42,"turns":2},{"damage":0,"enemies":"Giant Head","floor":45,"turns":1},{"damage":0,"enemies":"Transient","floor":46,"turns":6},{"damage":0,"enemies":"2 Orb Walkers","floor":47,"turns":1},{"damage":39,"enemies":"Nemesis","floor":48,"turns":7}],"seed_played":"-8966744085030507443","potions_obtained":[{"floor":3.0,"key":"BlessingOfTheForge"},{"floor":8.0,"key":"FairyPotion"},{"floor":10.0,"key":"Weak Potion"},{"floor":13.0,"key":"Ancient Potion"},{"floor":23.0,"key":"Swift Potion"},{"floor":25.0,"key":"Fire Potion"},{"floor":31.0,"key":"GamblersBrew"},{"floor":35.0,"key":"AttackPotion"},{"floor":37.0,"key":"Strength Potion"},{"floor":47,"key":"LiquidBronze"}],"is_trial":false,"path_per_floor":["M","M","M","$","?","E","R","M","T","E","M","M","E","?","R","B",null,"M","?","?","M","$","E","$","M","T","M","T","R","E","M","R","B",null,"M","$","M","$","?","R","?","E","T","R","E","M","?","E"],"character_chosen":"WATCHER","items_purchased":["Wallop","SkillPotion","Mummified Hand"],"campfire_rested":1,"item_purchase_floors":[4,4,22],"current_hp_per_floor":[50,50,50,50,50,38,38,24,24,20,19,12,22,22,22,2,59,39,39,39,37,37,21,21,21,21,21,21,21,16,13,36,35,67,67,67,58,58,58,58,58,58,58,58,58,60,62,25,25],"gold":143,"neow_bonus":"BOSS_RELIC","is_daily":false,"chose_seed":false,"campfire_upgraded":4,"win_rate":0.0,"timestamp":1614461384,"path_taken":["M","M","M","$","?","E","R","M","T","E","M","?","E","?","R","BOSS","M","?","?","M","$","E","$","?","T","M","?","R","E","M","R","BOSS","M","$","M","$","?","R","?","E","T","R","E","M","?","E"],"items_purchased_type":["Card","Potion","Relic"],"build_version":"2020-12-22","purchased_purges":4,"victory":false,"max_hp_per_floor":[68,68,68,68,68,68,68,68,68,68,68,68,78,78,78,78,78,78,78,78,78,78,78,78,78,78,78,78,78,78,78,78,78,78,78,78,78,78,78,78,78,78,78,78,78,78,78,78,78],"relic_stats":{"Darkstone Periapt":0,"counters":[26,99],"Ginger":[0],"MawBank":156,"Blood Vial":6,"Centennial Puzzle":[36],"Lizard Tail":0,"Ornamental Fan":[376],"Mummified Hand":[51],"Pandora\u0027s Box":["Protect","CarveReality","Study","BowlingBash","InnerPeace","SignatureMove"],"Prayer Wheel":1,"Black Star":7,"Art of War":[9],"obtain_stats":[{"Darkstone Periapt":41,"Pear":13,"Calipers":23,"Oddly Smooth Stone":13,"Omamori":43,"Incense Burner":47,"Ginger":26,"MawBank":9,"Ancient Tea Set":23,"Akabeko":10,"White Beast Statue":45,"Blood Vial":45,"Centennial Puzzle":6,"Lizard Tail":30,"Ornamental Fan":10,"Mummified Hand":22,"Pandora\u0027s Box":17,"Molten Egg 2":30,"Philosopher\u0027s Stone":34,"Prayer Wheel":41,"Black Star":0,"Art of War":6,"Red Mask":39,"PureWater":0},{"Darkstone Periapt":21,"Pear":9,"Calipers":13,"Oddly Smooth Stone":9,"Omamori":22,"Incense Burner":25,"Ginger":14,"MawBank":5,"Ancient Tea Set":13,"Akabeko":6,"White Beast Statue":23,"Blood Vial":23,"Centennial Puzzle":4,"Lizard Tail":16,"Ornamental Fan":6,"Mummified Hand":12,"Pandora\u0027s Box":10,"Molten Egg 2":16,"Philosopher\u0027s Stone":18,"Prayer Wheel":21,"Black Star":0,"Art of War":4,"Red Mask":20,"PureWater":0},{"Darkstone Periapt":82,"Pear":38,"Calipers":60,"Oddly Smooth Stone":38,"Omamori":84,"Incense Burner":92,"Ginger":63,"MawBank":19,"Ancient Tea Set":60,"Akabeko":27,"White Beast Statue":85,"Blood Vial":85,"Centennial Puzzle":14,"Lizard Tail":69,"Ornamental Fan":27,"Mummified Hand":56,"Pandora\u0027s Box":49,"Molten Egg 2":69,"Philosopher\u0027s Stone":74,"Prayer Wheel":82,"Black Star":0,"Art of War":14,"Red Mask":80,"PureWater":0}]},"card_choices":[{"not_picked":["Evaluate","JustLucky"],"picked":"SashWhip","floor":1.0},{"not_picked":["Consecrate","SashWhip"],"picked":"SandsOfTime","floor":2.0},{"not_picked":["Halt","ThirdEye"],"picked":"Adaptation","floor":3.0},{"not_picked":["WreathOfFlame","SashWhip","Study"],"picked":"SKIP","floor":6.0},{"not_picked":["MasterReality","Perseverance","Fasting2"],"picked":"SKIP","floor":8.0},{"not_picked":["Weave","Pray","Crescendo"],"picked":"SKIP","floor":10.0},{"not_picked":["ClearTheMind","Collect"],"picked":"FearNoEvil","floor":11.0},{"not_picked":["PathToVictory","ThirdEye"],"picked":"FlurryOfBlows","floor":12.0},{"not_picked":["FlyingSleeves","BowlingBash","Fasting2"],"picked":"SKIP","floor":13.0},{"not_picked":["Blasphemy","Brilliance"],"picked":"Scrawl","floor":16.0},{"not_picked":["BattleHymn","Nirvana","SashWhip"],"picked":"SKIP","floor":18.0},{"not_picked":["SashWhip","FlyingSleeves","EmptyBody"],"picked":"SKIP","floor":21.0},{"not_picked":["CrushJoints","PathToVictory","WaveOfTheHand"],"picked":"SKIP","floor":23.0},{"not_picked":["Crescendo","Collect","Swivel"],"picked":"SKIP","floor":25.0},{"not_picked":["ReachHeaven","DevaForm","Crescendo"],"picked":"SKIP","floor":27.0},{"not_picked":["FlurryOfBlows+1","Prostrate","BowlingBash+1"],"picked":"SKIP","floor":30.0},{"not_picked":["EmptyFist+1","Fasting2","Prostrate"],"picked":"SKIP","floor":31.0},{"not_picked":["EmptyFist+1","Fasting2","Prostrate"],"picked":"SKIP","floor":31.0},{"not_picked":["Pray","Indignation","Evaluate"],"picked":"SKIP","floor":35.0},{"not_picked":["SignatureMove+1","Protect","Fasting2+1"],"picked":"SKIP","floor":37.0},{"not_picked":["Weave+1","DeceiveReality","Prostrate"],"picked":"SKIP","floor":42},{"not_picked":["Protect","LessonLearned+1","ReachHeaven+1"],"picked":"SKIP","floor":45},{"not_picked":["Wallop+1","WreathOfFlame","Prostrate+1"],"picked":"SKIP","floor":46},{"not_picked":["Tantrum+1","ThirdEye","WindmillStrike+1"],"picked":"SKIP","floor":46}],"player_experience":2711446,"relics_obtained":[{"floor":6.0,"key":"Centennial Puzzle"},{"floor":6.0,"key":"Art of War"},{"floor":9.0,"key":"MawBank"},{"floor":10.0,"key":"Ornamental Fan"},{"floor":10.0,"key":"Akabeko"},{"floor":13.0,"key":"Oddly Smooth Stone"},{"floor":13.0,"key":"Pear"},{"floor":23.0,"key":"Calipers"},{"floor":23.0,"key":"Ancient Tea Set"},{"floor":26.0,"key":"Ginger"},{"floor":30.0,"key":"Lizard Tail"},{"floor":30.0,"key":"Molten Egg 2"},{"floor":41,"key":"Prayer Wheel"},{"floor":41,"key":"Darkstone Periapt"},{"floor":43,"key":"Omamori"},{"floor":45,"key":"Blood Vial"},{"floor":45,"key":"White Beast Statue"},{"floor":47,"key":"Incense Burner"}],"event_choices":[{"cards_removed":["Defend_P"],"damage_healed":0.0,"max_hp_gain":0.0,"max_hp_loss":0.0,"gold_gain":0.0,"event_name":"Bonfire Elementals","player_choice":"Offered Basic","floor":5.0,"gold_loss":0.0,"damage_taken":0.0},{"cards_removed":["Strike_P"],"damage_healed":0.0,"max_hp_gain":0.0,"max_hp_loss":0.0,"gold_gain":0.0,"event_name":"Living Wall","player_choice":"Forget","floor":14.0,"gold_loss":0.0,"damage_taken":0.0},{"damage_healed":0.0,"max_hp_gain":0.0,"max_hp_loss":0.0,"gold_gain":0.0,"event_name":"Vampires","player_choice":"Ignored","floor":19.0,"gold_loss":0.0,"damage_taken":0.0},{"damage_healed":0.0,"max_hp_gain":0.0,"max_hp_loss":0.0,"gold_gain":100.0,"event_name":"The Joust","player_choice":"Bet on Murderer","floor":20.0,"gold_loss":50.0,"damage_taken":0.0},{"damage_healed":0.0,"max_hp_gain":0.0,"max_hp_loss":0.0,"gold_gain":0.0,"event_name":"Tomb of Lord Red Mask","player_choice":"Paid","floor":39.0,"gold_loss":15.0,"damage_taken":0.0,"relics_obtained":["Red Mask"]},{"damage_healed":0.0,"max_hp_gain":0.0,"max_hp_loss":0.0,"gold_gain":0.0,"event_name":"MindBloom","player_choice":"Fight","floor":41.0,"gold_loss":0.0,"damage_taken":0.0},{"damage_healed":0,"gold_gain":0,"player_choice":"Fight","damage_taken":0,"max_hp_gain":0,"max_hp_loss":0,"event_name":"Mysterious Sphere","floor":47,"gold_loss":0}],"is_beta":false,"boss_relics":[{"not_picked":["Velvet Choker","SacredBark"],"picked":"Pandora\u0027s Box"},{"not_picked":["Empty Cage","Tiny House"],"picked":"Philosopher\u0027s Stone"}],"items_purged_floors":[22,24,36,38],"is_endless":false,"potions_floor_spawned":[3,8,10,13,23,25,27,31,35,37,45,46,47],"killed_by":"Nemesis","ascension_level":20}}