{"host":"pfkd6wr1s0kscfwd","time":1614388836,"event":{"mods":["AchievementEnabler","BaseMod","Colored Map","Colored Powertips","Downfall","Hermit","Minty Spire (QoL Compilation)","StSLib","The Jungle"],"gold_per_floor":[114,289,303,93,43,70,70,105,183,18,44,56,56,76,76,177,177,193,243,243,263,44,44,79,90,90,108,119,119,119,131,131,226,226,236,236,36,36,53,53,53],"floor_reached":40,"language":"ENG","playtime":2001,"items_purged":["Doubt"],"score":574,"play_id":"05d2b200-75a0-4c61-b8fc-ee2eb54f202f","local_time":"20210227022036","is_ascension_mode":true,"campfire_choices":[{"data":"Loop","floor":7.0,"key":"SMITH"},{"floor":15.0,"key":"REST"},{"floor":23.0,"key":"REST"},{"floor":29.0,"key":"REST"},{"floor":32.0,"key":"REST"}],"circlet_count":0,"master_deck":["Strike_B","Strike_B","Defend_B","Defend_B","Defend_B","Defend_B","Zap","Dualcast","Cold Snap","White Noise","Loop+1","Leap","Go for the Eyes","Turbo","Genetic Algorithm+1","Electrodynamics","Redo","Leap","Ball Lightning","Self Repair","Amplify","Genetic Algorithm","BootSequence","Defragment","The Bomb","Defragment","Double Energy","Storm","Aggregate","Machine Learning","Capacitor+1"],"relics":["Cracked Core","NeowsBlessing","Strawberry","Darkstone Periapt","Mercury Hourglass","Turnip","Nuclear Battery","Toy Ornithopter","MealTicket","SacredBark","Oddly Smooth Stone"],"acts_visited":["Exordium","Exordium","TheBeyond"],"potions_floor_usage":[40,40],"damage_taken":[{"damage":0.0,"enemies":"2 Louse","floor":1.0,"turns":1.0},{"damage":0.0,"enemies":"Jaw Worm","floor":3.0,"turns":1.0},{"damage":0.0,"enemies":"Gremlin Nob","floor":6.0,"turns":1.0},{"damage":10.0,"enemies":"Lagavulin","floor":8.0,"turns":5.0},{"damage":33.0,"enemies":"Gremlin Nob","floor":11.0,"turns":4.0},{"damage":1.0,"enemies":"Small Slimes","floor":12.0,"turns":3.0},{"damage":9.0,"enemies":"Red Slaver","floor":14.0,"turns":3.0},{"damage":0.0,"enemies":"Slime Boss","floor":16.0,"turns":5.0},{"damage":6.0,"enemies":"Shell Parasite","floor":18.0,"turns":5.0},{"damage":9.0,"enemies":"theJungle:MUSHROOMGANG","floor":21.0,"turns":3.0},{"damage":3.0,"enemies":"theJungle:2_Phrogs","floor":24.0,"turns":6.0},{"damage":40.0,"enemies":"theJungle:2_Snecko_Cultists","floor":25.0,"turns":3.0},{"damage":9.0,"enemies":"theJungle:SlimyTreeVines","floor":27.0,"turns":6.0},{"damage":38.0,"enemies":"theJungle:2_Flameangoes","floor":28.0,"turns":4.0},{"damage":44.0,"enemies":"theJungle:JungleHuntersEncounter","floor":31.0,"turns":4.0},{"damage":26.0,"enemies":"theJungle:TotemBoss","floor":33.0,"turns":4.0},{"damage":0.0,"enemies":"3 Darklings","floor":35.0,"turns":3.0},{"damage":16.0,"enemies":"Orb Walker","floor":39.0,"turns":4.0},{"damage":85,"enemies":"Reptomancer","floor":40,"turns":2}],"seed_played":"-2724656506896205533","potions_obtained":[{"floor":3.0,"key":"FairyPotion"},{"floor":6.0,"key":"Fire Potion"},{"floor":8.0,"key":"SneckoOil"},{"floor":11.0,"key":"hexamod:SoulburnPotion"},{"floor":16.0,"key":"AttackPotion"},{"floor":21.0,"key":"Strength Potion"},{"floor":31.0,"key":"DistilledChaos"},{"floor":33.0,"key":"CultistPotion"},{"floor":39.0,"key":"PotionOfCapacity"}],"is_trial":false,"path_per_floor":["M","?","M","$","?","E","R","E","T","$","E","M","?","M","R","B",null,"M","?","?","M","$","R","E","M","T","M","M","R","?","M","R","B",null,"M","?","$","?","M","E"],"character_chosen":"DEFECT","items_purchased":["Loop","Leap","Go for the Eyes","Electrodynamics","Redo","Defragment","The Bomb","Oddly Smooth Stone","Strength Potion"],"campfire_rested":4,"item_purchase_floors":[4,4,4,10,10,22,22,37,37],"current_hp_per_floor":[75,75,75,75,75,82,82,72,72,72,39,38,38,29,53,60,82,82,71,71,62,62,82,82,42,42,46,15,39,39,24,48,32,82,82,82,82,82,73,0,0],"gold":53,"neow_bonus":"THREE_ENEMY_KILL","is_daily":false,"chose_seed":false,"campfire_upgraded":1,"win_rate":0.0,"timestamp":1614388836,"path_taken":["M","?","M","$","?","E","R","E","T","$","E","M","?","?","R","BOSS","M","?","?","?","$","R","E","M","T","M","M","R","?","M","R","BOSS","M","?","$","?","?","E"],"items_purchased_type":["Card","Card","Card","Card","Card","Card","Card","Relic","Potion"],"build_version":"2020-12-22","purchased_purges":1,"victory":false,"max_hp_per_floor":[75,75,75,75,75,82,82,82,82,82,82,82,82,82,82,82,82,82,82,82,82,82,82,82,82,82,82,82,82,82,82,82,82,82,82,82,82,82,82,82,82],"card_choices":[{"not_picked":["Hologram","Gash"],"picked":"Cold Snap","floor":1.0},{"not_picked":["Steam","Force Field"],"picked":"White Noise","floor":3.0},{"not_picked":["Fusion","Sweeping Beam"],"picked":"Turbo","floor":6.0},{"not_picked":["Chill","Tempest"],"picked":"Genetic Algorithm","floor":8.0},{"not_picked":["Hologram","Stack"],"picked":"Leap","floor":11.0},{"not_picked":["Leap","Fission"],"picked":"Ball Lightning","floor":12.0},{"not_picked":["Barrage","Leap"],"picked":"Self Repair","floor":14.0},{"not_picked":["All For One","Electrodynamics"],"picked":"Amplify","floor":16.0},{"not_picked":["Gash","Sunder+1"],"picked":"Genetic Algorithm","floor":18.0},{"not_picked":["Leap","Coolheaded"],"picked":"BootSequence","floor":21.0},{"not_picked":["Barrage","Self Repair"],"picked":"Defragment","floor":24.0},{"not_picked":["Gash","Rip and Tear"],"picked":"Double Energy","floor":25.0},{"not_picked":["Steam+1","Lockon"],"picked":"Storm","floor":27.0},{"not_picked":["Lockon","Gash+1","Chaos"],"picked":"SKIP","floor":28.0},{"not_picked":["Darkness","Streamline"],"picked":"Aggregate","floor":31.0},{"not_picked":["Rainbow","Amplify"],"picked":"Machine Learning","floor":33.0},{"not_picked":["Barrage+1","Leap","Ball Lightning+1"],"picked":"SKIP","floor":35.0},{"not_picked":["Leap","Chaos"],"picked":"Capacitor+1","floor":39.0}],"player_experience":131178,"relics_obtained":[{"floor":6.0,"key":"Strawberry"},{"floor":8.0,"key":"Darkstone Periapt"},{"floor":9.0,"key":"Mercury Hourglass"},{"floor":11.0,"key":"Turnip"},{"floor":24.0,"key":"Toy Ornithopter"},{"floor":26.0,"key":"MealTicket"}],"event_choices":[{"damage_healed":0.0,"max_hp_gain":0.0,"max_hp_loss":0.0,"gold_gain":175.0,"event_name":"Liars Game","player_choice":"AGREE","floor":2.0,"gold_loss":0.0,"damage_taken":0.0,"cards_obtained":["Doubt"]},{"cards_removed":["Strike_B"],"damage_healed":0.0,"max_hp_gain":0.0,"max_hp_loss":0.0,"gold_gain":0.0,"event_name":"The Cleric","player_choice":"Card Removal","floor":5.0,"gold_loss":50.0,"damage_taken":0.0},{"damage_healed":0.0,"max_hp_gain":0.0,"max_hp_loss":0.0,"gold_gain":0.0,"event_name":"Accursed Blacksmith","player_choice":"Forge","floor":13.0,"gold_loss":0.0,"damage_taken":0.0,"cards_upgraded":["Genetic Algorithm"]},{"cards_removed":["Strike_B"],"damage_healed":0.0,"max_hp_gain":0.0,"max_hp_loss":0.0,"gold_gain":0.0,"event_name":"Falling","player_choice":"Removed Attack","floor":36.0,"gold_loss":0.0,"damage_taken":0.0},{"damage_healed":0.0,"max_hp_gain":0.0,"max_hp_loss":0.0,"gold_gain":0.0,"event_name":"SecretPortal","player_choice":"Ignored","floor":38.0,"gold_loss":0.0,"damage_taken":0.0}],"is_beta":false,"boss_relics":[{"not_picked":["Philosopher\u0027s Stone","Cursed Key"],"picked":"Nuclear Battery"},{"not_picked":["Coffee Dripper","Runic Pyramid"],"picked":"SacredBark"}],"items_purged_floors":[4],"is_endless":false,"potions_floor_spawned":[3,6,8,11,16,21,24,28,31,33,39],"killed_by":"Reptomancer","ascension_level":3}}