{"host":"s41rn2jhghpwfrvz","time":1614437442,"event":{"mods":["BaseMod","Minty Spire (QoL Compilation)","Quick Restart","Relic Stats","SuperFastMode"],"gold_per_floor":[117,117,135,135,151,185,198,212,212,212,256,272,272,313,313,406,406,431,431,481,141,56,56,97,97,123,163,163,182,26,60,60,153,153,176,176,199,212,41,75,100,118,118,159,159,202,233,274,274,274,274,274,274,68,102,102],"floor_reached":57,"language":"ENG","playtime":1314,"items_purged":["Sword Boomerang","Tantrum+1","Dagger Spray"],"score":3417,"play_id":"c7baf417-6cf7-4d8a-a5c1-ec67a275a2ca","local_time":"20210227165042","daily_mods":["SealedDeck","Diverse","Elite Swarm"],"is_ascension_mode":true,"campfire_choices":[{"data":"Flex","floor":13,"key":"SMITH"},{"floor":15,"key":"REST"},{"data":"Scrawl","floor":23,"key":"SMITH"},{"data":"Scrawl","floor":25,"key":"SMITH"},{"data":"Dark Embrace","floor":28,"key":"SMITH"},{"floor":32,"key":"RECALL"},{"data":"Shrug It Off","floor":49,"key":"SMITH"},{"data":"EmptyMind","floor":53,"key":"SMITH"}],"circlet_count":0,"master_deck":["AscendersBane","Second Wind","EmptyMind+1","Skewer+1","Flex+1","Flex+1","Dark Embrace+1","After Image","Scrawl+1","Scrawl+1","Necronomicurse","Shrug It Off+1"],"relics":["Burning Blood","Golden Idol","White Beast Statue","Question Card","Whetstone","Incense Burner","Runic Pyramid","Necronomicon","Sundial","Pear","Red Skull","Lantern","Happy Flower","Ornamental Fan","Busted Crown","Chemical X","Art of War","CeramicFish","Paper Frog","Pocketwatch","Potion Belt","Calipers"],"acts_visited":["Exordium","TheCity","TheBeyond","TheEnding"],"potions_floor_usage":[11,12,55,56,56,56,56],"damage_taken":[{"damage":0,"enemies":"2 Louse","floor":1,"turns":2},{"damage":0,"enemies":"Cultist","floor":3,"turns":2},{"damage":0,"enemies":"Small Slimes","floor":5,"turns":2},{"damage":22,"enemies":"Gremlin Nob","floor":6,"turns":3},{"damage":6,"enemies":"Looter","floor":7,"turns":2},{"damage":13,"enemies":"Blue Slaver","floor":8,"turns":2},{"damage":0,"enemies":"Lagavulin","floor":11,"turns":3},{"damage":16,"enemies":"3 Louse","floor":12,"turns":2},{"damage":26,"enemies":"3 Sentries","floor":14,"turns":4},{"damage":24,"enemies":"The Guardian","floor":16,"turns":3},{"damage":18,"enemies":"2 Thieves","floor":18,"turns":2},{"damage":3,"enemies":"Slavers","floor":24,"turns":3},{"damage":0,"enemies":"Gremlin Leader","floor":27,"turns":1},{"damage":0,"enemies":"Spheric Guardian","floor":29,"turns":1},{"damage":5,"enemies":"Book of Stabbing","floor":31,"turns":2},{"damage":0,"enemies":"Automaton","floor":33,"turns":3},{"damage":7,"enemies":"3 Shapes","floor":35,"turns":3},{"damage":0,"enemies":"Orb Walker","floor":37,"turns":1},{"damage":0,"enemies":"Writhing Mass","floor":38,"turns":1},{"damage":2,"enemies":"Giant Head","floor":40,"turns":2},{"damage":0,"enemies":"Jaw Worm Horde","floor":41,"turns":1},{"damage":0,"enemies":"Sphere and 2 Shapes","floor":42,"turns":3},{"damage":0,"enemies":"Nemesis","floor":44,"turns":3},{"damage":0,"enemies":"Giant Head","floor":46,"turns":2},{"damage":0,"enemies":"Mind Bloom Boss Battle","floor":47,"turns":1},{"damage":0,"enemies":"Nemesis","floor":48,"turns":1},{"damage":9,"enemies":"Awakened One","floor":50,"turns":5},{"damage":14,"enemies":"Donu and Deca","floor":51,"turns":4},{"damage":0,"enemies":"Shield and Spear","floor":55,"turns":2},{"damage":0,"enemies":"The Heart","floor":56,"turns":4}],"seed_played":"-7784441383356451765","potions_obtained":[{"floor":3,"key":"FearPotion"},{"floor":6,"key":"EntropicBrew"},{"floor":38,"key":"DuplicationPotion"},{"floor":48,"key":"BloodPotion"},{"floor":55,"key":"Dexterity Potion"}],"is_trial":true,"path_per_floor":["M","?","M","?","M","E","M","M","T","?","E","M","R","E","R","B",null,"M","?","?","$","?","R","E","R","T","E","R","M","$","E","R","B",null,"M","$","M","M","$","E","M","M","T","E","$","E","?","E","R","B","B",null,"R","$","E","B",null],"character_chosen":"IRONCLAD","items_purchased":["Sundial","Shrug It Off","Chemical X","Ancient Potion"],"campfire_rested":1,"item_purchase_floors":[21,30,39,54],"current_hp_per_floor":[74,74,75,49,55,39,39,32,32,32,38,28,28,8,30,12,59,47,26,26,26,36,36,39,39,39,45,45,51,51,52,52,58,78,77,77,83,85,85,85,85,85,85,85,85,85,85,85,85,82,74,82,82,82,85,85],"gold":102,"neow_bonus":"","is_daily":false,"chose_seed":false,"campfire_upgraded":6,"win_rate":0.0,"timestamp":1614437442,"path_taken":["M","?","?","?","M","E","M","M","T","?","E","M","R","E","R","BOSS","M","?","?","$","?","R","E","R","T","E","R","?","?","E","R","BOSS","M","$","M","M","?","E","M","?","T","E","$","E","?","E","R","BOSS","BOSS","R","$","E","BOSS"],"items_purchased_type":["Relic","Card","Relic","Potion"],"build_version":"2020-12-22","purchased_purges":3,"victory":true,"max_hp_per_floor":[75,75,75,75,75,75,75,75,75,75,75,75,75,75,75,75,75,75,75,75,75,85,85,85,85,85,85,85,85,85,85,85,85,85,85,85,85,85,85,85,85,85,85,85,85,85,85,85,85,85,85,85,85,85,85,85],"relic_stats":{"Happy Flower":[13],"counters":[30,70],"Golden Idol":227,"CeramicFish":0,"Whetstone":["Skewer","Tantrum"],"Question Card":21,"Burning Blood":122,"Busted Crown":22,"Sundial":[150],"Ornamental Fan":[8],"Necronomicon":[29],"Art of War":[1],"Chemical X":[35],"obtain_stats":[{"Potion Belt":48,"Lantern":26,"Pear":22,"Calipers":55,"Happy Flower":27,"Golden Idol":4,"CeramicFish":44,"Incense Burner":14,"Whetstone":11,"Question Card":9,"Burning Blood":0,"White Beast Statue":6,"Busted Crown":34,"Sundial":21,"Ornamental Fan":31,"Necronomicon":19,"Art of War":40,"Chemical X":39,"Red Skull":24,"Runic Pyramid":17,"Paper Frog":46,"Pocketwatch":47},{"Potion Belt":26,"Lantern":12,"Pear":11,"Calipers":29,"Happy Flower":13,"Golden Idol":2,"CeramicFish":23,"Incense Burner":9,"Whetstone":7,"Question Card":6,"Burning Blood":0,"White Beast Statue":4,"Busted Crown":16,"Sundial":11,"Ornamental Fan":15,"Necronomicon":11,"Art of War":20,"Chemical X":19,"Red Skull":12,"Runic Pyramid":10,"Paper Frog":24,"Pocketwatch":25},{"Potion Belt":55,"Lantern":30,"Pear":27,"Calipers":66,"Happy Flower":31,"Golden Idol":4,"CeramicFish":51,"Incense Burner":22,"Whetstone":16,"Question Card":13,"Burning Blood":0,"White Beast Statue":9,"Busted Crown":37,"Sundial":27,"Ornamental Fan":34,"Necronomicon":27,"Art of War":44,"Chemical X":42,"Red Skull":30,"Runic Pyramid":25,"Paper Frog":53,"Pocketwatch":54}],"Pocketwatch":[0]},"card_choices":[{"not_picked":["Dagger Spray","Rebound","Clothesline"],"picked":"SKIP","floor":1},{"not_picked":["Recycle","BattleHymn","Dagger Throw"],"picked":"SKIP","floor":3},{"not_picked":["Consecrate","Clash","Warcry"],"picked":"SKIP","floor":5},{"not_picked":["Ragnarok","Night Terror","Meteor Strike"],"picked":"SKIP","floor":6},{"not_picked":["Evaluate","Iron Wave","Cloak And Dagger"],"picked":"SKIP","floor":7},{"not_picked":["Clash","Turbo","Beam Cell"],"picked":"SKIP","floor":8},{"not_picked":["Grand Finale","MasterReality","Machine Learning"],"picked":"After Image","floor":11},{"not_picked":["FollowUp","Slice","Recycle","Noxious Fumes"],"picked":"SKIP","floor":12},{"not_picked":["Malaise","Unload","Omniscience"],"picked":"Scrawl","floor":14},{"not_picked":["Immolate","Bullet Time","Bludgeon"],"picked":"Scrawl","floor":16},{"not_picked":["Poisoned Stab","Acrobatics","Rupture","Cold Snap"],"picked":"SKIP","floor":18},{"not_picked":["Venomology","Brilliance","Tools of the Trade","Devotion"],"picked":"SKIP","floor":24},{"not_picked":["Venomology","Storm of Steel","Devotion","Buffer"],"picked":"SKIP","floor":27},{"not_picked":["Infernal Blade+1","Turbo","Gash","Sucker Punch"],"picked":"SKIP","floor":29},{"not_picked":["Unload","Amplify","Glass Knife","Exhume"],"picked":"SKIP","floor":31},{"not_picked":["Sweeping Beam","FlurryOfBlows+1"],"picked":"SKIP","floor":35},{"not_picked":["Heavy Blade+1","Anger"],"picked":"SKIP","floor":37},{"not_picked":["Redo+1","Choke"],"picked":"SKIP","floor":38},{"not_picked":["ConjureBlade","Vault"],"picked":"SKIP","floor":40},{"not_picked":["Heavy Blade","Flying Knee+1"],"picked":"SKIP","floor":41},{"not_picked":["Twin Strike+1","Underhanded Strike+1"],"picked":"SKIP","floor":42},{"not_picked":["Bludgeon","Doppelganger"],"picked":"SKIP","floor":44},{"not_picked":["DeusExMachina","Reboot"],"picked":"SKIP","floor":46},{"not_picked":["Juggernaut","Venomology"],"picked":"SKIP","floor":48},{"not_picked":["Die Die Die","Wraith Form v2"],"picked":"SKIP","floor":55}],"player_experience":2050862,"relics_obtained":[{"floor":6,"key":"White Beast Statue"},{"floor":9,"key":"Question Card"},{"floor":11,"key":"Whetstone"},{"floor":14,"key":"Incense Burner"},{"floor":19,"key":"Necronomicon"},{"floor":24,"key":"Red Skull"},{"floor":26,"key":"Lantern"},{"floor":27,"key":"Happy Flower"},{"floor":31,"key":"Ornamental Fan"},{"floor":40,"key":"Art of War"},{"floor":44,"key":"CeramicFish"},{"floor":46,"key":"Paper Frog"},{"floor":47,"key":"Pocketwatch"},{"floor":48,"key":"Potion Belt"},{"floor":55,"key":"Calipers"}],"event_choices":[{"cards_removed":["Calculated Gamble"],"damage_healed":0,"gold_gain":0,"player_choice":"Purged","damage_taken":0,"max_hp_gain":0,"max_hp_loss":0,"event_name":"Purifier","floor":2,"gold_loss":0},{"damage_healed":0,"gold_gain":0,"player_choice":"Take Damage","damage_taken":26,"relics_obtained":["Golden Idol"],"max_hp_gain":0,"max_hp_loss":0,"event_name":"Golden Idol","floor":4,"gold_loss":0},{"damage_healed":0,"gold_gain":0,"player_choice":"Grow","damage_taken":0,"max_hp_gain":0,"max_hp_loss":0,"event_name":"Living Wall","floor":10,"gold_loss":0,"cards_upgraded":["Flex"]},{"damage_healed":0,"gold_gain":0,"player_choice":"Obtained Book","damage_taken":21,"max_hp_gain":0,"max_hp_loss":0,"event_name":"Cursed Tome","floor":19,"gold_loss":0},{"damage_healed":0,"gold_gain":50,"player_choice":"Stole From Cult","damage_taken":0,"max_hp_gain":0,"max_hp_loss":0,"event_name":"Nest","floor":20,"gold_loss":0},{"damage_healed":0,"gold_gain":0,"player_choice":"Obtained Relic","damage_taken":0,"relics_obtained":["Pear"],"max_hp_gain":0,"max_hp_loss":0,"event_name":"Addict","floor":22,"gold_loss":85},{"damage_healed":0,"gold_gain":0,"player_choice":"Fight","damage_taken":0,"max_hp_gain":0,"max_hp_loss":0,"event_name":"MindBloom","floor":47,"gold_loss":0}],"is_beta":false,"boss_relics":[{"not_picked":["SlaversCollar","Fusion Hammer"],"picked":"Runic Pyramid"},{"not_picked":["Empty Cage","Calling Bell"],"picked":"Busted Crown"}],"items_purged_floors":[21,30,54],"is_endless":false,"potions_floor_spawned":[3,6,7,8,11,12,14,16,18,24,27,29,31,33,35,37,38,40,41,42,44,46,47,48,55],"ascension_level":20}}