{"host":"Pascal","time":1614459536,"event":{"mods":["BaseMod","Googly Eyes","Minty Spire (QoL Compilation)","Permanent Neow","Relic Stats","StSLib"],"gold_per_floor":[15,35,45,62,73,73,103,103,128,144,144,56,56,71,71,166,166,186,176,27,27,27,53,53,81,81,81,81],"floor_reached":27,"language":"ENG","playtime":1941,"items_purged":[],"score":341,"play_id":"9a03d40e-8719-4f22-b033-7cbeff497c3b","local_time":"20210227215856","is_ascension_mode":true,"campfire_choices":[{"data":"Footwork","floor":6,"key":"SMITH"},{"data":"Dodge and Roll","floor":8,"key":"SMITH"},{"data":"Neutralize","floor":13,"key":"SMITH"},{"floor":15,"key":"REST"},{"data":"Cloak And Dagger","floor":24,"key":"SMITH"}],"circlet_count":0,"master_deck":["Strike_G","Strike_G","Strike_G","Strike_G","Strike_G","Defend_G","Defend_G","Defend_G","Defend_G","Defend_G","Survivor","Neutralize+1","Footwork+1","Dodge and Roll+1","Blade Dance","Riddle With Holes","Dodge and Roll","Regret","Infinite Blades","Cloak And Dagger","PiercingWail","Cloak And Dagger+1","Calculated Gamble","RitualDagger","Dodge and Roll+1"],"relics":["Ring of the Snake","Du-Vu Doll","Matryoshka","Strawberry","Bottled Flame","Toy Ornithopter","HoveringKite","Sling","Question Card","Darkstone Periapt","Mercury Hourglass"],"acts_visited":["Exordium","TheCity"],"potions_floor_usage":[7,7,18],"damage_taken":[{"damage":0,"enemies":"Jaw Worm","floor":1,"turns":4},{"damage":3,"enemies":"Small Slimes","floor":2,"turns":6},{"damage":0,"enemies":"Cultist","floor":3,"turns":6},{"damage":24,"enemies":"Exordium Thugs","floor":4,"turns":10},{"damage":2,"enemies":"3 Louse","floor":5,"turns":5},{"damage":11,"enemies":"Gremlin Nob","floor":7,"turns":4},{"damage":3,"enemies":"2 Fungi Beasts","floor":10,"turns":6},{"damage":2,"enemies":"Exordium Wildlife","floor":14,"turns":4},{"damage":51,"enemies":"Slime Boss","floor":16,"turns":12},{"damage":0,"enemies":"Chosen","floor":18,"turns":5},{"damage":6,"enemies":"2 Thieves","floor":19,"turns":4},{"damage":46,"enemies":"Slavers","floor":23,"turns":9},{"damage":31,"enemies":"Book of Stabbing","floor":25,"turns":7},{"damage":14,"enemies":"Snake Plant","floor":27,"turns":5}],"seed_played":"3895412535870085461","potions_obtained":[{"floor":3,"key":"SteroidPotion"},{"floor":4,"key":"Energy Potion"},{"floor":16,"key":"CunningPotion"}],"is_trial":false,"path_per_floor":["M","M","M","M","M","R","E","R","T","M","?","$","R","M","R","B",null,"M","M","$","?","?","E","R","E","T","M"],"character_chosen":"THE_SILENT","items_purchased":["Infinite Blades","Cloak And Dagger","Sling"],"campfire_rested":1,"item_purchase_floors":[12,12,20],"current_hp_per_floor":[70,67,67,43,41,41,30,30,37,34,34,34,34,32,55,4,59,64,58,58,52,87,41,41,10,10,0,0],"gold":81,"neow_bonus":"ONE_RARE_RELIC","is_daily":false,"chose_seed":false,"campfire_upgraded":4,"win_rate":0.0,"timestamp":1614459536,"path_taken":["M","M","M","M","M","R","E","R","T","M","?","$","R","M","R","BOSS","M","M","$","?","?","E","R","E","T","?"],"items_purchased_type":["Card","Card","Relic"],"build_version":"2020-12-18","purchased_purges":0,"victory":false,"max_hp_per_floor":[70,70,70,70,70,70,70,70,77,77,77,77,77,77,77,77,77,77,77,77,77,87,87,87,87,87,87,87],"relic_stats":{"Darkstone Periapt":0,"counters":[14,87],"HoveringKite":[7],"Question Card":1,"obtain_stats":[{"Du-Vu Doll":0,"Darkstone Periapt":25,"Bottled Flame":9,"Matryoshka":7,"Strawberry":9,"HoveringKite":17,"Sling":20,"Question Card":23,"Toy Ornithopter":11,"Ring of the Snake":0,"Mercury Hourglass":26},{"Du-Vu Doll":0,"Darkstone Periapt":13,"Bottled Flame":6,"Matryoshka":6,"Strawberry":6,"HoveringKite":9,"Sling":11,"Question Card":12,"Toy Ornithopter":7,"Ring of the Snake":0,"Mercury Hourglass":13},{"Du-Vu Doll":0,"Darkstone Periapt":82,"Bottled Flame":35,"Matryoshka":35,"Strawberry":35,"HoveringKite":57,"Sling":66,"Question Card":75,"Toy Ornithopter":41,"Ring of the Snake":0,"Mercury Hourglass":82}],"Toy Ornithopter":5,"Ring of the Snake":[28],"Mercury Hourglass":[15]},"card_choices":[{"not_picked":["Dagger Spray","Slice"],"picked":"Footwork","floor":1},{"not_picked":["Underhanded Strike","PiercingWail"],"picked":"Dodge and Roll","floor":2},{"not_picked":["Flying Knee","Dodge and Roll"],"picked":"Blade Dance","floor":3},{"not_picked":["Choke","Outmaneuver"],"picked":"Riddle With Holes","floor":4},{"not_picked":["Glass Knife","Bane","Finisher"],"picked":"SKIP","floor":5},{"not_picked":["Deflect","Deadly Poison"],"picked":"Dodge and Roll","floor":7},{"not_picked":["Reflex","Underhanded Strike","Bane"],"picked":"SKIP","floor":10},{"not_picked":["Poisoned Stab","Riddle With Holes"],"picked":"PiercingWail","floor":14},{"not_picked":["Tools of the Trade","Venomology"],"picked":"Envenom","floor":16},{"not_picked":["Outmaneuver","Deflect+1"],"picked":"Cloak And Dagger","floor":18},{"not_picked":["Tactician","Underhanded Strike"],"picked":"Calculated Gamble","floor":19},{"not_picked":["Quick Slash","Poisoned Stab","Underhanded Strike+1"],"picked":"SKIP","floor":23},{"not_picked":["Endless Agony","PiercingWail","Dagger Spray"],"picked":"Dodge and Roll+1","floor":25}],"player_experience":231986,"relics_obtained":[{"floor":7,"key":"Matryoshka"},{"floor":9,"key":"Strawberry"},{"floor":9,"key":"Bottled Flame"},{"floor":23,"key":"Question Card"},{"floor":25,"key":"Darkstone Periapt"},{"floor":26,"key":"Mercury Hourglass"}],"event_choices":[{"damage_healed":0,"gold_gain":0,"player_choice":"Box","damage_taken":0,"relics_obtained":["Toy Ornithopter"],"max_hp_gain":0,"max_hp_loss":0,"event_name":"Big Fish","floor":11,"gold_loss":0,"cards_obtained":["Regret"]},{"damage_healed":0,"gold_gain":0,"player_choice":"Joined the Cult","damage_taken":6,"max_hp_gain":0,"max_hp_loss":0,"event_name":"Nest","floor":21,"gold_loss":0,"cards_obtained":["RitualDagger"]},{"cards_removed":["Envenom"],"damage_healed":25,"gold_gain":0,"player_choice":"Offered Rare","damage_taken":0,"max_hp_gain":10,"max_hp_loss":0,"event_name":"Bonfire Elementals","floor":22,"gold_loss":0}],"is_beta":true,"boss_relics":[{"not_picked":["Runic Dome","Ectoplasm"],"picked":"HoveringKite"}],"items_purged_floors":[],"is_endless":false,"potions_floor_spawned":[3,4,16],"killed_by":"Snake Plant","ascension_level":5}}