{"host":"t5vp0whyqzs05fb6","time":1614431409,"event":{"mods":["AchievementEnabler","BaseMod","Colored Map","Minty Spire (QoL Compilation)","Rare Cards Sparkle","SuperFastMode","everything is the same but u backflip on backflip"],"gold_per_floor":[113,113,128,148,159,159,171,204,204,204,278,278,278,292,292,395,395,427,176,190,90,90,116,116,130,177,205,219,20,20,54,54,54,54],"floor_reached":33,"language":"KOR","playtime":1055,"items_purged":["Strike_P","Strike_P","Strike_P"],"score":310,"play_id":"e8ae0808-5b4a-4263-ac54-b004766a7bd3","local_time":"20210227221009","is_ascension_mode":false,"campfire_choices":[{"data":"Eruption","floor":6.0,"key":"SMITH"},{"data":"WheelKick","floor":10.0,"key":"SMITH"},{"floor":12.0,"key":"REST"},{"data":"CrushJoints","floor":15.0,"key":"SMITH"},{"data":"Scrawl","floor":24.0,"key":"SMITH"},{"floor":32.0,"key":"REST"}],"circlet_count":0,"master_deck":["Defend_P","Defend_P","Defend_P","Defend_P","Eruption+1","Vigilance+1","Consecrate","EmptyFist","WheelKick+1","CrushJoints+1","Consecrate","FollowUp","Scrawl+1","Master of Strategy","ConjureBlade","Evaluate","ClearTheMind","TalkToTheHand"],"relics":["PureWater","NeowsBlessing","Oddly Smooth Stone","Letter Opener","Sundial","VioletLotus","White Beast Statue","Potion Belt","Red Mask","FaceOfCleric","Mummified Hand"],"acts_visited":["Exordium","TheCity"],"potions_floor_usage":[33,33,33],"damage_taken":[{"damage":0.0,"enemies":"Small Slimes","floor":1.0,"turns":2.0},{"damage":0.0,"enemies":"Jaw Worm","floor":3.0,"turns":1.0},{"damage":0.0,"enemies":"Cultist","floor":4.0,"turns":1.0},{"damage":5.0,"enemies":"2 Fungi Beasts","floor":5.0,"turns":3.0},{"damage":9.0,"enemies":"Large Slime","floor":7.0,"turns":4.0},{"damage":19.0,"enemies":"3 Sentries","floor":8.0,"turns":8.0},{"damage":0.0,"enemies":"Blue Slaver","floor":14.0,"turns":3.0},{"damage":40.0,"enemies":"The Guardian","floor":16.0,"turns":9.0},{"damage":27.0,"enemies":"3 Byrds","floor":18.0,"turns":3.0},{"damage":0.0,"enemies":"Chosen","floor":20.0,"turns":3.0},{"damage":0.0,"enemies":"Gremlin Leader","floor":23.0,"turns":3.0},{"damage":0.0,"enemies":"Snecko","floor":25.0,"turns":3.0},{"damage":0.0,"enemies":"Masked Bandits","floor":27.0,"turns":3.0},{"damage":4.0,"enemies":"Shelled Parasite and Fungi","floor":28.0,"turns":2.0},{"damage":9.0,"enemies":"Book of Stabbing","floor":31.0,"turns":4.0},{"damage":65,"enemies":"Automaton","floor":33,"turns":4}],"seed_played":"-3632069890047804518","potions_obtained":[{"floor":5.0,"key":"Strength Potion"},{"floor":8.0,"key":"LiquidMemories"},{"floor":16.0,"key":"ColorlessPotion"},{"floor":20.0,"key":"StancePotion"},{"floor":25.0,"key":"Explosive Potion"},{"floor":27.0,"key":"SpeedPotion"},{"floor":28.0,"key":"GamblersBrew"},{"floor":31.0,"key":"Swift Potion"}],"is_trial":false,"path_per_floor":["M","?","M","M","M","R","M","E","T","R","T","R","?","M","R","B",null,"M","$","M","$","?","E","R","M","T","?","M","$","?","E","R","B"],"character_chosen":"WATCHER","items_purchased":["Master of Strategy","TalkToTheHand"],"campfire_rested":2,"item_purchase_floors":[19,29],"current_hp_per_floor":[72,72,72,72,67,67,58,39,39,39,39,60,60,60,60,20,72,45,45,45,45,45,45,45,45,45,45,41,41,41,33,54,0,0],"gold":54,"neow_bonus":"THREE_ENEMY_KILL","is_daily":false,"chose_seed":false,"campfire_upgraded":4,"win_rate":0.0,"timestamp":1614431409,"path_taken":["M","?","M","M","M","R","M","E","T","R","?","R","?","M","R","BOSS","M","$","M","?","?","E","R","M","T","?","M","?","?","E","R","BOSS"],"items_purchased_type":["Card","Card"],"build_version":"2020-12-22","purchased_purges":3,"victory":false,"max_hp_per_floor":[72,72,72,72,72,72,72,72,72,72,72,72,72,72,72,72,72,72,72,72,72,72,72,72,72,72,72,72,72,72,73,73,73,73],"card_choices":[{"not_picked":["BowlingBash","Study"],"picked":"Consecrate","floor":1.0},{"not_picked":["JustLucky","ReachHeaven"],"picked":"EmptyFist","floor":3.0},{"not_picked":["FlyingSleeves","Blasphemy"],"picked":"WheelKick","floor":4.0},{"not_picked":["SashWhip","ClearTheMind"],"picked":"CrushJoints","floor":5.0},{"not_picked":["BowlingBash","FollowUp","ThirdEye"],"picked":"SKIP","floor":7.0},{"not_picked":["BowlingBash","Prostrate"],"picked":"Consecrate","floor":8.0},{"not_picked":["WindmillStrike","FlurryOfBlows"],"picked":"FollowUp","floor":14.0},{"not_picked":["Establishment","MasterReality"],"picked":"Scrawl","floor":16.0},{"not_picked":["BowlingBash","CutThroughFate","CrushJoints"],"picked":"SKIP","floor":18.0},{"not_picked":["ThirdEye","EmptyBody+1"],"picked":"ConjureBlade","floor":20.0},{"not_picked":["CrushJoints+1","Protect","FlyingSleeves"],"picked":"SKIP","floor":23.0},{"not_picked":["MasterReality","Fasting2+1","EmptyFist+1"],"picked":"SKIP","floor":25.0},{"not_picked":["FlyingSleeves","Perseverance"],"picked":"Evaluate","floor":27.0},{"not_picked":["EmptyFist","Perseverance+1"],"picked":"ClearTheMind","floor":28.0},{"not_picked":["Evaluate","ReachHeaven+1","JustLucky"],"picked":"SKIP","floor":31.0}],"player_experience":253102,"relics_obtained":[{"floor":8.0,"key":"Oddly Smooth Stone"},{"floor":9.0,"key":"Letter Opener"},{"floor":11.0,"key":"Sundial"},{"floor":23.0,"key":"White Beast Statue"},{"floor":26.0,"key":"Potion Belt"},{"floor":27.0,"key":"Red Mask"},{"floor":31.0,"key":"Mummified Hand"}],"event_choices":[{"cards_removed":["Strike_P"],"damage_healed":0.0,"max_hp_gain":0.0,"max_hp_loss":0.0,"gold_gain":0.0,"event_name":"Living Wall","player_choice":"Forget","floor":2.0,"gold_loss":0.0,"damage_taken":0.0},{"damage_healed":0.0,"max_hp_gain":0.0,"max_hp_loss":0.0,"gold_gain":0.0,"event_name":"Accursed Blacksmith","player_choice":"Forge","floor":13.0,"gold_loss":0.0,"damage_taken":0.0,"cards_upgraded":["Vigilance"]},{"damage_healed":0.0,"max_hp_gain":0.0,"max_hp_loss":0.0,"gold_gain":0.0,"event_name":"The Mausoleum","player_choice":"Ignored","floor":22.0,"gold_loss":0.0,"damage_taken":0.0},{"damage_healed":0.0,"max_hp_gain":0.0,"max_hp_loss":0.0,"gold_gain":0.0,"event_name":"Masked Bandits","player_choice":"Fought Bandits","floor":27.0,"gold_loss":0.0,"damage_taken":0.0},{"damage_healed":0.0,"max_hp_gain":0.0,"max_hp_loss":0.0,"gold_gain":0.0,"event_name":"FaceTrader","player_choice":"Trade","floor":30.0,"gold_loss":0.0,"damage_taken":0.0,"relics_obtained":["FaceOfCleric"]}],"is_beta":false,"boss_relics":[{"not_picked":["Coffee Dripper","Ectoplasm"],"picked":"VioletLotus"}],"items_purged_floors":[19,21,29],"is_endless":false,"potions_floor_spawned":[5,8,16,20,25,27,28,31],"killed_by":"Automaton","ascension_level":0}}