{"host":"yv9bat22duk2ekoy","time":1614421477,"event":{"mods":["BaseMod","Card Forge","Downfall","Minty Spire (QoL Compilation)","StSLib","Uncapped"],"gold_per_floor":[219,65,78,78,91,108,127,127,127,159,129,155,174,204,204,301,301,318,333,344,45,45,45,78,92,92,92,125,135,135,135,135,235,235,255,274,1273,1290,1290,1290,1310,1324,1324,912,912,469,469,487,487,487],"floor_reached":51,"language":"ENG","playtime":2822,"items_purged":[],"score":784,"play_id":"43557050-b6f0-409d-87d8-dc4262f74a67","local_time":"20210227112437","is_ascension_mode":false,"campfire_choices":[{"floor":8.0,"key":"REST"},{"floor":15.0,"key":"DIG"},{"floor":23,"key":"DIG"},{"floor":27,"key":"REST"},{"floor":30,"key":"DIG"},{"floor":32,"key":"REST"},{"floor":40,"key":"DIG"},{"floor":45,"key":"REST"},{"floor":49,"key":"DIG"}],"circlet_count":0,"master_deck":["Strike_B+1","Strike_B+1","Strike_B+1","Strike_B+1","Defend_B+1","Defend_B+1","Defend_B+1","Defend_B+1","Zap+1","Dualcast+1","Self Repair+1","Machine Learning+1","Electrodynamics+1","Stack+1","Capacitor+1","Chaos+1","White Noise+1","Coolheaded+1","Lockon+1","Defragment+1","Capacitor+1","Hologram+1","Barrage+1","Multi-Cast+1","Capacitor+1","Redo+1","Defragment+1","Fusion+1","Creative AI+1","Thunder Strike+1","Double Energy+1","Compile Driver+1","Storm+1","Double Energy+1","Compile Driver+1","Defragment+1","Magnetism+1","Redo+1","Barrage+1"],"relics":["Cracked Core","Hammer of Thor","Seething Fire","Anvil of the Gods","Meat on the Bone","Pantograph","War Paint","Shovel","WingedGreaves","Regal Pillow","bronze:MakeshiftBattery","Mango","sneckomod:BabySnecko","Bag of Preparation","Prayer Wheel","Pen Nib","Toy Ornithopter","Peace Pipe","Sozu","Darkstone Periapt","White Beast Statue","Gremlin Horn","PreservedInsect","Vajra","Boot","TheAbacus","Lantern"],"acts_visited":["Exordium","TheCity","TheBeyond"],"potions_floor_usage":[29],"damage_taken":[{"damage":0.0,"enemies":"Small Slimes","floor":1.0,"turns":2.0},{"damage":11.0,"enemies":"Jaw Worm","floor":3.0,"turns":3.0},{"damage":0.0,"enemies":"Cultist","floor":5.0,"turns":3.0},{"damage":11.0,"enemies":"Blue Slaver","floor":6.0,"turns":3.0},{"damage":0.0,"enemies":"2 Fungi Beasts","floor":7.0,"turns":1.0},{"damage":23.0,"enemies":"Gremlin Nob","floor":10.0,"turns":5.0},{"damage":24.0,"enemies":"Lagavulin","floor":12.0,"turns":5.0},{"damage":3.0,"enemies":"Large Slime","floor":13.0,"turns":4.0},{"damage":18.0,"enemies":"Gremlin Nob","floor":14.0,"turns":4.0},{"damage":38.0,"enemies":"Hexaghost","floor":16.0,"turns":8.0},{"damage":0,"enemies":"Shell Parasite","floor":18,"turns":3},{"damage":22,"enemies":"2 Thieves","floor":19,"turns":3},{"damage":16,"enemies":"Centurion and Healer","floor":20,"turns":5},{"damage":52,"enemies":"Gremlin Leader","floor":24,"turns":5},{"damage":24,"enemies":"Cultist and Chosen","floor":25,"turns":5},{"damage":20,"enemies":"Book of Stabbing","floor":28,"turns":4},{"damage":21,"enemies":"Snake Plant","floor":29,"turns":3},{"damage":14,"enemies":"Champ","floor":33,"turns":6},{"damage":2,"enemies":"Orb Walker","floor":35,"turns":3},{"damage":3,"enemies":"3 Shapes","floor":36,"turns":4},{"damage":51,"enemies":"Writhing Mass","floor":38,"turns":4},{"damage":0,"enemies":"Transient","floor":41,"turns":5},{"damage":48,"enemies":"3 Darklings","floor":42,"turns":4},{"damage":20,"enemies":"Jaw Worm Horde","floor":48,"turns":3},{"damage":96,"enemies":"Awakened One","floor":50,"turns":4}],"seed_played":"-5817892103780806130","potions_obtained":[{"floor":3.0,"key":"Energy Potion"},{"floor":6.0,"key":"Explosive Potion"},{"floor":7.0,"key":"SteroidPotion"},{"floor":11.0,"key":"SmokeBomb"},{"floor":11.0,"key":"FairyPotion"},{"floor":14.0,"key":"Energy Potion"},{"floor":20,"key":"Regen Potion"},{"floor":33,"key":"Fire Potion"}],"is_trial":false,"path_per_floor":["M","$","M","?","M","M","M","R","T","E","?","E","M","E","R","B",null,"M","M","M","$","?","R","E","M","T","R","E","M","R","?","R","B",null,"M","M","?","M","?","R","M","M","T","$","R","$","?","M","R","B",null],"character_chosen":"DEFECT","items_purchased":["Capacitor","Chaos","Mango","Gremlin Horn","PreservedInsect","Vajra","Boot","TheAbacus"],"campfire_rested":4,"item_purchase_floors":[2,2,21,44,44,46,46,46],"current_hp_per_floor":[75,75,74,71,71,70,70,75,75,62,62,48,55,59,59,59,75,75,63,57,71,71,71,41,39,39,80,70,63,63,63,89,75,89,87,84,84,55,55,55,65,39,39,39,80,80,80,60,60,48],"gold":487,"neow_bonus":"HUNDRED_GOLD","is_daily":false,"chose_seed":false,"campfire_upgraded":0,"win_rate":0.0,"timestamp":1614421477,"path_taken":["M","$","M","?","M","M","M","R","T","E","?","E","?","E","R","BOSS","M","M","M","$","?","R","E","M","T","R","E","M","R","?","R","BOSS","M","M","?","M","?","R","?","M","T","?","R","$","?","M","R","BOSS"],"items_purchased_type":["Card","Card","Relic","Relic","Relic","Relic","Relic","Relic"],"build_version":"2020-12-22","purchased_purges":0,"victory":true,"max_hp_per_floor":[75,75,75,75,75,75,75,75,75,75,75,75,75,75,75,75,75,75,75,75,89,89,89,89,89,89,89,89,89,89,89,89,89,89,89,89,89,89,89,89,89,89,89,89,89,89,89,89,89,89],"card_choices":[{"not_picked":["Conserve Battery","Compile Driver"],"picked":"Stack","floor":1.0},{"not_picked":["Force Field","Darkness"],"picked":"White Noise","floor":3.0},{"not_picked":["Doom and Gloom","Sweeping Beam"],"picked":"Coolheaded","floor":5.0},{"not_picked":["Compile Driver","Sweeping Beam"],"picked":"Lockon","floor":6.0},{"not_picked":["Beam Cell","Reboot"],"picked":"Defragment","floor":7.0},{"not_picked":["Genetic Algorithm","Rebound"],"picked":"Capacitor","floor":10.0},{"not_picked":["BootSequence","Doom and Gloom"],"picked":"Hologram","floor":12.0},{"not_picked":["Auto Shields","Leap","Chill"],"picked":"SKIP","floor":13.0},{"not_picked":["Coolheaded","Doom and Gloom"],"picked":"Barrage","floor":14.0},{"not_picked":["Rainbow","Machine Learning"],"picked":"Multi-Cast","floor":16.0},{"not_picked":["Scrape","Reprogram"],"picked":"Capacitor","floor":18},{"not_picked":["Coolheaded","Reprogram","Sweeping Beam"],"picked":"SKIP","floor":19},{"not_picked":["Conserve Battery","Hello World"],"picked":"Redo+1","floor":20},{"not_picked":["Coolheaded","BootSequence+1","Auto Shields"],"picked":"SKIP","floor":24},{"not_picked":["Leap","Redo"],"picked":"Defragment","floor":25},{"not_picked":["Streamline","Steam","Go for the Eyes"],"picked":"SKIP","floor":25},{"not_picked":["Lockon+1","Leap+1","Hologram"],"picked":"SKIP","floor":28},{"not_picked":["Ball Lightning+1","Defragment"],"picked":"Fusion","floor":29},{"not_picked":["Scrape+1","Steam Power"],"picked":"Creative AI","floor":29},{"not_picked":["Rainbow","Biased Cognition"],"picked":"Thunder Strike","floor":33},{"not_picked":["Ball Lightning+1","Cold Snap+1"],"picked":"Double Energy","floor":35},{"not_picked":["Stack+1","Barrage+1","Beam Cell"],"picked":"SKIP","floor":35},{"not_picked":["Doom and Gloom","BootSequence+1","Redo"],"picked":"SKIP","floor":36},{"not_picked":["Melter","Seek","Coolheaded+1"],"picked":"SKIP","floor":36},{"not_picked":["Go for the Eyes+1","Sweeping Beam+1"],"picked":"Compile Driver+1","floor":38},{"not_picked":["Blizzard+1","Coolheaded+1"],"picked":"Storm+1","floor":38},{"not_picked":["Blizzard+1","Aggregate+1"],"picked":"Double Energy+1","floor":41},{"not_picked":["Gash+1","Coolheaded"],"picked":"Compile Driver","floor":41},{"not_picked":["Consume","Leap"],"picked":"Defragment","floor":42},{"not_picked":["Steam+1","Static Discharge","Barrage"],"picked":"SKIP","floor":42},{"not_picked":["Transmutation","Trip"],"picked":"Magnetism","floor":47},{"not_picked":["Darkness","Stack+1"],"picked":"Redo+1","floor":48},{"not_picked":["Melter+1","Doom and Gloom"],"picked":"Barrage+1","floor":48}],"player_experience":68586,"relics_obtained":[{"floor":9.0,"key":"Pantograph"},{"floor":10.0,"key":"War Paint"},{"floor":12.0,"key":"Shovel"},{"floor":14.0,"key":"WingedGreaves"},{"floor":15.0,"key":"Regal Pillow"},{"floor":23,"key":"Bag of Preparation"},{"floor":24,"key":"Prayer Wheel"},{"floor":26,"key":"Pen Nib"},{"floor":28,"key":"Toy Ornithopter"},{"floor":30,"key":"Peace Pipe"},{"floor":40,"key":"Darkstone Periapt"},{"floor":43,"key":"White Beast Statue"},{"floor":49,"key":"Lantern"}],"event_choices":[{"damage_healed":0.0,"max_hp_gain":0.0,"max_hp_loss":0.0,"gold_gain":0.0,"event_name":"Scrap Ooze","player_choice":"Success","floor":4.0,"gold_loss":0.0,"damage_taken":3.0,"relics_obtained":["Meat on the Bone"]},{"damage_healed":0.0,"max_hp_gain":0.0,"max_hp_loss":0.0,"gold_gain":0.0,"event_name":"The Woman in Blue","player_choice":"Bought 2 Potions","floor":11.0,"gold_loss":0.0,"damage_taken":0.0},{"damage_healed":0,"gold_gain":0,"player_choice":"Simplicity","damage_taken":0,"max_hp_gain":0,"max_hp_loss":0,"event_name":"Back to Basics","floor":31,"gold_loss":0,"cards_upgraded":[]},{"damage_healed":0,"gold_gain":999,"player_choice":"Gold","damage_taken":0,"max_hp_gain":0,"max_hp_loss":0,"event_name":"MindBloom","floor":37,"gold_loss":0,"cards_obtained":["Normality","Normality"]},{"damage_healed":0,"gold_gain":0,"player_choice":"Ignored","damage_taken":0,"max_hp_gain":0,"max_hp_loss":0,"event_name":"Tomb of Lord Red Mask","floor":39,"gold_loss":0},{"damage_healed":0,"gold_gain":0,"player_choice":"Memory 1","damage_taken":0,"max_hp_gain":0,"max_hp_loss":0,"event_name":"SensoryStone","floor":47,"gold_loss":0}],"is_beta":false,"boss_relics":[{"not_picked":["Snecko Eye","SacredBark"],"picked":"bronze:MakeshiftBattery"},{"not_picked":["Runic Pyramid","Calling Bell"],"picked":"Sozu"}],"items_purged_floors":[],"is_endless":false,"potions_floor_spawned":[3,6,7,14,20,24,29,33,35,38,48],"ascension_level":0}}