{"host":"aovbmu76o5toxav1","time":1614436141,"event":{"mods":["BaseMod","Jorbs\u0027s Wanderer Trilogy","Marisa????????","Minty Spire (QoL Compilation)","StSLib","The Bug Knight","The Servant 0.9.4"],"gold_per_floor":[12,32,46,64,75,108,124,124,124,124,142,173,187,36,36,138,138,149,165,177,177,177,177,177],"floor_reached":23,"language":"ENG","playtime":1923,"items_purged":["Strike_MRS"],"score":217,"play_id":"4392a02d-e102-4b2d-86ff-29034b75e028","local_time":"20210227092901","is_ascension_mode":true,"campfire_choices":[{"data":"MasterSpark","floor":8,"key":"SMITH"},{"data":"MysteriousBeam","floor":10,"key":"SMITH"},{"data":"SuperNova","floor":15,"key":"SMITH"}],"circlet_count":0,"master_deck":["Strike_MRS","Strike_MRS","Defend_MRS","Defend_MRS","Defend_MRS","MasterSpark+1","UpSweep","MeteoricShower","SuperNova+1","MysteriousBeam+1","IllusionStar","GalacticHalo","MilkyWay","AsteroidBelt","DC","GasGiant","Orbital","OortCloud","MillisecondPulsars","WitchLeyline","UnstableBomb","WitchLeyline","RitualDagger"],"relics":["MiniHakkero","Anchor","Unceasing Top","Singing Bowl","Black Star"],"acts_visited":["TheCity"],"potions_floor_usage":[16,23],"damage_taken":[{"damage":0,"enemies":"2 Louse","floor":1,"turns":2},{"damage":3,"enemies":"Small Slimes","floor":2,"turns":2},{"damage":1,"enemies":"Cultist","floor":3,"turns":3},{"damage":11,"enemies":"Exordium Wildlife","floor":4,"turns":3},{"damage":1,"enemies":"Exordium Thugs","floor":5,"turns":3},{"damage":10,"enemies":"3 Sentries","floor":6,"turns":7},{"damage":0,"enemies":"2 Fungi Beasts","floor":7,"turns":2},{"damage":0,"enemies":"3 Louse","floor":11,"turns":2},{"damage":7,"enemies":"HollowMod:MossKnight","floor":12,"turns":7},{"damage":5,"enemies":"Exordium Thugs","floor":13,"turns":4},{"damage":11,"enemies":"Hexaghost","floor":16,"turns":7},{"damage":5,"enemies":"Shell Parasite","floor":18,"turns":3},{"damage":20,"enemies":"2 Thieves","floor":19,"turns":4},{"damage":31,"enemies":"Snake Plant","floor":20,"turns":6},{"damage":22,"enemies":"Slavers","floor":23,"turns":2}],"seed_played":"2648388621577289449","potions_obtained":[{"floor":2,"key":"Dexterity Potion"},{"floor":3,"key":"LiquidBronze"},{"floor":6,"key":"Ancient Potion"}],"is_trial":false,"path_per_floor":["M","M","M","M","M","E","M","R","T","R","M","E","M","$","R","B",null,"M","M","M","?","?","E"],"character_chosen":"MARISA","items_purchased":["OortCloud"],"campfire_rested":0,"item_purchase_floors":[14],"current_hp_per_floor":[75,72,71,60,59,49,49,49,49,49,49,42,37,37,37,26,75,72,52,21,21,15,0,0],"gold":177,"neow_bonus":"TRANSFORM_TWO_CARDS","is_daily":false,"chose_seed":false,"campfire_upgraded":3,"win_rate":0.0,"timestamp":1614436141,"path_taken":["M","M","M","M","M","E","M","R","T","R","M","E","M","$","R","BOSS","M","M","M","?","?","E"],"items_purchased_type":["Card"],"build_version":"2020-12-22","purchased_purges":1,"victory":false,"max_hp_per_floor":[75,75,75,75,75,75,75,75,75,75,75,75,75,75,75,75,75,77,77,77,77,77,77,77],"card_choices":[{"not_picked":["OpenUniverse","MagicAbsorber"],"picked":"MysteriousBeam","floor":1},{"not_picked":["LuminesStrike","6A"],"picked":"IllusionStar","floor":2},{"not_picked":["ChargeUpSpray","6A","Occultation"],"picked":"SKIP","floor":3},{"not_picked":["RefractionSpark","OpenUniverse"],"picked":"GalacticHalo","floor":4},{"not_picked":["GrandCross","6A"],"picked":"MilkyWay","floor":5},{"not_picked":["EventHorizon","CollectingQuirk"],"picked":"AsteroidBelt","floor":6},{"not_picked":["PulseMagic","EarthLightRay"],"picked":"DC","floor":7},{"not_picked":["AsteroidBelt","OneTimeOff","MagicAbsorber"],"picked":"SKIP","floor":11},{"not_picked":["AsteroidBelt","UltimateShortwave"],"picked":"GasGiant","floor":12},{"not_picked":["StarBarrage","Acceleration"],"picked":"Orbital","floor":13},{"not_picked":["SuperNova","JA"],"picked":"MillisecondPulsars","floor":16},{"not_picked":["AsteroidBelt","DeepEcoloBomb","SporeBomb+1"],"picked":"Singing Bowl","floor":18},{"not_picked":["ShootingEcho","AlicesGift"],"picked":"WitchLeyline","floor":19},{"not_picked":["BlazeAway+1","WitchOfGreed+1"],"picked":"UnstableBomb","floor":20}],"player_experience":145115,"relics_obtained":[{"floor":6,"key":"Anchor"},{"floor":9,"key":"Unceasing Top"},{"floor":12,"key":"Singing Bowl"}],"event_choices":[{"damage_healed":0,"gold_gain":0,"player_choice":"Read","damage_taken":0,"max_hp_gain":0,"max_hp_loss":0,"event_name":"The Library","floor":21,"gold_loss":0,"cards_obtained":["WitchLeyline"]},{"damage_healed":0,"gold_gain":0,"player_choice":"Joined the Cult","damage_taken":6,"max_hp_gain":0,"max_hp_loss":0,"event_name":"Nest","floor":22,"gold_loss":0,"cards_obtained":["RitualDagger"]}],"is_beta":false,"boss_relics":[{"not_picked":["Philosopher\u0027s Stone","Coffee Dripper"],"picked":"Black Star"}],"items_purged_floors":[14],"is_endless":false,"potions_floor_spawned":[2,3,6,11],"killed_by":"Slavers","ascension_level":1}}