{"host":"xsuxkwaivmtd234a","time":1614441158,"event":{"mods":["BaseMod","Bestiary","Colored Map","Filter the Spire","Minty Spire (QoL Compilation)","Relic Stats","StSLib"],"gold_per_floor":[112,131,148,148,168,168,201,216,216,216,231,266,289,305,305,404,404,423,36,136,152,152,152,168,194,194,194,194],"floor_reached":27,"language":"ENG","playtime":1252,"items_purged":["Strike_G"],"score":368,"play_id":"25bd995a-454e-4958-b868-2de191b7cec7","local_time":"20210227105238","is_ascension_mode":true,"campfire_choices":[{"data":"Dagger Spray","floor":6,"key":"SMITH"},{"floor":10,"key":"REST"},{"data":"Prepared","floor":15,"key":"SMITH"},{"data":"Bouncing Flask","floor":23,"key":"SMITH"}],"circlet_count":0,"master_deck":["AscendersBane","Strike_G","Strike_G","Strike_G","Strike_G","Defend_G","Defend_G","Defend_G","Defend_G","Defend_G","Survivor","Neutralize","Dagger Spray+1","Calculated Gamble+1","Catalyst","Eviscerate","Prepared+1","Concentrate","Predator","After Image","All Out Attack","Bouncing Flask+1","Panache","Accuracy+1","Noxious Fumes+1","Backstab"],"relics":["Ring of the Snake","Tingsha","Kunai","Eternal Feather","Bottled Lightning","Odd Mushroom","Snecko Eye","Mummified Hand","Mercury Hourglass"],"acts_visited":["Exordium","TheCity"],"potions_floor_usage":[7,13,16,25,25,25],"damage_taken":[{"damage":1,"enemies":"2 Louse","floor":1,"turns":2},{"damage":0,"enemies":"Cultist","floor":2,"turns":5},{"damage":0,"enemies":"Small Slimes","floor":3,"turns":3},{"damage":0,"enemies":"2 Fungi Beasts","floor":5,"turns":2},{"damage":31,"enemies":"Lagavulin","floor":7,"turns":8},{"damage":0,"enemies":"Red Slaver","floor":8,"turns":4},{"damage":1,"enemies":"Blue Slaver","floor":11,"turns":4},{"damage":10,"enemies":"3 Sentries","floor":12,"turns":5},{"damage":0,"enemies":"The Mushroom Lair","floor":13,"turns":1},{"damage":0,"enemies":"Looter","floor":14,"turns":1},{"damage":32,"enemies":"The Guardian","floor":16,"turns":11},{"damage":0,"enemies":"3 Byrds","floor":18,"turns":5},{"damage":14,"enemies":"Shell Parasite","floor":21,"turns":3},{"damage":7,"enemies":"Snecko","floor":24,"turns":4},{"damage":19,"enemies":"Gremlin Leader","floor":25,"turns":5},{"damage":29,"enemies":"Slavers","floor":27,"turns":1}],"seed_played":"-4020392741633990873","potions_obtained":[{"floor":2,"key":"Weak Potion"},{"floor":8,"key":"Weak Potion"},{"floor":12,"key":"Explosive Potion"},{"floor":13,"key":"Energy Potion"},{"floor":24,"key":"Block Potion"}],"is_trial":false,"path_per_floor":["M","M","M","?","M","R","E","M","T","R","M","E","?","M","R","B",null,"M","$","?","M","?","R","M","E","T","E"],"character_chosen":"THE_SILENT","items_purchased":["Bouncing Flask","Explosive Potion","Panache"],"campfire_rested":1,"item_purchase_floors":[19,19,19],"current_hp_per_floor":[44,44,44,44,44,44,13,13,13,43,42,32,32,32,44,12,56,56,56,56,42,42,54,47,28,28,0,0],"gold":194,"neow_bonus":"ONE_RARE_RELIC","is_daily":false,"chose_seed":false,"campfire_upgraded":3,"win_rate":0.0,"timestamp":1614441158,"path_taken":["M","M","M","?","?","R","E","M","T","R","M","E","?","M","R","BOSS","M","$","?","?","?","R","M","E","T","E"],"items_purchased_type":["Card","Potion","Card"],"build_version":"2020-12-22","purchased_purges":1,"victory":false,"max_hp_per_floor":[70,70,70,70,70,70,70,70,70,70,70,70,70,70,70,70,70,70,70,70,70,70,70,70,70,70,70,70],"relic_stats":{"counters":[16,64],"Mummified Hand":[2],"Snecko Eye":[55,47,44,44],"Tingsha":[409],"Eternal Feather":33,"Kunai":[6],"obtain_stats":[{"Mummified Hand":25,"Snecko Eye":17,"Tingsha":0,"Eternal Feather":9,"Kunai":7,"Bottled Lightning":12,"Odd Mushroom":13,"Ring of the Snake":0,"Mercury Hourglass":26},{"Mummified Hand":15,"Snecko Eye":11,"Tingsha":0,"Eternal Feather":6,"Kunai":5,"Bottled Lightning":8,"Odd Mushroom":9,"Ring of the Snake":0,"Mercury Hourglass":15},{"Mummified Hand":63,"Snecko Eye":46,"Tingsha":0,"Eternal Feather":24,"Kunai":20,"Bottled Lightning":33,"Odd Mushroom":34,"Ring of the Snake":0,"Mercury Hourglass":63}],"Ring of the Snake":[32],"Mercury Hourglass":[9]},"card_choices":[{"not_picked":["Underhanded Strike","Riddle With Holes","Backflip"],"picked":"SKIP","floor":1},{"not_picked":["Blade Dance","Acrobatics"],"picked":"Dagger Spray","floor":2},{"not_picked":["Flying Knee","Accuracy"],"picked":"Calculated Gamble","floor":3},{"not_picked":["Acrobatics","Dodge and Roll"],"picked":"Catalyst","floor":5},{"not_picked":["Acrobatics","Bane","Flechettes"],"picked":"SKIP","floor":7},{"not_picked":["Accuracy","Tactician"],"picked":"Eviscerate","floor":8},{"not_picked":["Masterful Stab","Dagger Spray"],"picked":"Prepared","floor":11},{"not_picked":["A Thousand Cuts","Underhanded Strike"],"picked":"Concentrate","floor":12},{"not_picked":["Dagger Spray","Choke"],"picked":"Predator","floor":13},{"not_picked":["Sucker Punch","Deflect","Choke"],"picked":"SKIP","floor":14},{"not_picked":["Doppelganger","Burst"],"picked":"After Image","floor":16},{"not_picked":["Acrobatics","Skewer+1"],"picked":"All Out Attack","floor":18},{"not_picked":["Blade Dance","Outmaneuver"],"picked":"Accuracy+1","floor":21},{"not_picked":["Accuracy","Dagger Throw"],"picked":"Noxious Fumes+1","floor":24},{"not_picked":["Acrobatics","Flying Knee"],"picked":"Backstab","floor":25}],"player_experience":1398287,"relics_obtained":[{"floor":7,"key":"Kunai"},{"floor":9,"key":"Eternal Feather"},{"floor":12,"key":"Bottled Lightning"},{"floor":13,"key":"Odd Mushroom"},{"floor":25,"key":"Mummified Hand"},{"floor":26,"key":"Mercury Hourglass"}],"event_choices":[{"damage_healed":0,"gold_gain":0,"player_choice":"Upgraded","damage_taken":0,"max_hp_gain":0,"max_hp_loss":0,"event_name":"Upgrade Shrine","floor":4,"gold_loss":0,"cards_upgraded":["Calculated Gamble"]},{"damage_healed":0,"gold_gain":0,"player_choice":"Fought Mushrooms","damage_taken":0,"max_hp_gain":0,"max_hp_loss":0,"event_name":"Mushrooms","floor":13,"gold_loss":0},{"damage_healed":0,"gold_gain":100,"player_choice":"Pray","damage_taken":0,"max_hp_gain":0,"max_hp_loss":0,"event_name":"Golden Shrine","floor":20,"gold_loss":0},{"damage_healed":0,"gold_gain":0,"player_choice":"Ignored","damage_taken":0,"max_hp_gain":0,"max_hp_loss":0,"event_name":"Vampires","floor":22,"gold_loss":0}],"is_beta":false,"boss_relics":[{"not_picked":["Tiny House","Calling Bell"],"picked":"Snecko Eye"}],"items_purged_floors":[19],"is_endless":false,"potions_floor_spawned":[2,8,12,13,24],"killed_by":"Slavers","ascension_level":10}}