{"host":"fv4u04bzswzfg5qa","time":1614399035,"event":{"mods":["BaseMod","Colored Map","Colored Powertips","Highlight Path","Minty Spire (QoL Compilation)","StSLib","Synergy Search"],"gold_per_floor":[209,222,222,147,147,176,176,189,189,220,220,220,220,67,67,172,172,189,207,306,324,34,34,64,8,8,8,25,25,41,51,51,150,150,169,181,231,247,90,90,138,165,191,241,241,241,267,284,284,284],"floor_reached":51,"language":"ENG","playtime":3999,"items_purged":["Regret"],"score":832,"play_id":"f9bdc9c0-d01c-49dc-805d-df52187e040c","local_time":"20210226231035","is_ascension_mode":true,"campfire_choices":[{"floor":7.0,"key":"REST"},{"data":"Shockwave","floor":11.0,"key":"SMITH"},{"floor":13.0,"key":"REST"},{"data":"Clothesline","floor":15.0,"key":"SMITH"},{"floor":23.0,"key":"REST"},{"floor":27.0,"key":"REST"},{"data":"Feel No Pain","floor":29.0,"key":"SMITH"},{"data":"Metallicize","floor":32.0,"key":"SMITH"},{"data":"Demon Form","floor":40.0,"key":"SMITH"},{"floor":46.0,"key":"REST"},{"data":"True Grit","floor":49.0,"key":"SMITH"}],"circlet_count":0,"master_deck":["Strike_R","Strike_R","Strike_R","Strike_R","Strike_R","Defend_R+1","Defend_R","Defend_R+1","Defend_R+1","Bash+1","Pommel Strike","Iron Wave","Clothesline+1","Shockwave+1","Thunderclap","Feel No Pain+1","Armaments+1","Metallicize+1","True Grit+1","Demon Form+1","Thunderclap+1","Armaments+1","Rampage+1","Ghostly Armor+1","Rampage+1","Heavy Blade+1","Pain","Uppercut+1","Iron Wave+1","Disarm+1"],"relics":["Burning Blood","Mummified Hand","Singing Bowl","Anchor","Red Skull","Akabeko","Frozen Eye","Mark of Pain","Medical Kit","War Paint","Gremlin Horn","Molten Egg 2","Centennial Puzzle","Snecko Eye","Pocketwatch","PreservedInsect","Prayer Wheel","Art of War","Smiling Mask","Blood Vial","WarpedTongs","Charon\u0027s Ashes"],"acts_visited":["Exordium","TheCity","TheBeyond"],"potions_floor_usage":[50],"damage_taken":[{"damage":4.0,"enemies":"Jaw Worm","floor":1.0,"turns":4.0},{"damage":0.0,"enemies":"Small Slimes","floor":2.0,"turns":4.0},{"damage":27.0,"enemies":"3 Sentries","floor":6.0,"turns":12.0},{"damage":1.0,"enemies":"Cultist","floor":8.0,"turns":3.0},{"damage":41.0,"enemies":"Lagavulin","floor":10.0,"turns":9.0},{"damage":43.0,"enemies":"Hexaghost","floor":16.0,"turns":9.0},{"damage":25.0,"enemies":"Chosen","floor":18.0,"turns":7.0},{"damage":19.0,"enemies":"Shell Parasite","floor":19.0,"turns":6.0},{"damage":22.0,"enemies":"Cultist and Chosen","floor":21.0,"turns":7.0},{"damage":20.0,"enemies":"Slavers","floor":24.0,"turns":7.0},{"damage":9.0,"enemies":"Snecko","floor":28.0,"turns":6.0},{"damage":23.0,"enemies":"Shelled Parasite and Fungi","floor":30.0,"turns":6.0},{"damage":1.0,"enemies":"Centurion and Healer","floor":31.0,"turns":8.0},{"damage":0.0,"enemies":"Collector","floor":33.0,"turns":23.0},{"damage":7.0,"enemies":"Orb Walker","floor":35.0,"turns":4.0},{"damage":13.0,"enemies":"3 Darklings","floor":36.0,"turns":5.0},{"damage":15.0,"enemies":"Mind Bloom Boss Battle","floor":37.0,"turns":6.0},{"damage":0.0,"enemies":"4 Shapes","floor":38.0,"turns":5.0},{"damage":11.0,"enemies":"2 Orb Walkers","floor":41.0,"turns":5.0},{"damage":37.0,"enemies":"Reptomancer","floor":42.0,"turns":6.0},{"damage":11.0,"enemies":"Giant Head","floor":47.0,"turns":6.0},{"damage":0.0,"enemies":"Jaw Worm Horde","floor":48.0,"turns":2.0},{"damage":50,"enemies":"Donu and Deca","floor":50,"turns":9}],"seed_played":"4651914784395615408","potions_obtained":[{"floor":2.0,"key":"PowerPotion"},{"floor":6.0,"key":"GamblersBrew"},{"floor":8.0,"key":"Explosive Potion"},{"floor":16.0,"key":"PowerPotion"},{"floor":24.0,"key":"PowerPotion"},{"floor":28.0,"key":"FearPotion"},{"floor":30.0,"key":"Dexterity Potion"},{"floor":33.0,"key":"SkillPotion"},{"floor":35.0,"key":"Regen Potion"},{"floor":37.0,"key":"SpeedPotion"},{"floor":42.0,"key":"Weak Potion"}],"is_trial":false,"path_per_floor":["M","M","?","$","?","E","R","M","T","E","R","T","R","$","R","B",null,"M","M","?","M","$","R","E","?","T","R","M","R","M","M","R","B",null,"M","M","?","M","$","R","?","E","T","T","?","R","E","M","R","B",null],"character_chosen":"IRONCLAD","items_purchased":["Frozen Eye","Medical Kit","War Paint","PreservedInsect"],"campfire_rested":5,"item_purchase_floors":[14,22,22,39],"current_hp_per_floor":[80,80,80,80,64,43,67,72,72,39,39,39,63,63,63,28,84,65,52,52,38,38,63,49,49,49,74,71,71,54,61,61,67,88,87,80,71,77,77,77,72,46,46,46,46,72,69,77,77,88],"gold":284,"neow_bonus":"HUNDRED_GOLD","is_daily":false,"chose_seed":false,"campfire_upgraded":6,"win_rate":0.0,"timestamp":1614399035,"path_taken":["M","M","?","$","?","E","R","M","T","E","R","?","R","?","R","BOSS","M","M","?","M","$","R","E","?","T","R","M","R","?","M","R","BOSS","M","?","?","M","$","R","?","E","T","?","?","R","E","M","R","BOSS"],"items_purchased_type":["Relic","Relic","Relic","Relic"],"build_version":"2020-12-22","purchased_purges":1,"victory":true,"max_hp_per_floor":[80,80,80,80,80,80,80,80,80,82,82,82,82,82,82,84,84,84,84,84,86,86,86,86,86,86,86,86,86,86,88,88,88,88,88,88,88,88,88,88,88,88,88,88,88,88,88,88,88,88],"card_choices":[{"not_picked":["Havoc","Sword Boomerang"],"picked":"Pommel Strike","floor":1.0},{"not_picked":["Cleave","Combust"],"picked":"Iron Wave","floor":2.0},{"not_picked":["Rupture","Wild Strike"],"picked":"Clothesline","floor":6.0},{"not_picked":["Armaments","Clothesline"],"picked":"Shockwave","floor":8.0},{"not_picked":["Twin Strike","Second Wind","Disarm"],"picked":"Singing Bowl","floor":10.0},{"not_picked":["Offering","Impervious","Berserk"],"picked":"Singing Bowl","floor":16.0},{"not_picked":["Clash","Anger"],"picked":"Thunderclap","floor":18.0},{"not_picked":["Heavy Blade","Thunderclap"],"picked":"Feel No Pain","floor":19.0},{"not_picked":["Flex","Seeing Red","Havoc+1"],"picked":"Singing Bowl","floor":21.0},{"not_picked":["Anger","Evolve"],"picked":"Armaments+1","floor":24.0},{"not_picked":["Hemokinesis+1","Bludgeon+1"],"picked":"Metallicize","floor":28.0},{"not_picked":["Thunderclap+1","Blood for Blood+1"],"picked":"True Grit","floor":30.0},{"not_picked":["Shrug It Off","Perfected Strike+1","Sever Soul+1"],"picked":"Singing Bowl","floor":31.0},{"not_picked":["Juggernaut","Double Tap"],"picked":"Demon Form","floor":33.0},{"not_picked":["Clash+1","Shrug It Off+1"],"picked":"Thunderclap+1","floor":35.0},{"not_picked":["Sword Boomerang+1","Disarm"],"picked":"Armaments+1","floor":36.0},{"not_picked":["Disarm","Sentinel+1"],"picked":"Rampage+1","floor":37.0},{"not_picked":["Flex","Heavy Blade+1"],"picked":"Ghostly Armor+1","floor":38.0},{"not_picked":["Sentinel","Anger+1"],"picked":"Rampage+1","floor":41.0},{"not_picked":["Rupture","Brutality"],"picked":"Heavy Blade+1","floor":42.0},{"not_picked":["Carnage+1","Armaments"],"picked":"Uppercut+1","floor":47.0},{"not_picked":["Headbutt+1","Armaments"],"picked":"Iron Wave+1","floor":48.0},{"not_picked":["Entrench","Cleave+1"],"picked":"Disarm+1","floor":48.0}],"player_experience":244541,"relics_obtained":[{"floor":6.0,"key":"Singing Bowl"},{"floor":9.0,"key":"Anchor"},{"floor":10.0,"key":"Red Skull"},{"floor":12.0,"key":"Akabeko"},{"floor":24.0,"key":"Gremlin Horn"},{"floor":26.0,"key":"Centennial Puzzle"},{"floor":37.0,"key":"Pocketwatch"},{"floor":41.0,"key":"Prayer Wheel"},{"floor":42.0,"key":"Art of War"},{"floor":43.0,"key":"Smiling Mask"},{"floor":44.0,"key":"Blood Vial"},{"floor":47.0,"key":"Charon\u0027s Ashes"}],"event_choices":[{"damage_healed":0.0,"max_hp_gain":0.0,"max_hp_loss":0.0,"gold_gain":0.0,"event_name":"Big Fish","player_choice":"Box","floor":3.0,"gold_loss":0.0,"damage_taken":0.0,"relics_obtained":["Mummified Hand"],"cards_obtained":["Regret"]},{"damage_healed":0.0,"max_hp_gain":0.0,"max_hp_loss":0.0,"gold_gain":0.0,"event_name":"Shining Light","player_choice":"Entered Light","floor":5.0,"gold_loss":0.0,"damage_taken":16.0,"cards_upgraded":["Bash","Defend_R"]},{"damage_healed":0.0,"max_hp_gain":0.0,"max_hp_loss":0.0,"gold_gain":99.0,"event_name":"Nest","player_choice":"Stole From Cult","floor":20.0,"gold_loss":0.0,"damage_taken":0.0},{"damage_healed":0.0,"max_hp_gain":0.0,"max_hp_loss":0.0,"gold_gain":0.0,"event_name":"WeMeetAgain","player_choice":"Paid Gold","floor":25.0,"gold_loss":56.0,"damage_taken":0.0,"relics_obtained":["Molten Egg 2"]},{"damage_healed":0.0,"max_hp_gain":0.0,"max_hp_loss":0.0,"gold_gain":0.0,"event_name":"MindBloom","player_choice":"Fight","floor":37.0,"gold_loss":0.0,"damage_taken":0.0},{"damage_healed":0.0,"max_hp_gain":0.0,"max_hp_loss":0.0,"gold_gain":0.0,"event_name":"Mysterious Sphere","player_choice":"Fight","floor":41.0,"gold_loss":0.0,"damage_taken":0.0},{"damage_healed":0.0,"max_hp_gain":0.0,"max_hp_loss":0.0,"gold_gain":0.0,"event_name":"Accursed Blacksmith","player_choice":"Rummage","floor":45.0,"gold_loss":0.0,"damage_taken":0.0,"relics_obtained":["WarpedTongs"],"cards_obtained":["Pain"]}],"is_beta":false,"boss_relics":[{"not_picked":["Runic Pyramid","Runic Cube"],"picked":"Mark of Pain"},{"not_picked":["Empty Cage","Cursed Key"],"picked":"Snecko Eye"}],"items_purged_floors":[4],"is_endless":false,"potions_floor_spawned":[2,6,8,16,24,28,30,33,35,37,42],"ascension_level":2}}