{"host":"76n1didplu2laqh4","time":1614434281,"event":{"mods":["BaseMod","Downfall","Good Game Mod","Marisa£®ÏF”Í°°ƒß¿Ì…≥£©","Minty Spire (QoL Compilation)","Prisma Mod","Quick Restart","READ ME - Guardian Mod","Replay The Spire","Shop Mod","StSLib","The Hierophant","The Senshi","The Servant 0.9.4","UnlockEverythingMod","Youmu£®ªÍ∆«—˝√Œ£©","Yuri Mod"],"gold_per_floor":[118,130,142,154,182,194,194],"floor_reached":6,"language":"ZHS","playtime":440,"items_purged":[],"score":34,"play_id":"426a1c52-321a-4d0f-9b32-74a45dee4ca8","local_time":"20210227215801","daily_mods":["Draft","Vintage","Colorless Cards","Heirloom","Time Dilation","downfall:ChampStances","Elite Swarm"],"is_ascension_mode":false,"campfire_choices":[],"circlet_count":0,"master_deck":["Demon Form","Wraith Form v2","Echo Form","DevaForm","bronze:Verify","sneckomod:SerpentMind","FlawlessForm","Guardian:ConstructionForm","Slimebound:DuplicatedForm","yuri:GhostForm","hexamod:HexaLevel","champ:GladiatorForm","theSenshi:SailorMarsAssists","champ:FlashCut","theSenshi:SailorChibiMoonAssists","theSenshi:SupersonicWaves","champ:FocusedDefense","champ:PreemptiveStrike","theSenshi:SteeledNerves","Forethought","theSenshi:LateForSchool","champ:FanOfKnives","theSenshi:KlutzyLuck","champ:BerserkersShout","champ:FlashCut","theSenshi:SailorMarsAssists","theSenshi:LunaWiseMentor","Embodiment","theSenshi:SailorStarMakerAssists"],"relics":["theSenshi:TransformationBroochRelic","champ:ChampStancesModRelic","REME:ComplimentaryCards","replay:Trail_Library","Shovel","MawBank","Peace Pipe","Divine Protection"],"acts_visited":["Exordium"],"potions_floor_usage":[],"damage_taken":[{"damage":11,"enemies":"Cultist","floor":1,"turns":3},{"damage":9,"enemies":"Small Slimes","floor":5,"turns":4},{"damage":30,"enemies":"3 Sentries","floor":6,"turns":5}],"seed_played":"5394232134122427745","potions_obtained":[{"floor":5,"key":"DuplicationPotion"}],"is_trial":true,"path_per_floor":["M","$","?","?","M","E"],"character_chosen":"THE_SENSHI","items_purchased":[],"campfire_rested":0,"item_purchase_floors":[],"current_hp_per_floor":[69,69,62,62,58,28,28],"gold":194,"neow_bonus":"","is_daily":false,"chose_seed":false,"campfire_upgraded":0,"win_rate":0.0,"timestamp":1614434281,"path_taken":["M","?","?","?","M","E"],"items_purchased_type":[],"build_version":"2020-12-22","purchased_purges":0,"victory":false,"max_hp_per_floor":[75,75,75,75,75,75,75],"card_choices":[{"not_picked":["champ:GutPunch","champ:ShieldSlam"],"picked":"theSenshi:SailorMarsAssists","floor":0},{"not_picked":["champ:TornadoPunch","Good Instincts"],"picked":"champ:FlashCut","floor":0},{"not_picked":["champ:PreciseThrust","champ:AdrenalArmor"],"picked":"theSenshi:SailorChibiMoonAssists","floor":0},{"not_picked":["champ:GutPunch","ReplayTheSpireMod:Uncanny Aura"],"picked":"theSenshi:SupersonicWaves","floor":0},{"not_picked":["Trip","champ:BerserkerStyle"],"picked":"champ:FocusedDefense","floor":0},{"not_picked":["champ:TornadoPunch","champ:PerfectedStrike"],"picked":"champ:PreemptiveStrike","floor":0},{"not_picked":["ReplayTheSpireMod:Trickstab","champ:Encircle"],"picked":"theSenshi:SteeledNerves","floor":0},{"not_picked":["theSenshi:LunasBite","champ:Haymaker"],"picked":"Forethought","floor":0},{"not_picked":["theSenshi:SailorMercuryAssists","champ:Duel"],"picked":"theSenshi:LateForSchool","floor":0},{"not_picked":["Survey Options","theSenshi:SailorStarMakerAssists"],"picked":"champ:FanOfKnives","floor":0},{"not_picked":["theSenshi:MoonsReflection","theSenshi:TallSilhouette"],"picked":"theSenshi:KlutzyLuck","floor":0},{"not_picked":["champ:BladeFlurry","theSenshi:HesSoDreamy"],"picked":"champ:BerserkersShout","floor":0},{"not_picked":["Blind","theSenshi:SailorMercuryAssists"],"picked":"champ:FlashCut","floor":0},{"not_picked":["champ:PerfectedStrike","theSenshi:LateForSchool"],"picked":"theSenshi:SailorMarsAssists","floor":0},{"not_picked":["theSenshi:LateForSchool","champ:AdrenalArmor"],"picked":"theSenshi:LunaWiseMentor","floor":0}],"player_experience":274312,"relics_obtained":[{"floor":1,"key":"MawBank"},{"floor":5,"key":"Divine Protection"}],"event_choices":[{"damage_healed":0,"gold_gain":0,"player_choice":"Success","damage_taken":7,"relics_obtained":["Peace Pipe"],"max_hp_gain":0,"max_hp_loss":0,"event_name":"Scrap Ooze","floor":3,"gold_loss":0},{"damage_healed":0,"gold_gain":0,"cards_transformed":["yuri:DragonForm"],"player_choice":"Transformed","damage_taken":0,"max_hp_gain":0,"max_hp_loss":0,"event_name":"Transmorgrifier","floor":4,"gold_loss":0,"cards_obtained":["theSenshi:SailorStarMakerAssists"]}],"is_beta":false,"boss_relics":[],"items_purged_floors":[],"is_endless":false,"potions_floor_spawned":[5],"killed_by":"3 Sentries","ascension_level":0}}