{"host":"wshey5htrz8rni6u","time":1614455115,"event":{"mods":["2.2 Compatiblity","BaseMod","Block Reminder","Colored Map","Colored Powertips","Current Relic Mod","Curses Come First","Dark Map","Key Reminder","Keyboard Shortcuts","Minty Spire (QoL Compilation)","Potion Indicator Mod","Quick Restart","Random Character Button","Relic Sorter","Relic Stats","StSLib","SuperFastMode","Unceasing Turn Reminder","UnlockEverythingMod","Weighted Paths"],"gold_per_floor":[109,109,109,133,152,152,190,265,265,265,265],"floor_reached":10,"language":"ENG","playtime":228,"items_purged":[],"score":165,"play_id":"7a0be0c8-1d86-4e7e-a1d8-7c6bc396d52e","local_time":"20210227114515","is_ascension_mode":true,"campfire_choices":[{"data":"Eruption","floor":6,"key":"SMITH"}],"circlet_count":0,"master_deck":["AscendersBane","Strike_P","Strike_P","Strike_P","Strike_P","Defend_P","Defend_P","Defend_P+1","Defend_P+1","Eruption+1","Vigilance","Study","JustLucky","SpiritShield"],"relics":["PureWater","NeowsBlessing","Golden Idol","Bag of Preparation","Art of War","Bottled Lightning"],"acts_visited":["Exordium"],"potions_floor_usage":[10],"damage_taken":[{"damage":0,"enemies":"Jaw Worm","floor":1,"turns":1},{"damage":0,"enemies":"2 Louse","floor":5,"turns":1},{"damage":0,"enemies":"Gremlin Nob","floor":7,"turns":1},{"damage":53,"enemies":"Lagavulin","floor":10,"turns":13}],"seed_played":"-617002033000576154","potions_obtained":[{"floor":1,"key":"SkillPotion"}],"is_trial":false,"path_per_floor":["M","?","?","T","M","R","E","?","T","E"],"character_chosen":"WATCHER","items_purchased":[],"campfire_rested":0,"item_purchase_floors":[],"current_hp_per_floor":[61,61,42,42,42,42,42,31,31,0,0],"gold":265,"neow_bonus":"THREE_ENEMY_KILL","is_daily":false,"chose_seed":false,"campfire_upgraded":1,"win_rate":0.0,"timestamp":1614455115,"path_taken":["M","?","?","?","?","R","E","?","T","E"],"items_purchased_type":[],"build_version":"2020-12-13","purchased_purges":0,"victory":false,"max_hp_per_floor":[68,62,62,62,62,62,62,62,62,62,62],"relic_stats":{"counters":[4,16],"Golden Idol":12,"Bag of Preparation":[6],"Art of War":[5],"obtain_stats":[{"NeowsBlessing":0,"Golden Idol":2,"Bag of Preparation":4,"Art of War":7,"Bottled Lightning":9,"PureWater":0},{"NeowsBlessing":0,"Golden Idol":1,"Bag of Preparation":1,"Art of War":3,"Bottled Lightning":3,"PureWater":0},{"NeowsBlessing":0,"Golden Idol":1,"Bag of Preparation":1,"Art of War":3,"Bottled Lightning":3,"PureWater":0}]},"card_choices":[{"not_picked":["WreathOfFlame","Crescendo"],"picked":"Study","floor":1},{"not_picked":["Crescendo","PathToVictory"],"picked":"JustLucky","floor":5},{"not_picked":["EmptyFist","EmptyBody"],"picked":"SpiritShield","floor":7}],"player_experience":243906,"relics_obtained":[{"floor":4,"key":"Bag of Preparation"},{"floor":7,"key":"Art of War"},{"floor":9,"key":"Bottled Lightning"}],"event_choices":[{"damage_healed":0,"gold_gain":0,"player_choice":"Lose Max HP","damage_taken":0,"relics_obtained":["Golden Idol"],"max_hp_gain":0,"max_hp_loss":6,"event_name":"Golden Idol","floor":2,"gold_loss":0},{"damage_healed":0,"gold_gain":0,"player_choice":"Entered Light","damage_taken":19,"max_hp_gain":0,"max_hp_loss":0,"event_name":"Shining Light","floor":3,"gold_loss":0,"cards_upgraded":["Defend_P","Defend_P"]},{"damage_healed":0,"gold_gain":75,"player_choice":"Gather Gold","damage_taken":11,"max_hp_gain":0,"max_hp_loss":0,"event_name":"World of Goop","floor":8,"gold_loss":0}],"is_beta":false,"boss_relics":[],"items_purged_floors":[],"is_endless":false,"potions_floor_spawned":[1],"killed_by":"Lagavulin","ascension_level":17}}