{"host":"iv6gl6c7ntz4x6py","time":1614394358,"event":{"mods":["BaseMod","Challenge The Spire","Minty Spire (QoL Compilation)","Shop Mod","Spicy Shops","StSLib"],"gold_per_floor":[114,126,139,66,84,84,114,114,165,177,177,177,190,37,37,161,161,174,198,213,213,226,226,226,226,273,291,121,121,10,10,10,131,131,145,159,182,182,0,0,19,19,19,19,352,367,367,385,385,385,385],"floor_reached":50,"language":"RUS","playtime":3209,"items_purged":["Strike_G","Writhe"],"score":494,"play_id":"fda94f0a-44d4-4a84-a6dd-33e9a2bd1602","local_time":"20210227095238","is_ascension_mode":false,"campfire_choices":[{"data":"Cloak And Dagger","floor":6,"key":"SMITH"},{"data":"Blade Dance","floor":8,"key":"SMITH"},{"floor":15,"key":"REST"},{"data":"Blade Dance","floor":23,"key":"SMITH"},{"floor":25,"key":"REST"},{"data":"Blade Dance","floor":29,"key":"SMITH"},{"data":"Accuracy","floor":32,"key":"SMITH"},{"data":"Outmaneuver","floor":40,"key":"SMITH"},{"data":"Footwork","floor":42,"key":"SMITH"},{"data":"Neutralize","floor":47,"key":"SMITH"},{"floor":49,"key":"REST"}],"circlet_count":0,"master_deck":["Strike_G","Strike_G","Defend_G","Defend_G","Defend_G","Defend_G","Defend_G","Survivor","Neutralize+1","Cloak And Dagger+1","Blade Dance+1","Flying Knee","Leg Sweep","Underhanded Strike","Footwork+1","Bullet Time","Deflect","Blade Dance+1","Outmaneuver+1","Blade Dance+1","Accuracy+1","Bullet Time","Backflip+1","Dash+1","Flying Knee","Shame","Flying Knee+1"],"relics":["Ring of the Snake","Toolbox","Pantograph","Centennial Puzzle","Boot","Lantern","Busted Crown","MerchantsRug","MutagenicStrength","Cursed Key","TheAbacus","Pen Nib"],"acts_visited":["Exordium","TheCity","TheBeyond"],"potions_floor_usage":[7,7,37,50,50],"damage_taken":[{"damage":0,"enemies":"Small Slimes","floor":1,"turns":5},{"damage":3,"enemies":"Jaw Worm","floor":2,"turns":7},{"damage":0,"enemies":"2 Louse","floor":3,"turns":3},{"damage":2,"enemies":"Looter","floor":5,"turns":3},{"damage":0,"enemies":"Gremlin Nob","floor":7,"turns":3},{"damage":0,"enemies":"2 Fungi Beasts","floor":10,"turns":3},{"damage":5,"enemies":"Exordium Wildlife","floor":13,"turns":4},{"damage":4,"enemies":"Slime Boss","floor":16,"turns":6},{"damage":7,"enemies":"2 Thieves","floor":18,"turns":3},{"damage":0,"enemies":"Shell Parasite","floor":19,"turns":5},{"damage":2,"enemies":"Centurion and Healer","floor":20,"turns":11},{"damage":22,"enemies":"Snake Plant","floor":22,"turns":5},{"damage":7,"enemies":"Chosen and Byrds","floor":27,"turns":5},{"damage":32,"enemies":"Collector","floor":33,"turns":6},{"damage":3,"enemies":"3 Shapes","floor":35,"turns":3},{"damage":16,"enemies":"3 Darklings","floor":36,"turns":3},{"damage":0,"enemies":"Jaw Worm Horde","floor":37,"turns":3},{"damage":11,"enemies":"Spire Growth","floor":41,"turns":4},{"damage":2,"enemies":"3 Darklings","floor":46,"turns":3},{"damage":0,"enemies":"Maw","floor":48,"turns":6},{"damage":76,"enemies":"Donu and Deca","floor":50,"turns":6}],"seed_played":"1010501100058367816","potions_obtained":[{"floor":2,"key":"EssenceOfSteel"},{"floor":3,"key":"FearPotion"},{"floor":27,"key":"Explosive Potion"},{"floor":33,"key":"GamblersBrew"},{"floor":35,"key":"SteroidPotion"},{"floor":36,"key":"Swift Potion"},{"floor":41,"key":"Swift Potion"},{"floor":46,"key":"Energy Potion"}],"is_trial":false,"path_per_floor":["M","M","M","$","M","R","E","R","T","M","?","?","M","$","R","B",null,"M","M","M","?","M","R","?","R","T","M","$","R","$","?","R","B",null,"M","M","M","?","$","R","M","R","T","?","?","M","R","M","R","B"],"character_chosen":"THE_SILENT","items_purchased":["Toolbox","Lantern","MerchantsRug","Accuracy","TheAbacus","Flying Knee"],"campfire_rested":3,"item_purchase_floors":[4,14,28,30,39,39],"current_hp_per_floor":[70,67,67,67,65,65,65,65,65,65,48,45,40,40,61,66,70,63,63,61,61,39,39,39,60,60,53,53,53,53,53,53,38,70,67,51,51,69,69,69,58,58,58,58,58,56,56,56,70,0,0],"gold":385,"neow_bonus":"REMOVE_CARD","is_daily":false,"chose_seed":false,"campfire_upgraded":8,"win_rate":0.0,"timestamp":1614394358,"path_taken":["M","M","M","$","M","R","E","R","T","M","?","?","M","$","R","BOSS","M","M","M","?","M","R","?","R","T","M","$","R","$","?","R","BOSS","M","M","M","?","$","R","M","R","T","?","?","M","R","M","R","BOSS"],"items_purchased_type":["Relic","Relic","Relic","Card","Relic","Card"],"build_version":"2020-12-22","purchased_purges":2,"victory":false,"max_hp_per_floor":[70,70,70,70,70,70,70,70,70,70,70,70,70,70,70,70,70,70,70,70,70,70,70,70,70,70,70,70,70,70,70,70,70,70,70,70,70,70,70,70,70,70,70,70,70,70,70,70,70,70,70],"card_choices":[{"not_picked":["Bane","Heel Hook"],"picked":"Backflip","floor":1},{"not_picked":["Dagger Spray","Terror"],"picked":"Cloak And Dagger","floor":2},{"not_picked":["Cloak And Dagger","Crippling Poison"],"picked":"Blade Dance","floor":3},{"not_picked":["Outmaneuver","Blur"],"picked":"Flying Knee","floor":5},{"not_picked":["Deadly Poison","Envenom"],"picked":"Leg Sweep","floor":7},{"not_picked":["Slice","Acrobatics"],"picked":"Underhanded Strike","floor":10},{"not_picked":["Sucker Punch","Deflect"],"picked":"Footwork","floor":13},{"not_picked":["Die Die Die","Wraith Form v2"],"picked":"Bullet Time","floor":16},{"not_picked":[],"picked":"Deflect","floor":18},{"not_picked":["Catalyst"],"picked":"SKIP","floor":19},{"not_picked":[],"picked":"Blade Dance","floor":20},{"not_picked":[],"picked":"Outmaneuver","floor":22},{"not_picked":[],"picked":"Blade Dance","floor":27},{"not_picked":[],"picked":"Bullet Time","floor":33},{"not_picked":[],"picked":"Backflip+1","floor":35},{"not_picked":["Reflex"],"picked":"SKIP","floor":36},{"not_picked":[],"picked":"Dash+1","floor":37},{"not_picked":["Underhanded Strike+1"],"picked":"SKIP","floor":41},{"not_picked":[],"picked":"Flying Knee+1","floor":46},{"not_picked":["Poisoned Stab"],"picked":"SKIP","floor":48}],"player_experience":103149,"relics_obtained":[{"floor":7,"key":"Pantograph"},{"floor":9,"key":"Centennial Puzzle"},{"floor":26,"key":"Toy Ornithopter"},{"floor":43,"key":"Pen Nib"}],"event_choices":[{"damage_healed":0,"gold_gain":0,"player_choice":"Take Damage","damage_taken":17,"relics_obtained":["Golden Idol"],"max_hp_gain":0,"max_hp_loss":0,"event_name":"Golden Idol","floor":11,"gold_loss":0},{"damage_healed":0,"gold_gain":0,"player_choice":"Success","damage_taken":3,"relics_obtained":["Boot"],"max_hp_gain":0,"max_hp_loss":0,"event_name":"Scrap Ooze","floor":12,"gold_loss":0},{"damage_healed":0,"gold_gain":0,"player_choice":"Ignored","damage_taken":0,"max_hp_gain":0,"max_hp_loss":0,"event_name":"Ghosts","floor":21,"gold_loss":0},{"cards_removed":["Strike_G"],"damage_healed":0,"gold_gain":0,"player_choice":"Elegance","damage_taken":0,"max_hp_gain":0,"max_hp_loss":0,"event_name":"Back to Basics","floor":24,"gold_loss":0},{"damage_healed":0,"gold_gain":0,"player_choice":"Inject Mutagens","damage_taken":0,"relics_obtained":["MutagenicStrength"],"max_hp_gain":0,"max_hp_loss":0,"event_name":"Drug Dealer","floor":31,"gold_loss":0},{"damage_healed":18,"gold_gain":0,"player_choice":"Writhe","damage_taken":0,"max_hp_gain":0,"max_hp_loss":0,"event_name":"Winding Halls","floor":38,"gold_loss":0,"cards_obtained":["Writhe"]},{"cards_removed":["Backflip"],"damage_healed":0,"gold_gain":0,"player_choice":"Removed Skill","damage_taken":0,"max_hp_gain":0,"max_hp_loss":0,"event_name":"Falling","floor":44,"gold_loss":0},{"damage_healed":0,"gold_gain":333,"player_choice":"Gave Idol","damage_taken":0,"max_hp_gain":0,"max_hp_loss":0,"event_name":"The Moai Head","floor":45,"relics_lost":["Golden Idol"],"gold_loss":0}],"is_beta":false,"boss_relics":[{"not_picked":["Tiny House","Ectoplasm"],"picked":"Busted Crown"},{"not_picked":["Velvet Choker","Runic Dome"],"picked":"Cursed Key"}],"items_purged_floors":[28,39],"is_endless":false,"potions_floor_spawned":[2,3,27,33,35,36,41,46],"killed_by":"Donu and Deca","ascension_level":0}}