{"host":"3fq4qkq16k5wd7va","time":1614435775,"event":{"mods":["BaseMod","Better Match","Googly Eyes","Minty Spire (QoL Compilation)","StSLib"],"gold_per_floor":[119,129,149,164,89,89,124,124,150,184,62,82,82,115,115,215,215,232,248,25,124,124,149,160,191,191,203,203,215,215,229,229,229,229],"floor_reached":33,"language":"ENG","playtime":1659,"items_purged":["Strike_R","Strike_R"],"score":338,"play_id":"0d93b5e0-979c-4e74-bf7a-e6b7ea986af3","local_time":"20210228012255","is_ascension_mode":true,"campfire_choices":[{"data":"True Grit","floor":8,"key":"SMITH"},{"data":"Shrug It Off","floor":13,"key":"SMITH"},{"floor":15,"key":"REST"},{"floor":32,"key":"REST"}],"circlet_count":0,"master_deck":["Strike_R","Strike_R+1","Defend_R","Defend_R","Defend_R+1","Defend_R","Bash","Shockwave","True Grit+1","Headbutt","Rampage+1","Sentinel","Shrug It Off+1","Inflame","Disarm","Limit Break","Disarm","Feel No Pain+1","Inflame","Battle Trance+1","Flex"],"relics":["Burning Blood","NeowsBlessing","Red Skull","Potion Belt","Lantern","Boot","Mark of Pain","Tiny Chest","Regal Pillow","Question Card","Singing Bowl"],"acts_visited":["Exordium","TheCity"],"potions_floor_usage":[10,10,10,16,23,23,23,25,33],"damage_taken":[{"damage":0,"enemies":"Small Slimes","floor":1,"turns":1},{"damage":0,"enemies":"Cultist","floor":2,"turns":1},{"damage":0,"enemies":"Jaw Worm","floor":3,"turns":1},{"damage":16,"enemies":"Exordium Wildlife","floor":4,"turns":4},{"damage":24,"enemies":"Lagavulin","floor":7,"turns":5},{"damage":13,"enemies":"3 Sentries","floor":10,"turns":5},{"damage":5,"enemies":"Large Slime","floor":12,"turns":6},{"damage":9,"enemies":"Lagavulin","floor":14,"turns":6},{"damage":24,"enemies":"Slime Boss","floor":16,"turns":8},{"damage":31,"enemies":"Spheric Guardian","floor":18,"turns":6},{"damage":3,"enemies":"Chosen","floor":19,"turns":5},{"damage":12,"enemies":"Book of Stabbing","floor":23,"turns":6},{"damage":15,"enemies":"Shelled Parasite and Fungi","floor":24,"turns":9},{"damage":29,"enemies":"Slavers","floor":25,"turns":6},{"damage":19,"enemies":"Centurion and Healer","floor":27,"turns":6},{"damage":1,"enemies":"Snake Plant","floor":29,"turns":4},{"damage":20,"enemies":"Shelled Parasite and Fungi","floor":31,"turns":5},{"damage":84,"enemies":"Automaton","floor":33,"turns":6}],"seed_played":"-4530184237547960764","potions_obtained":[{"floor":2,"key":"SteroidPotion"},{"floor":3,"key":"Explosive Potion"},{"floor":7,"key":"Strength Potion"},{"floor":14,"key":"PowerPotion"},{"floor":16,"key":"EssenceOfSteel"},{"floor":18,"key":"Dexterity Potion"},{"floor":24,"key":"LiquidMemories"},{"floor":29,"key":"Ancient Potion"}],"is_trial":false,"path_per_floor":["M","M","M","M","?","?","E","R","T","E","$","M","R","E","R","B",null,"M","M","$","?","?","E","M","E","T","M","?","M","T","M","R","B"],"character_chosen":"IRONCLAD","items_purchased":["Shrug It Off","Inflame","BloodPotion"],"campfire_rested":2,"item_purchase_floors":[11,20,20],"current_hp_per_floor":[80,80,80,70,70,54,36,36,36,29,29,30,30,27,51,33,80,55,58,58,58,58,68,59,36,36,23,23,28,28,16,55,0,0],"gold":229,"neow_bonus":"THREE_ENEMY_KILL","is_daily":false,"chose_seed":false,"campfire_upgraded":2,"win_rate":0.0,"timestamp":1614435775,"path_taken":["M","M","M","M","?","?","E","R","T","E","$","M","R","E","R","BOSS","M","M","$","?","?","E","M","E","T","M","?","M","?","M","R","BOSS"],"items_purchased_type":["Card","Card","Potion"],"build_version":"2020-12-22","purchased_purges":2,"victory":false,"max_hp_per_floor":[80,80,80,80,80,80,80,80,80,80,80,80,80,80,80,80,80,80,80,80,80,80,80,80,80,80,80,80,80,80,82,82,82,82],"card_choices":[{"not_picked":["Warcry","Uppercut"],"picked":"Shockwave","floor":1},{"not_picked":["Clothesline","Thunderclap"],"picked":"True Grit","floor":2},{"not_picked":["Blood for Blood","Wild Strike"],"picked":"Headbutt","floor":3},{"not_picked":["Perfected Strike","Thunderclap","Headbutt"],"picked":"SKIP","floor":4},{"not_picked":["Shockwave+1","Intimidate+1"],"picked":"Rampage+1","floor":5},{"not_picked":["Dual Wield","Clothesline","Twin Strike"],"picked":"SKIP","floor":7},{"not_picked":["Headbutt","Bludgeon"],"picked":"Sentinel","floor":10},{"not_picked":["Heavy Blade","True Grit"],"picked":"Inflame","floor":12},{"not_picked":["Iron Wave","Thunderclap"],"picked":"Disarm","floor":14},{"not_picked":["Reaper","Bludgeon"],"picked":"Limit Break","floor":16},{"not_picked":["Perfected Strike","Searing Blow"],"picked":"Disarm","floor":18},{"not_picked":["Shrug It Off","Sever Soul+1"],"picked":"Feel No Pain+1","floor":19},{"not_picked":["Dropkick","Clothesline"],"picked":"Battle Trance+1","floor":23},{"not_picked":["Hemokinesis","Combust","Thunderclap"],"picked":"SKIP","floor":24},{"not_picked":["Sword Boomerang","Pummel","Havoc"],"picked":"SKIP","floor":25},{"not_picked":["True Grit","Thunderclap","Iron Wave"],"picked":"Flex","floor":27},{"not_picked":["Sword Boomerang+1","Double Tap","Iron Wave+1","True Grit"],"picked":"SKIP","floor":29},{"not_picked":["Clash","Burning Pact","Flex","True Grit"],"picked":"Singing Bowl","floor":31}],"player_experience":156315,"relics_obtained":[{"floor":7,"key":"Red Skull"},{"floor":9,"key":"Potion Belt"},{"floor":10,"key":"Lantern"},{"floor":14,"key":"Boot"},{"floor":23,"key":"Tiny Chest"},{"floor":25,"key":"Regal Pillow"},{"floor":26,"key":"Question Card"},{"floor":30,"key":"Singing Bowl"}],"event_choices":[{"damage_healed":0,"gold_gain":0,"player_choice":"2","damage_taken":0,"max_hp_gain":0,"max_hp_loss":0,"event_name":"betterMatch:BetterMatch","floor":5,"gold_loss":0,"cards_obtained":["betterMatch:UncommonCard"]},{"damage_healed":0,"gold_gain":0,"player_choice":"Entered Light","damage_taken":16,"max_hp_gain":0,"max_hp_loss":0,"event_name":"Shining Light","floor":6,"gold_loss":0,"cards_upgraded":["Defend_R","Strike_R"]},{"damage_healed":0,"gold_gain":99,"player_choice":"Stole From Cult","damage_taken":0,"max_hp_gain":0,"max_hp_loss":0,"event_name":"Nest","floor":21,"gold_loss":0},{"damage_healed":0,"gold_gain":0,"player_choice":"Ignored","damage_taken":0,"max_hp_gain":0,"max_hp_loss":0,"event_name":"Ghosts","floor":22,"gold_loss":0},{"cards_removed":["Strike_R"],"damage_healed":0,"gold_gain":0,"player_choice":"Elegance","damage_taken":0,"max_hp_gain":0,"max_hp_loss":0,"event_name":"Back to Basics","floor":28,"gold_loss":0}],"is_beta":false,"boss_relics":[{"not_picked":["Black Star","Coffee Dripper"],"picked":"Mark of Pain"}],"items_purged_floors":[11,20],"is_endless":false,"potions_floor_spawned":[2,3,7,14,16,18,24,29],"killed_by":"Automaton","ascension_level":2}}