{"host":"w97dq1whmpm6b2tc","time":1614412644,"event":{"mods":["BaseMod","Challenge The Spire","Downfall","Minty Spire (QoL Compilation)","StSLib"],"gold_per_floor":[99,99,99,99,99,99,125,152,152,172,322,222,157,171,186,288,288,288,388,388,388,404,436,436,453,463,463,494,394,412,246,258,355,355,355,365,376,376,376,376,376,389,416,366,384,412,312,332,342,342,342,367,22,22,22,22,22,22],"floor_reached":56,"language":"ENG","playtime":4594,"items_purged":["downfall:Malfunctioning","bronze:Strike","downfall:Icky"],"score":962,"play_id":"14a9817a-14e5-4635-a4c0-2b0d5865b169","local_time":"20210227095724","is_ascension_mode":true,"campfire_choices":[{"data":"bronze:Goto","floor":1.0,"key":"SMITH"},{"floor":6.0,"key":"RECALL"},{"data":"bronze:FollowUp","floor":12.0,"key":"SMITH"},{"data":"bronze:Virus","floor":18.0,"key":"SMITH"},{"data":"bronze:InfiniteBeams","floor":27.0,"key":"SMITH"},{"floor":29.0,"key":"REST"},{"floor":35.0,"key":"REST"},{"floor":40.0,"key":"REST"},{"floor":47.0,"key":"REST"},{"floor":54,"key":"REST"}],"circlet_count":0,"master_deck":["bronze:Strike+1","bronze:Defend+1","bronze:Defend","bronze:Defend","bronze:Defend","bronze:Replicate+1","bronze:Goto+1","bronze:FollowUp+1","bronze:Terminator","bronze:FineTuning","bronze:Virus+1","bronze:Iterate","bronze:Shell","Ghostly","Ghostly","Ghostly","Ghostly","Ghostly","bronze:Goto+1","bronze:Philosophize"],"relics":["bronze:BronzeCore","downfall:HeartsMalice","downfall:ShatteredFragment","Smiling Mask","bronze:CableSpool","downfall:HeartBlessingRed","Runic Pyramid","MutagenicStrength","Art of War","InkBottle","Blue Candle","downfall:HeartBlessingGreen","Vajra","Lee\u0027s Waffle","hexamod:BolsterEngine","Fusion Hammer","Bottled Lightning","Pear","downfall:HeartBlessingBlue","Bag of Preparation","bronze:DonusWashers","Lantern"],"acts_visited":["Exordium","TheCity","TheBeyond","TheEnding"],"potions_floor_usage":[50,56],"damage_taken":[{"damage":0.0,"enemies":"2 Louse","floor":2.0,"turns":1.0},{"damage":0.0,"enemies":"3 Sentries","floor":8.0,"turns":1.0},{"damage":0.0,"enemies":"Small Slimes","floor":9.0,"turns":1.0},{"damage":2.0,"enemies":"Jaw Worm","floor":10.0,"turns":2.0},{"damage":0.0,"enemies":"downfall:FleeingMerchant","floor":13.0,"turns":4.0},{"damage":0.0,"enemies":"downfall:LooterAlt","floor":14.0,"turns":2.0},{"damage":4.0,"enemies":"Lots of Slimes","floor":15.0,"turns":4.0},{"damage":1.0,"enemies":"IC_STATUS_ARCHETYPE","floor":16.0,"turns":8.0},{"damage":47.0,"enemies":"downfall:Augmenter","floor":19.0,"turns":5.0},{"damage":0.0,"enemies":"3 Byrds","floor":22.0,"turns":3.0},{"damage":0.0,"enemies":"Book of Stabbing","floor":23.0,"turns":4.0},{"damage":0.0,"enemies":"Spheric Guardian","floor":25.0,"turns":4.0},{"damage":0.0,"enemies":"Snake Plant","floor":26.0,"turns":3.0},{"damage":4.0,"enemies":"Slavers","floor":28.0,"turns":3.0},{"damage":2.0,"enemies":"Chosen and Byrds","floor":30.0,"turns":4.0},{"damage":1.0,"enemies":"downfall:FleeingMerchant","floor":31.0,"turns":4.0},{"damage":0.0,"enemies":"Centurion and Healer","floor":32.0,"turns":2.0},{"damage":3.0,"enemies":"DF_ARCHETYPE_CLAW","floor":33.0,"turns":4.0},{"damage":1.0,"enemies":"3 Darklings","floor":36.0,"turns":3.0},{"damage":6.0,"enemies":"3 Shapes","floor":37.0,"turns":2.0},{"damage":3.0,"enemies":"Jaw Worm Horde","floor":42.0,"turns":3.0},{"damage":1.0,"enemies":"Nemesis","floor":43.0,"turns":3.0},{"damage":1.0,"enemies":"Maw","floor":45.0,"turns":3.0},{"damage":4.0,"enemies":"Reptomancer","floor":46.0,"turns":4.0},{"damage":0.0,"enemies":"Sphere and 2 Shapes","floor":48.0,"turns":1.0},{"damage":7.0,"enemies":"Writhing Mass","floor":49.0,"turns":4.0},{"damage":1,"enemies":"WA_ARCHETYPE_DIVINITY","floor":50,"turns":5},{"damage":2,"enemies":"downfall:CharBossMerchant","floor":52,"turns":4},{"damage":15,"enemies":"downfall:NeowBoss","floor":55,"turns":9},{"damage":81,"enemies":"downfall:NeowBossFinal","floor":56,"turns":5}],"seed_played":"8563099119133863592","potions_obtained":[{"floor":8.0,"key":"Regen Potion"},{"floor":10.0,"key":"champ:CounterPotion"},{"floor":14.0,"key":"Block Potion"},{"floor":19.0,"key":"AttackPotion"},{"floor":21.0,"key":"Fruit Juice"},{"floor":21.0,"key":"CultistPotion"},{"floor":21.0,"key":"DistilledChaos"},{"floor":22.0,"key":"Strength Potion"},{"floor":26.0,"key":"SpeedPotion"},{"floor":33.0,"key":"SpeedPotion"},{"floor":52,"key":"Strength Potion"}],"is_trial":false,"path_per_floor":["R","M","?","?","?","R","T","E","M","M","?","R","$","M","M","B",null,"R","?","?","?","M","E","T","M","M","R","E","R","M","$","M","B",null,"R","M","M","?","?","R","T","M","E","$","M","E","R","M","M","B",null,"E","$","R","B","B"],"character_chosen":"THE_AUTOMATON","items_purchased":["Vajra","Lee\u0027s Waffle","hexamod:BolsterEngine","bronze:Philosophize","bronze:DonusWashers","Lantern"],"campfire_rested":5,"item_purchase_floors":[31,31,31,53,53,53],"current_hp_per_floor":[70,70,49,49,49,49,49,49,49,47,47,47,47,47,43,42,70,70,23,23,28,28,28,28,28,28,28,24,36,34,47,47,44,47,47,46,40,40,40,47,47,44,43,43,42,48,67,67,60,59,67,65,65,67,52,0,0,0],"gold":22,"neow_bonus":"THREE_ENEMY_KILL","is_daily":false,"chose_seed":false,"campfire_upgraded":4,"win_rate":0.0,"timestamp":1614412644,"path_taken":["R","M","?","?","?","R","T","E","M","M","?","R","?","M","M","BOSS","R","?","?","?","M","E","T","M","?","R","E","R","M","$","M","BOSS","R","M","M","?","?","R","T","?","E","$","M","E","R","M","M","BOSS","E","$","R","BOSS","BOSS"],"items_purchased_type":["Relic","Relic","Relic","Card","Relic","Relic"],"build_version":"2020-12-22","purchased_purges":3,"victory":false,"max_hp_per_floor":[70,70,70,70,70,70,70,70,70,70,70,70,70,70,70,70,70,70,70,35,40,40,40,40,40,40,40,40,40,40,47,47,47,47,47,47,47,47,47,47,47,47,47,47,47,57,67,67,67,67,67,67,67,67,67,67,67,67],"card_choices":[{"not_picked":["bronze:Iterate","bronze:Allocate"],"picked":"bronze:FollowUp","floor":2.0},{"not_picked":["bronze:Shield","bronze:Branch"],"picked":"bronze:Terminator","floor":8.0},{"not_picked":["bronze:Shield","bronze:Frontload","bronze:Invalidate"],"picked":"SKIP","floor":9.0},{"not_picked":["bronze:Invalidate","bronze:Iterate"],"picked":"bronze:FineTuning","floor":10.0},{"not_picked":["bronze:ShipIt","bronze:DelayedSlice","bronze:HyperBeam"],"picked":"SKIP","floor":13.0},{"not_picked":["bronze:ItsAFeature","bronze:Branch","bronze:Separator"],"picked":"SKIP","floor":14.0},{"not_picked":["bronze:Iterate","bronze:Frontload","bronze:DigitalCarnage"],"picked":"SKIP","floor":15.0},{"not_picked":["bronze:Library","bronze:HardenedForm"],"picked":"bronze:Virus","floor":16.0},{"not_picked":["bronze:Refactor+1","bronze:OilSpill","bronze:Frontload"],"picked":"SKIP","floor":22.0},{"not_picked":["bronze:Turbo","bronze:FineTuning"],"picked":"bronze:InfiniteBeams","floor":23.0},{"not_picked":["bronze:ItsAFeature","bronze:InfiniteBeams","bronze:DelayedSlice"],"picked":"SKIP","floor":25.0},{"not_picked":["bronze:Repair","bronze:Repulsor","bronze:Constructor+1"],"picked":"SKIP","floor":26.0},{"not_picked":["bronze:InfiniteBeams","bronze:WildBeam","bronze:DarkDash"],"picked":"SKIP","floor":28.0},{"not_picked":["bronze:CutThrough","bronze:ChildClass","bronze:BugBarrage"],"picked":"SKIP","floor":30.0},{"not_picked":["bronze:SpaghettiCode","bronze:DelayedGuard+1","bronze:WhirlingStrike"],"picked":"SKIP","floor":31.0},{"not_picked":["bronze:BronzeOrb","bronze:BuggyMess","bronze:Fortify"],"picked":"SKIP","floor":32.0},{"not_picked":["bronze:Iterate+1","bronze:WhirlingStrike","bronze:Repair+1"],"picked":"SKIP","floor":36.0},{"not_picked":["bronze:Deprecate","bronze:Constructor+1","bronze:DelayedSlice"],"picked":"SKIP","floor":37.0},{"not_picked":["bronze:Allocate","bronze:Turbo","bronze:Boost+1"],"picked":"SKIP","floor":42.0},{"not_picked":["bronze:Allocate","bronze:Turbo","bronze:Boost+1"],"picked":"SKIP","floor":42.0},{"not_picked":["bronze:GetLatest+1","bronze:Optimize","bronze:Boost+1"],"picked":"SKIP","floor":43.0},{"not_picked":["bronze:Deprecate","bronze:Branch","bronze:Frontload+1"],"picked":"SKIP","floor":45.0},{"not_picked":["bronze:Iterate","bronze:Flail+1","bronze:OilSpill+1"],"picked":"SKIP","floor":46.0},{"not_picked":["bronze:InfiniteBeams+1","bronze:DelayedSlice","bronze:BronzeOrb+1"],"picked":"SKIP","floor":48.0},{"not_picked":["bronze:CutThrough","bronze:Separator+1","bronze:Branch"],"picked":"SKIP","floor":49.0},{"not_picked":["bronze:Flail","bronze:InfiniteLoop","bronze:BitShift+1"],"picked":"SKIP","floor":52}],"player_experience":3854653,"relics_obtained":[{"floor":7.0,"key":"Smiling Mask"},{"floor":8.0,"key":"bronze:CableSpool"},{"floor":19.0,"key":"MutagenicStrength"},{"floor":23.0,"key":"Art of War"},{"floor":24.0,"key":"InkBottle"},{"floor":28.0,"key":"Blue Candle"},{"floor":43.0,"key":"Bottled Lightning"},{"floor":46.0,"key":"Pear"},{"floor":52,"key":"Bag of Preparation"}],"event_choices":[{"damage_healed":0.0,"max_hp_gain":0.0,"max_hp_loss":35.0,"gold_gain":0.0,"event_name":"Ghosts","player_choice":"Became a Ghost","floor":20.0,"gold_loss":0.0,"damage_taken":0.0,"cards_obtained":["Ghostly","Ghostly","Ghostly","Ghostly","Ghostly"]},{"damage_healed":0.0,"max_hp_gain":0.0,"max_hp_loss":0.0,"gold_gain":0.0,"event_name":"Lab","player_choice":"Got Potions","floor":21.0,"gold_loss":0.0,"damage_taken":0.0},{"cards_removed":["bronze:InfiniteBeams"],"damage_healed":0.0,"max_hp_gain":0.0,"max_hp_loss":0.0,"gold_gain":0.0,"event_name":"Falling","player_choice":"Removed Power","floor":38.0,"gold_loss":0.0,"damage_taken":0.0}],"is_beta":false,"boss_relics":[{"not_picked":["Busted Crown","Calling Bell"],"picked":"Runic Pyramid"},{"not_picked":["Tiny House","Black Star"],"picked":"Fusion Hammer"}],"items_purged_floors":[13,31,44],"is_endless":false,"potions_floor_spawned":[8,10,14,19,22,23,26,33,42,45,49,52],"killed_by":"downfall:NeowBossFinal","ascension_level":3}}