{"host":"cejauax78at8p0kw","time":1614431999,"event":{"mods":["2.2 Compatiblity","AlwaysNeverKeys","BaseMod","Colored Map","Disable Question Mark Monsters","Energized Spire","GifTheSpireLib","Gold Saver","Minty Spire (QoL Compilation)","Permanent Neow","Rare Cards Sparkle","Remove Card Discount Mod","Spicy Shops","StSLib","Stuff the Spire","SuperFastMode"],"gold_per_floor":[1105,1055,682,701,712,739,739,758,783,799,322,322,349,359,359,455,455,468,479,93,93,107,107,38,38,38,72,89,106,125,123,123,226,226,245,270,285,36,89,89,100,132,132,157,157,0,0,15,15,15,15,15,15,44,44,44],"floor_reached":55,"language":"ENG","playtime":2352,"items_purged":["Strike_R","Strike_R","Strike_R","Defend_R","Strike_R","Defend_R"],"score":1025,"play_id":"6bdd3bea-08e3-4054-99bf-db6ed8c91287","local_time":"20210227051959","is_ascension_mode":true,"campfire_choices":[{"data":"Metallicize","floor":12,"key":"SMITH"},{"data":"Rampage","floor":15,"key":"SMITH"},{"data":"Inflame","floor":23,"key":"SMITH"},{"data":"Combust","floor":25,"key":"SMITH"},{"data":"Rupture","floor":32,"key":"SMITH"},{"data":"Demon Form","floor":40,"key":"SMITH"},{"floor":45,"key":"REST"},{"data":"Double Tap","floor":49,"key":"SMITH"},{"data":"Shockwave","floor":52,"key":"SMITH"}],"circlet_count":0,"master_deck":["Defend_R","Defend_R","Bash","Rampage+1","Armaments+1","Twin Strike","Blood for Blood","Intimidate","Shockwave+1","Metallicize+1","Flame Barrier","StuffTheSpire:Incineration+1","Double Tap+1","Inflame+1","Disarm","Combust+1","Rupture+1","Shrug It Off","Demon Form+1","Pummel+1","Bloodletting+1","Cleave+1","Intimidate+1","Parasite","Immolate","Fire Breathing+1"],"relics":["Burning Blood","Incense Burner","MealTicket","Happy Flower","Boot","Lantern","Bag of Preparation","Orichalcum","StuffTheSpire:ForceGauntlet","Ancient Tea Set","energizedSpire:MagnifyingGlass","TungstenRod","Thread and Needle","Potion Belt","Toy Ornithopter","StuffTheSpire:Kangaroo","Bag of Marbles","Gremlin Horn","CaptainsWheel","Whetstone","Sundial","Frozen Egg 2","Red Mask","Strawberry"],"acts_visited":["Exordium","TheCity","TheBeyond","TheEnding"],"potions_floor_usage":[16,33,44,50,50,55,55],"damage_taken":[{"damage":3,"enemies":"Small Slimes","floor":1,"turns":5},{"damage":6,"enemies":"Cultist","floor":4,"turns":3},{"damage":12,"enemies":"Jaw Worm","floor":5,"turns":3},{"damage":39,"enemies":"Gremlin Nob","floor":6,"turns":5},{"damage":0,"enemies":"Red Slaver","floor":8,"turns":5},{"damage":6,"enemies":"Blue Slaver","floor":10,"turns":4},{"damage":1,"enemies":"3 Sentries","floor":13,"turns":7},{"damage":0,"enemies":"Looter","floor":14,"turns":3},{"damage":16,"enemies":"Slime Boss","floor":16,"turns":11},{"damage":5,"enemies":"2 Thieves","floor":18,"turns":4},{"damage":0,"enemies":"Chosen","floor":19,"turns":5},{"damage":0,"enemies":"3 Cultists","floor":22,"turns":5},{"damage":21,"enemies":"Gremlin Leader","floor":27,"turns":5},{"damage":4,"enemies":"Snecko","floor":28,"turns":5},{"damage":7,"enemies":"Sentry and Sphere","floor":29,"turns":5},{"damage":0,"enemies":"3 Cultists","floor":30,"turns":5},{"damage":26,"enemies":"Collector","floor":33,"turns":8},{"damage":5,"enemies":"3 Darklings","floor":35,"turns":7},{"damage":4,"enemies":"Orb Walker","floor":37,"turns":5},{"damage":11,"enemies":"2 Orb Walkers","floor":39,"turns":4},{"damage":0,"enemies":"Jaw Worm Horde","floor":41,"turns":4},{"damage":43,"enemies":"Nemesis","floor":42,"turns":7},{"damage":8,"enemies":"Reptomancer","floor":44,"turns":6},{"damage":0,"enemies":"Writhing Mass","floor":48,"turns":4},{"damage":28,"enemies":"Time Eater","floor":50,"turns":8},{"damage":23,"enemies":"Shield and Spear","floor":54,"turns":6},{"damage":76,"enemies":"The Heart","floor":55,"turns":8}],"seed_played":"4895780611766262714","potions_obtained":[{"floor":1,"key":"Dexterity Potion"},{"floor":6,"key":"Swift Potion"},{"floor":8,"key":"AttackPotion"},{"floor":19,"key":"AttackPotion"},{"floor":27,"key":"Swift Potion"},{"floor":35,"key":"LiquidMemories"},{"floor":42,"key":"Dexterity Potion"},{"floor":44,"key":"SpeedPotion"}],"is_trial":false,"path_per_floor":["M","?","$","M","M","E","?","M","T","M","$","R","E","M","R","B",null,"M","M","$","?","M","R","$","R","T","E","M","M","M","$","R","B",null,"M","T","M","$","?","R","M","E","T","E","R","?","$","M","R","B",null,"R","$","E","B"],"character_chosen":"IRONCLAD","items_purchased":["Armaments","Twin Strike","MealTicket","Happy Flower","Metallicize","Bag of Preparation","Orichalcum","StuffTheSpire:ForceGauntlet","TungstenRod","Thread and Needle","Combust","Gremlin Horn"],"campfire_rested":1,"item_purchase_floors":[3,3,3,3,11,11,11,11,20,20,24,38],"current_hp_per_floor":[72,72,72,72,66,33,33,39,39,39,54,54,59,65,65,55,68,69,72,72,72,72,72,72,72,72,57,59,58,64,72,72,57,68,69,69,71,72,67,67,72,35,35,38,59,59,72,72,72,50,67,67,72,62,0,0],"gold":44,"neow_bonus":"ONE_RARE_RELIC","is_daily":false,"chose_seed":false,"campfire_upgraded":8,"win_rate":0.0,"timestamp":1614431999,"path_taken":["M","?","$","M","M","E","?","M","T","?","$","R","E","M","R","BOSS","M","M","$","?","M","R","?","R","T","E","M","M","M","?","R","BOSS","M","?","M","$","?","R","M","E","T","E","R","?","?","M","R","BOSS","R","$","E","BOSS"],"items_purchased_type":["Card","Card","Relic","Relic","Card","Relic","Relic","Relic","Relic","Relic","Card","Relic"],"build_version":"2020-12-22","purchased_purges":6,"victory":false,"max_hp_per_floor":[72,72,72,72,72,72,72,72,72,72,72,72,72,72,72,72,72,72,72,72,72,72,72,72,72,72,72,72,72,72,72,72,72,72,72,72,72,72,72,72,72,72,72,72,72,72,72,72,72,72,72,72,72,79,79,79],"card_choices":[{"not_picked":["Battle Trance","Sword Boomerang"],"picked":"Rampage","floor":1},{"not_picked":["Evolve","Reckless Charge"],"picked":"Blood for Blood","floor":4},{"not_picked":["Rage","Sentinel","Warcry"],"picked":"SKIP","floor":5},{"not_picked":["Second Wind","StuffTheSpire:RagingBull"],"picked":"Intimidate","floor":6},{"not_picked":["Twin Strike","Sword Boomerang"],"picked":"Shockwave","floor":8},{"not_picked":["Warcry","Sword Boomerang","Corruption"],"picked":"SKIP","floor":10},{"not_picked":["Perfected Strike","Sentinel"],"picked":"Flame Barrier","floor":13},{"not_picked":["StuffTheSpire:RockThrow","True Grit"],"picked":"StuffTheSpire:Incineration","floor":14},{"not_picked":["Barricade","Reaper"],"picked":"Double Tap","floor":16},{"not_picked":["Body Slam","Flex"],"picked":"Inflame","floor":18},{"not_picked":["Clash","Rupture+1"],"picked":"Disarm","floor":19},{"not_picked":["Rage","Sword Boomerang","Heavy Blade+1"],"picked":"SKIP","floor":22},{"not_picked":["Dropkick","Perfected Strike"],"picked":"Rupture","floor":27},{"not_picked":["Anger+1","Pommel Strike","Headbutt"],"picked":"SKIP","floor":28},{"not_picked":["Flex","Havoc+1","Dual Wield"],"picked":"SKIP","floor":29},{"not_picked":["StuffTheSpire:TitanForm","Reckless Charge+1"],"picked":"Shrug It Off","floor":30},{"not_picked":["Immolate","Exhume"],"picked":"Demon Form","floor":33},{"not_picked":["Armaments","StuffTheSpire:RockThrow+1","Sentinel+1"],"picked":"SKIP","floor":35},{"not_picked":["Burning Pact","Warcry"],"picked":"Pummel","floor":37},{"not_picked":["Pommel Strike+1","Iron Wave+1"],"picked":"Bloodletting+1","floor":39},{"not_picked":["Clash","Searing Blow","Bloodletting+1"],"picked":"SKIP","floor":41},{"not_picked":["StuffTheSpire:Slingshot+1","Hemokinesis"],"picked":"Cleave+1","floor":42},{"not_picked":["StuffTheSpire:Resist+1","Entrench"],"picked":"Intimidate+1","floor":44},{"not_picked":["Bloodletting","Body Slam+1"],"picked":"Immolate","floor":48},{"not_picked":["Headbutt","StuffTheSpire:Incineration+1"],"picked":"Fire Breathing+1","floor":54}],"player_experience":804821,"relics_obtained":[{"floor":6,"key":"Boot"},{"floor":9,"key":"Lantern"},{"floor":13,"key":"Ancient Tea Set"},{"floor":26,"key":"Potion Belt"},{"floor":27,"key":"Toy Ornithopter"},{"floor":36,"key":"Bag of Marbles"},{"floor":39,"key":"CaptainsWheel"},{"floor":42,"key":"Whetstone"},{"floor":43,"key":"Sundial"},{"floor":44,"key":"Frozen Egg 2"},{"floor":54,"key":"Strawberry"}],"event_choices":[{"cards_removed":["Strike_R"],"damage_healed":0,"gold_gain":0,"player_choice":"Card Removal","damage_taken":0,"max_hp_gain":0,"max_hp_loss":0,"event_name":"The Cleric","floor":2,"gold_loss":50},{"damage_healed":0,"gold_gain":0,"player_choice":"Upgraded","damage_taken":0,"max_hp_gain":0,"max_hp_loss":0,"event_name":"Upgrade Shrine","floor":7,"gold_loss":0,"cards_upgraded":["Armaments"]},{"damage_healed":0,"gold_gain":0,"player_choice":"Bought 0 Potions","damage_taken":0,"max_hp_gain":0,"max_hp_loss":0,"event_name":"The Woman in Blue","floor":21,"gold_loss":0},{"damage_healed":0,"gold_gain":0,"player_choice":"Fight","damage_taken":0,"max_hp_gain":0,"max_hp_loss":0,"event_name":"Mysterious Sphere","floor":39,"gold_loss":0},{"damage_healed":0,"gold_gain":0,"player_choice":"Paid","damage_taken":0,"relics_obtained":["Red Mask"],"max_hp_gain":0,"max_hp_loss":0,"event_name":"Tomb of Lord Red Mask","floor":46,"gold_loss":157}],"is_beta":false,"boss_relics":[{"not_picked":["energizedSpire:RedRose","Velvet Choker"],"picked":"energizedSpire:MagnifyingGlass"},{"not_picked":["SlaversCollar","Philosopher\u0027s Stone"],"picked":"StuffTheSpire:Kangaroo"}],"items_purged_floors":[3,3,11,11,20,31],"is_endless":false,"potions_floor_spawned":[1,6,8,10,19,22,27,35,42,44],"killed_by":"The Heart","ascension_level":9}}