{"host":"rtw1tnr74gozsrw1","time":1614458169,"event":{"mods":["BaseMod","Colored Map","Colored Powertips","Highlight Path","Infinite Spire","Minty Spire (QoL Compilation)","StSLib"],"gold_per_floor":[110,37,37,56,21,21,52,67,93,105,117,129,141,172,184,301,313,343,370,307,321,321,321],"floor_reached":22,"language":"ENG","playtime":500,"items_purged":["Strike_B"],"score":282,"play_id":"a2315c0c-d559-4a57-92b8-8db64566ad35","local_time":"20210227213609","is_ascension_mode":true,"campfire_choices":[{"data":"Zap","floor":6,"key":"SMITH"},{"data":"Dualcast","floor":10,"key":"SMITH"},{"data":"infinitespire:Punishment","floor":12,"key":"SMITH"},{"data":"Scrape","floor":15,"key":"SMITH"}],"circlet_count":0,"master_deck":["Strike_B","Strike_B","Defend_B","Defend_B","Defend_B","Defend_B","Zap+1","Dualcast+1","Go for the Eyes","FTL","infinitespire:Punishment+1","Go for the Eyes","Scrape+1","Self Repair","White Noise","Machine Learning","Conserve Battery","Redo","Echo Form"],"relics":["Cracked Core","NeowsBlessing","Ancient Tea Set","MawBank","Sozu"],"acts_visited":["Exordium","TheCity"],"potions_floor_usage":[],"damage_taken":[{"damage":0,"enemies":"Jaw Worm","floor":1,"turns":1},{"damage":0,"enemies":"2 Louse","floor":4,"turns":1},{"damage":0,"enemies":"Lagavulin","floor":7,"turns":1},{"damage":0,"enemies":"Small Slimes","floor":8,"turns":1},{"damage":0,"enemies":"Exordium Wildlife","floor":14,"turns":2},{"damage":13,"enemies":"Hexaghost","floor":16,"turns":5},{"damage":16,"enemies":"3 Byrds","floor":18,"turns":3},{"damage":21,"enemies":"2 Thieves","floor":19,"turns":3},{"damage":18,"enemies":"Sentry and Sphere","floor":21,"turns":4},{"damage":40,"enemies":"Masked Bandits","floor":22,"turns":3}],"seed_played":"-5847192749952932870","potions_obtained":[{"floor":7,"key":"FearPotion"},{"floor":8,"key":"EntropicBrew"},{"floor":13,"key":"DistilledChaos"},{"floor":13,"key":"PotionOfCapacity"}],"is_trial":false,"path_per_floor":["M","$","?","M","$","R","E","M","T","R","?","R","?","M","R","B",null,"M","M","$","M","?"],"character_chosen":"DEFECT","items_purchased":["FTL","Scrape"],"campfire_rested":0,"item_purchase_floors":[2,5],"current_hp_per_floor":[68,68,50,50,50,50,50,50,50,50,50,50,50,57,57,44,67,58,44,44,33,0,0],"gold":321,"neow_bonus":"THREE_ENEMY_KILL","is_daily":false,"chose_seed":false,"campfire_upgraded":4,"win_rate":0.0,"timestamp":1614458169,"path_taken":["M","$","?","M","$","R","E","M","T","R","?","R","?","?","R","BOSS","M","M","$","M","?"],"items_purchased_type":["Card","Card"],"build_version":"2020-12-22","purchased_purges":1,"victory":false,"max_hp_per_floor":[75,75,75,75,75,75,75,75,75,75,75,75,75,75,75,75,75,75,75,75,75,75,75],"card_choices":[{"not_picked":["Leap","Skim"],"picked":"Go for the Eyes","floor":1},{"not_picked":["infinitespire:FinalStrike","infinitespire:Menacing"],"picked":"infinitespire:Punishment","floor":3},{"not_picked":["Aggregate","Stack"],"picked":"Go for the Eyes","floor":4},{"not_picked":["Compile Driver","Aggregate"],"picked":"Self Repair","floor":7},{"not_picked":["Rebound","Blizzard","Cold Snap"],"picked":"SKIP","floor":8},{"not_picked":["Force Field","Chill"],"picked":"White Noise","floor":14},{"not_picked":["Reboot","All For One"],"picked":"Machine Learning","floor":16},{"not_picked":["Leap","Compile Driver"],"picked":"Conserve Battery","floor":18},{"not_picked":["Sweeping Beam","Ball Lightning+1"],"picked":"Redo","floor":19},{"not_picked":["Barrage","Rebound"],"picked":"Echo Form","floor":21}],"player_experience":175904,"relics_obtained":[{"floor":7,"key":"Ancient Tea Set"},{"floor":9,"key":"MawBank"}],"event_choices":[{"damage_healed":0,"gold_gain":0,"player_choice":"Got Potions","damage_taken":0,"max_hp_gain":0,"max_hp_loss":0,"event_name":"Lab","floor":13,"gold_loss":0},{"damage_healed":0,"gold_gain":0,"player_choice":"Fought Bandits","damage_taken":0,"max_hp_gain":0,"max_hp_loss":0,"event_name":"Masked Bandits","floor":22,"gold_loss":0}],"is_beta":false,"boss_relics":[{"not_picked":["Pandora\u0027s Box","Calling Bell"],"picked":"Sozu"}],"items_purged_floors":[20],"is_endless":false,"potions_floor_spawned":[7,8,16,19],"killed_by":"Masked Bandits","ascension_level":7}}