{"host":"gfxjwtol062e9znw","time":1614410206,"event":{"mods":["BaseMod","Colored Map","Minty Spire (QoL Compilation)","Rare Cards Sparkle","StSLib"],"gold_per_floor":[112,122,135,135,135,166,166,185,185,210,210,19,54,73,73,149,149,169,169,169,169,169,169,169],"floor_reached":23,"language":"ENG","playtime":1031,"items_purged":[],"score":370,"play_id":"992d4f2c-67cd-4115-8d64-89a4e00add8e","local_time":"20210227181646","is_ascension_mode":true,"campfire_choices":[{"floor":7,"key":"REST"},{"floor":11,"key":"REST"},{"floor":15,"key":"REST"}],"circlet_count":0,"master_deck":["AscendersBane","Strike_R","Strike_R","Strike_R","Strike_R","Defend_R+1","Defend_R+1","Bash","Infernal Blade","Clothesline","Wild Strike","Shrug It Off","Disarm","Armaments","Perfected Strike","Immolate","Entrench+1","Heavy Blade+1","Power Through","Disarm","Iron Wave"],"relics":["Burning Blood","War Paint","Frozen Egg 2","The Courier","Bottled Flame","Pear","Centennial Puzzle","Astrolabe"],"acts_visited":["Exordium","TheCity"],"potions_floor_usage":[10,13,21,23],"damage_taken":[{"damage":12,"enemies":"Jaw Worm","floor":1,"turns":2},{"damage":9,"enemies":"Small Slimes","floor":2,"turns":4},{"damage":0,"enemies":"2 Louse","floor":3,"turns":2},{"damage":47,"enemies":"3 Sentries","floor":6,"turns":13},{"damage":4,"enemies":"Large Slime","floor":8,"turns":6},{"damage":32,"enemies":"Lagavulin","floor":10,"turns":9},{"damage":51,"enemies":"Gremlin Nob","floor":13,"turns":6},{"damage":3,"enemies":"2 Fungi Beasts","floor":14,"turns":5},{"damage":26,"enemies":"The Guardian","floor":16,"turns":14},{"damage":28,"enemies":"Chosen","floor":18,"turns":5},{"damage":0,"enemies":"2 Thieves","floor":21,"turns":1},{"damage":52,"enemies":"Gremlin Leader","floor":23,"turns":5}],"seed_played":"-4622178880631610763","potions_obtained":[{"floor":2,"key":"Dexterity Potion"},{"floor":6,"key":"SmokeBomb"},{"floor":10,"key":"Weak Potion"},{"floor":18,"key":"DistilledChaos"}],"is_trial":false,"path_per_floor":["M","M","M","?","?","E","R","M","T","E","R","$","E","M","R","B",null,"M","?","?","M","?","E"],"character_chosen":"IRONCLAD","items_purchased":["Pear"],"campfire_rested":3,"item_purchase_floors":[12],"current_hp_per_floor":[66,63,69,74,74,33,58,60,60,34,59,69,24,27,55,35,80,58,39,39,45,45,0,0],"gold":169,"neow_bonus":"RANDOM_COMMON_RELIC","is_daily":false,"chose_seed":false,"campfire_upgraded":0,"win_rate":0.0,"timestamp":1614410206,"path_taken":["M","M","M","?","?","E","R","M","T","E","R","$","E","M","R","BOSS","M","?","?","M","?","E"],"items_purchased_type":["Relic"],"build_version":"2020-12-22","purchased_purges":0,"victory":false,"max_hp_per_floor":[80,80,80,85,85,85,85,85,85,85,85,95,95,95,95,95,95,95,100,100,100,100,100,100],"card_choices":[{"not_picked":["Twin Strike","Pummel"],"picked":"Intimidate","floor":1},{"not_picked":["Perfected Strike","Iron Wave"],"picked":"Infernal Blade","floor":2},{"not_picked":["Body Slam","Evolve"],"picked":"Clothesline","floor":3},{"not_picked":["Thunderclap","Infernal Blade"],"picked":"Wild Strike","floor":6},{"not_picked":["Sword Boomerang","Pommel Strike"],"picked":"Shrug It Off","floor":8},{"not_picked":["Metallicize+1","Sentinel"],"picked":"Disarm","floor":10},{"not_picked":["Searing Blow","Blood for Blood"],"picked":"Armaments","floor":13},{"not_picked":["Fiend Fire","Anger"],"picked":"Perfected Strike","floor":14},{"not_picked":["Barricade+1","Offering"],"picked":"Immolate","floor":16},{"not_picked":["Iron Wave","Clash"],"picked":"Power Through","floor":18}],"player_experience":218232,"relics_obtained":[{"floor":6,"key":"Frozen Egg 2"},{"floor":9,"key":"The Courier"},{"floor":10,"key":"Bottled Flame"},{"floor":13,"key":"Centennial Puzzle"}],"event_choices":[{"damage_healed":0,"gold_gain":0,"player_choice":"Donut","damage_taken":0,"max_hp_gain":5,"max_hp_loss":0,"event_name":"Big Fish","floor":4,"gold_loss":0},{"damage_healed":0,"gold_gain":0,"player_choice":"Ignored","damage_taken":0,"max_hp_gain":0,"max_hp_loss":0,"event_name":"Shining Light","floor":5,"gold_loss":0},{"damage_healed":0,"gold_gain":0,"player_choice":"Shed Blood","damage_taken":24,"max_hp_gain":5,"max_hp_loss":0,"event_name":"Forgotten Altar","floor":19,"gold_loss":0},{"damage_healed":0,"gold_gain":0,"cards_transformed":["Brutality","Strike_R"],"player_choice":"Became Test Subject","damage_taken":0,"max_hp_gain":0,"max_hp_loss":0,"event_name":"Drug Dealer","floor":20,"gold_loss":0,"cards_obtained":["Disarm","Iron Wave"]},{"damage_healed":0,"gold_gain":0,"player_choice":"Ignored","damage_taken":0,"max_hp_gain":0,"max_hp_loss":0,"event_name":"Vampires","floor":22,"gold_loss":0}],"is_beta":false,"boss_relics":[{"not_picked":["Ectoplasm","Calling Bell"],"picked":"Astrolabe"}],"items_purged_floors":[],"is_endless":false,"potions_floor_spawned":[2,6,10,18,21],"killed_by":"Gremlin Leader","ascension_level":13}}