{"host":"ayh4nqhr0ddw4ozv","time":1614386340,"event":{"mods":["BaseMod","Minty Spire (QoL Compilation)","Relic Stats","Replay The Spire","Robot Space Explorer","StSLib"],"gold_per_floor":[115,133,133,133,133,144,157,191,214,214,50,50,80,91,91,166,166,186,186,198,113,113,113,129,161,161,161,172,189,19,19,19],"floor_reached":31,"language":"ENG","playtime":1604,"items_purged":["Strike_R"],"score":599,"play_id":"1937493f-ec2c-48c5-bdd2-a8ec87ee3289","local_time":"20210226163900","is_ascension_mode":true,"campfire_choices":[{"data":"Carnage","floor":10.0,"key":"SMITH"},{"data":"Uppercut","floor":12.0,"key":"SMITH"},{"floor":15.0,"key":"REST"},{"data":"True Grit","floor":23.0,"key":"SMITH"},{"floor":27.0,"key":"REST"}],"circlet_count":0,"master_deck":["AscendersBane","Strike_R","Strike_R","Strike_R","Strike_R","Defend_R","Defend_R","Defend_R","Defend_R","ReplayTheSpireMod:Necrogeddon","Clothesline+1","Twin Strike","Eruption+1","Second Wind","Carnage+1","Uppercut+1","True Grit+1","BowlingBash","Power Through","Impervious","Dark Embrace","Ghostly","Ghostly","Ghostly","Sword Boomerang","Pummel","Dual Wield","Inflame","Defy Death"],"relics":["Replay:M_SmolderingBlood","Strawberry","Lantern","Dream Catcher","Ring of Chaos","Calipers","Orichalcum","The Courier"],"acts_visited":["Exordium","TheCity"],"potions_floor_usage":[31],"damage_taken":[{"damage":4.0,"enemies":"Small Slimes","floor":1.0,"turns":4.0},{"damage":10.0,"enemies":"2 Louse","floor":2.0,"turns":3.0},{"damage":0.0,"enemies":"Cultist","floor":6.0,"turns":2.0},{"damage":0.0,"enemies":"Large Slime","floor":7.0,"turns":4.0},{"damage":16.0,"enemies":"Gremlin Nob","floor":8.0,"turns":3.0},{"damage":25.0,"enemies":"Lagavulin","floor":13.0,"turns":4.0},{"damage":10.0,"enemies":"3 Louse","floor":14.0,"turns":3.0},{"damage":0.0,"enemies":"Slime Boss","floor":16.0,"turns":5.0},{"damage":0.0,"enemies":"Spheric Guardian","floor":18.0,"turns":2.0},{"damage":19.0,"enemies":"Chosen","floor":20.0,"turns":8.0},{"damage":1.0,"enemies":"Centurion and Healer","floor":24.0,"turns":6.0},{"damage":31.0,"enemies":"Slavers","floor":25.0,"turns":6.0},{"damage":0.0,"enemies":"Snake Plant","floor":28.0,"turns":3.0},{"damage":0.0,"enemies":"Chosen and Byrds","floor":29.0,"turns":7.0},{"damage":46,"enemies":"Snecko","floor":31,"turns":7}],"seed_played":"5635056172813578704","potions_obtained":[{"floor":8.0,"key":"FearPotion"},{"floor":13.0,"key":"Cursed Concoction"},{"floor":14.0,"key":"PowerPotion"},{"floor":16.0,"key":"Fire Potion"},{"floor":20.0,"key":"Regen Potion"},{"floor":25.0,"key":"Death Potion"}],"is_trial":false,"path_per_floor":["M","M","?","?","?","M","M","E","T","R","$","R","E","M","R","B",null,"M","?","M","?","?","R","M","E","T","R","M","M","$","M"],"character_chosen":"IRONCLAD","items_purchased":["Uppercut","Inflame","ColorlessPotion","Defy Death"],"campfire_rested":2,"item_purchase_floors":[11,30,30,30],"current_hp_per_floor":[68,64,64,64,64,64,64,55,55,55,55,55,30,20,42,42,67,67,37,18,18,18,18,32,1,1,12,12,12,12,0,0],"gold":19,"neow_bonus":"RANDOM_COLORLESS_2","is_daily":false,"chose_seed":false,"campfire_upgraded":3,"win_rate":0.0,"timestamp":1614386340,"path_taken":["M","M","?","?","?","M","M","E","T","R","$","R","E","?","R","BOSS","M","?","M","?","?","R","M","E","T","R","M","?","$","M"],"items_purchased_type":["Card","Card","Potion","Card"],"build_version":"2020-12-22","purchased_purges":1,"victory":false,"max_hp_per_floor":[68,68,68,68,68,68,68,75,75,75,75,75,75,75,75,75,75,75,37,37,37,37,37,37,37,37,37,37,37,37,37,37],"relic_stats":{"Dream Catcher":2,"counters":[15,67],"Orichalcum":[60],"obtain_stats":[{"Lantern":9,"Dream Catcher":13,"Calipers":21,"Replay:M_SmolderingBlood":3,"Strawberry":8,"Ring of Chaos":17,"The Courier":26,"Orichalcum":25,"Burning Blood":0},{"Lantern":5,"Dream Catcher":6,"Calipers":10,"Replay:M_SmolderingBlood":2,"Strawberry":5,"Ring of Chaos":8,"The Courier":12,"Orichalcum":12,"Burning Blood":0},{"Lantern":16,"Dream Catcher":20,"Calipers":38,"Replay:M_SmolderingBlood":7,"Strawberry":16,"Ring of Chaos":28,"The Courier":50,"Orichalcum":50,"Burning Blood":0}]},"card_choices":[{"not_picked":["Sadistic Nature","Secret Weapon"],"picked":"ReplayTheSpireMod:Necrogeddon","floor":0.0},{"not_picked":["Iron Wave","Thunderclap"],"picked":"Clothesline","floor":1.0},{"not_picked":["Wild Strike","Searing Blow"],"picked":"Twin Strike","floor":2.0},{"not_picked":["Sword Boomerang","Replay:Undeath\u0027s Touch"],"picked":"Second Wind","floor":6.0},{"not_picked":["Limit Break","Clash"],"picked":"Carnage","floor":7.0},{"not_picked":["Thunderclap","ReplayTheSpireMod:Corrosion Curse","Dual Wield"],"picked":"SKIP","floor":8.0},{"not_picked":["Dropkick","Wild Strike"],"picked":"True Grit","floor":13.0},{"not_picked":["Seeing Red","Wild Strike"],"picked":"BowlingBash","floor":14.0},{"not_picked":["Wild Strike","Twin Strike"],"picked":"Power Through","floor":15.0},{"not_picked":["Double Tap","Juggernaut"],"picked":"Impervious","floor":16.0},{"not_picked":["Massacre","Headbutt"],"picked":"Dark Embrace","floor":18.0},{"not_picked":["Wild Strike","Hemokinesis","Replay:Undeath\u0027s Touch"],"picked":"SKIP","floor":20.0},{"not_picked":["Whirlwind+1","Bloodletting"],"picked":"Sword Boomerang","floor":24.0},{"not_picked":["Juggernaut","Replay:Undeath\u0027s Touch"],"picked":"Pummel","floor":25.0},{"not_picked":["Iron Wave","Power Through","Armaments"],"picked":"SKIP","floor":28.0},{"not_picked":["ReplayTheSpireMod:Corrosion Curse","Brutality"],"picked":"Dual Wield","floor":29.0}],"player_experience":468444,"relics_obtained":[{"floor":8.0,"key":"Strawberry"},{"floor":9.0,"key":"Lantern"},{"floor":13.0,"key":"Dream Catcher"},{"floor":25.0,"key":"Orichalcum"},{"floor":26.0,"key":"The Courier"}],"event_choices":[{"damage_healed":0.0,"max_hp_gain":0.0,"max_hp_loss":0.0,"gold_gain":0.0,"event_name":"Living Wall","player_choice":"Grow","floor":4.0,"gold_loss":0.0,"damage_taken":0.0,"cards_upgraded":["Eruption"]},{"damage_healed":0.0,"max_hp_gain":0.0,"max_hp_loss":0.0,"gold_gain":0.0,"event_name":"Upgrade Shrine","player_choice":"Upgraded","floor":5.0,"gold_loss":0.0,"damage_taken":0.0,"cards_upgraded":["Clothesline"]},{"damage_healed":0.0,"max_hp_gain":0.0,"max_hp_loss":38.0,"gold_gain":0.0,"event_name":"Ghosts","player_choice":"Became a Ghost","floor":19.0,"gold_loss":0.0,"damage_taken":0.0,"cards_obtained":["Ghostly","Ghostly","Ghostly"]},{"damage_healed":0.0,"max_hp_gain":0.0,"max_hp_loss":0.0,"gold_gain":0.0,"event_name":"Addict","player_choice":"Obtained Relic","floor":21.0,"gold_loss":85.0,"damage_taken":0.0,"relics_obtained":["Calipers"]},{"damage_healed":0.0,"max_hp_gain":0.0,"max_hp_loss":0.0,"gold_gain":0.0,"event_name":"Lab","player_choice":"Got Potions","floor":22.0,"gold_loss":0.0,"damage_taken":0.0}],"is_beta":false,"boss_relics":[{"not_picked":["Kintsugi","SlaversCollar"],"picked":"Ring of Chaos"}],"items_purged_floors":[11],"is_endless":false,"potions_floor_spawned":[8,13,14,16,20,25],"killed_by":"Snecko","ascension_level":18}}