{"host":"yw9713ytys1bjhxs","time":1614416349,"event":{"mods":["BaseMod","Colored Map","Colored Powertips","Highlight Path","Minty Spire (QoL Compilation)","Replay The Spire","StSLib"],"gold_per_floor":[118,118,135,152,172,187,187,217,243,318,318,318],"floor_reached":11,"language":"ENG","playtime":357,"items_purged":[],"score":75,"play_id":"18017e8c-b963-4445-8870-57ac94d1c6f5","local_time":"20210227005909","is_ascension_mode":false,"campfire_choices":[{"floor":7,"key":"RECALL"}],"circlet_count":0,"master_deck":["Strike_R","Strike_R","Strike_R","Strike_R","Strike_R","Defend_R","Defend_R","Defend_R","Defend_R","Bash","Intimidate","Flex","Bash","Dramatic Entrance","Heavy Blade","Twin Strike","Whirlwind","Whirlwind","Life Link"],"relics":["Burning Blood","NeowsBlessing","ReplayTheSpireMod:Spearhead","ReplayTheSpireMod:TigerMarble"],"acts_visited":["Exordium"],"potions_floor_usage":[],"damage_taken":[{"damage":0,"enemies":"Small Slimes","floor":1,"turns":1},{"damage":0,"enemies":"Cultist","floor":3,"turns":1},{"damage":0,"enemies":"Jaw Worm","floor":4,"turns":1},{"damage":10,"enemies":"Large Slime","floor":5,"turns":5},{"damage":0,"enemies":"2 Fungi Beasts","floor":6,"turns":2},{"damage":31,"enemies":"3 Sentries","floor":8,"turns":7},{"damage":26,"enemies":"Lagavulin","floor":11,"turns":4}],"seed_played":"-5970081250736053004","potions_obtained":[{"floor":3,"key":"LiquidMemories"},{"floor":4,"key":"Energy Potion"},{"floor":5,"key":"PowerPotion"}],"is_trial":false,"path_per_floor":["M","?","M","M","M","M","R","E","T","?","E"],"character_chosen":"IRONCLAD","items_purchased":[],"campfire_rested":0,"item_purchase_floors":[],"current_hp_per_floor":[80,80,80,80,76,80,80,55,55,44,18,18],"gold":318,"neow_bonus":"THREE_ENEMY_KILL","is_daily":false,"chose_seed":false,"campfire_upgraded":0,"win_rate":0.0,"timestamp":1614416349,"path_taken":["M","?","M","?","M","M","R","E","T","?","E"],"items_purchased_type":[],"build_version":"2020-12-22","purchased_purges":0,"victory":false,"max_hp_per_floor":[80,80,80,80,80,80,80,80,80,80,80,80],"card_choices":[{"not_picked":["Sword Boomerang","Headbutt"],"picked":"Intimidate","floor":1},{"not_picked":["Anger","Searing Blow"],"picked":"Heavy Blade","floor":3},{"not_picked":["Perfected Strike","Seeing Red"],"picked":"Twin Strike","floor":4},{"not_picked":["ReplayTheSpireMod:LeadingStrike","Rampage"],"picked":"Whirlwind","floor":5},{"not_picked":["Fire Breathing","Shrug It Off"],"picked":"Whirlwind","floor":6},{"not_picked":["Pommel Strike","Sentinel"],"picked":"Life Link","floor":8}],"player_experience":248388,"relics_obtained":[{"floor":8,"key":"ReplayTheSpireMod:Spearhead"},{"floor":9,"key":"ReplayTheSpireMod:TigerMarble"}],"event_choices":[{"damage_healed":0,"gold_gain":0,"player_choice":"3 cards matched","damage_taken":0,"max_hp_gain":0,"max_hp_loss":0,"event_name":"Match and Keep!","floor":2,"gold_loss":0,"cards_obtained":["Flex","Bash","Dramatic Entrance"]},{"damage_healed":0,"gold_gain":75,"player_choice":"Gather Gold","damage_taken":11,"max_hp_gain":0,"max_hp_loss":0,"event_name":"World of Goop","floor":10,"gold_loss":0}],"is_beta":false,"boss_relics":[],"items_purged_floors":[],"is_endless":false,"potions_floor_spawned":[3,4,5],"killed_by":"Lagavulin","ascension_level":0}}