{"host":"nheeijcahh9jjto4","time":1614452692,"event":{"mods":["2.2 Compatiblity","AchievementEnabler","Act Like it!","Aspiration","BaseMod","Better Match","Better Note","Better Third Choice","Colorless Booster Pack","Conjunction","Conspire","Custom Start","Downfall","Duelist Mod","Energized Spire","GifTheSpireLib","Halation","Hubris","Infinite Spire","Minty Spire (QoL Compilation)","Rare Cards Sparkle","Replay The Spire","StSLib","Stuff the Spire"],"gold_per_floor":[141,141,152,164,164,164,164,164,164,164,181,196,10,43,43,139,139,154,154,154,154,69,69,69,69],"floor_reached":24,"language":"ENG","playtime":2112,"items_purged":[],"score":202,"play_id":"d53ea3cf-a108-4df9-8d92-8efe066a7ce0","local_time":"20210227190452","is_ascension_mode":true,"campfire_choices":[{"data":"theDuelist:FairyBox","floor":7,"key":"SMITH"},{"data":"theDuelist:DarkMagician","floor":10,"key":"SMITH"},{"floor":15,"key":"REST"},{"data":"theDuelist:VoidVanishment","floor":23,"key":"SMITH"}],"circlet_count":0,"master_deck":["theDuelist:CastleWalls","theDuelist:CastleWalls","theDuelist:DarkMagician+1","theDuelist:MysticalElf","theDuelist:MysticalElf","theDuelist:NeoMagic","theDuelist:NeoMagic","theDuelist:Sparks+1","theDuelist:FairyBox+1","theDuelist:MagicSparks+1","theDuelist:InjectionFairy+1","Regret","theDuelist:GoblinSecret+1","theDuelist:DarkMagicianGirl+1","theDuelist:Wildfire+3","theDuelist:VoidVanishment+1","StuffTheSpire:Vigor","Pain"],"relics":["theDuelist:MillenniumPuzzle","theDuelist:CardPoolRelic","theDuelist:CardPoolBasicRelic","theDuelist:BoosterPackPoolRelic","theDuelist:CardPoolAddRelic","theDuelist:CardPoolMinusRelic","theDuelist:CardPoolSaveRelic","theDuelist:CardPoolOptionsRelic","Byrd Skull","theDuelist:ZombieRelic","theDuelist:ZoneToken","infinitespire:Freezer","Self Forming Clay","Pantograph","hubris:SoftwareUpdate"],"acts_visited":["Exordium","TheCity"],"potions_floor_usage":[16,16],"damage_taken":[{"damage":0,"enemies":"Jaw Worm","floor":1,"turns":4},{"damage":0,"enemies":"Cultist","floor":3,"turns":4},{"damage":0,"enemies":"Small Slimes","floor":4,"turns":4},{"damage":7,"enemies":"3 Louse","floor":11,"turns":3},{"damage":0,"enemies":"Large Slime","floor":12,"turns":5},{"damage":45,"enemies":"Gremlin Nob","floor":14,"turns":7},{"damage":15,"enemies":"The Guardian","floor":16,"turns":10},{"damage":22,"enemies":"Shell Parasite","floor":18,"turns":8},{"damage":71,"enemies":"Gremlin Leader","floor":24,"turns":6}],"seed_played":"1604861395158753771","potions_obtained":[{"floor":1,"key":"Swift Potion"},{"floor":3,"key":"theDuelist:LavaBottle"},{"floor":12,"key":"theDuelist:EarthBottle"}],"is_trial":false,"path_per_floor":["M","?","M","M","?","?","R","?","T","R","M","M","$","E","R","B",null,"M","?","?","T","?","R","E"],"character_chosen":"THE_DUELIST","items_purchased":["theDuelist:DarkMagicianGirl+1","infinitespire:Freezer"],"campfire_rested":1,"item_purchase_floors":[13,13],"current_hp_per_floor":[72,72,72,72,72,72,72,72,72,72,70,72,72,35,56,51,72,55,55,55,55,55,55,0,0],"gold":69,"neow_bonus":"ONE_RARE_RELIC","is_daily":false,"chose_seed":false,"campfire_upgraded":3,"win_rate":0.0,"timestamp":1614452692,"path_taken":["M","?","?","M","?","?","R","?","T","R","M","M","$","E","R","BOSS","M","?","?","?","?","R","E"],"items_purchased_type":["Card","Relic"],"build_version":"2020-12-22","purchased_purges":0,"victory":false,"max_hp_per_floor":[72,72,72,72,72,72,72,72,72,72,72,72,72,72,72,72,72,72,72,72,72,72,72,72,72],"card_choices":[{"not_picked":["theDuelist:BlizzardWarrior","theDuelist:MysticalElf","theDuelist:ExodiaLL","theDuelist:InfernoFireBlast"],"picked":"theDuelist:FairyBox","floor":1},{"not_picked":["theDuelist:SpellShatteringArrow","theDuelist:BlizzardWarrior","theDuelist:DarkMagician","theDuelist:GuardianAngel"],"picked":"theDuelist:InjectionFairy","floor":3},{"not_picked":["theDuelist:SkilledDarkMagician","theDuelist:RainbowMagician"],"picked":"theDuelist:Wildfire","floor":4},{"not_picked":["theDuelist:VoidExpansion","theDuelist:TimeWizard","theDuelist:BadReaction"],"picked":"theDuelist:GoblinSecret","floor":11},{"not_picked":["theDuelist:EarthEffigy","theDuelist:GemElephant","theDuelist:GolemSentry","theDuelist:LabyrinthWall","theDuelist:WeepingIdol"],"picked":"SKIP","floor":12},{"not_picked":["theDuelist:GaiaMidNightSun","theDuelist:MillenniumGolem","theDuelist:BlueBloodedOni","theDuelist:HarpieFeather","theDuelist:Jinzo"],"picked":"SKIP","floor":14},{"not_picked":["theDuelist:IrisEarthMother","theDuelist:RainbowMagician","theDuelist:QueenDragunDjinn","theDuelist:SangaWater"],"picked":"theDuelist:VoidVanishment","floor":16},{"not_picked":["theDuelist:ExodiaNecross","theDuelist:ExodiaRL","theDuelist:ExodiaRA+1","theDuelist:ExodiaLA","theDuelist:ExodiaHead"],"picked":"SKIP","floor":18}],"player_experience":233869,"relics_obtained":[{"floor":9,"key":"theDuelist:ZoneToken"},{"floor":14,"key":"Self Forming Clay"},{"floor":21,"key":"Pantograph"}],"event_choices":[{"cards_removed":["theDuelist:Sparks"],"damage_healed":0,"gold_gain":0,"player_choice":"Purged","damage_taken":0,"max_hp_gain":0,"max_hp_loss":0,"event_name":"Purifier","floor":2,"gold_loss":0},{"damage_healed":0,"gold_gain":0,"player_choice":"Grow","damage_taken":0,"max_hp_gain":0,"max_hp_loss":0,"event_name":"Living Wall","floor":5,"gold_loss":0,"cards_upgraded":["theDuelist:InjectionFairy"]},{"damage_healed":0,"gold_gain":0,"player_choice":"Box","damage_taken":0,"relics_obtained":["theDuelist:ZombieRelic"],"max_hp_gain":0,"max_hp_loss":0,"event_name":"Big Fish","floor":8,"gold_loss":0,"cards_obtained":["Regret"]},{"cards_removed":["theDuelist:NeoMagic"],"damage_healed":0,"gold_gain":0,"player_choice":"Give","damage_taken":0,"max_hp_gain":0,"max_hp_loss":0,"event_name":"betterNote:BetterNote","floor":19,"gold_loss":0,"cards_obtained":["theDuelist:PrematureBurial"]},{"damage_healed":0,"gold_gain":0,"player_choice":"Obtained Relic","damage_taken":0,"relics_obtained":["hubris:SoftwareUpdate"],"max_hp_gain":0,"max_hp_loss":0,"event_name":"Addict","floor":22,"gold_loss":85}],"is_beta":false,"boss_relics":[{"not_picked":["energizedSpire:StickyHand","Snecko Eye","energizedSpire:SpiderWeb"]}],"items_purged_floors":[],"is_endless":false,"potions_floor_spawned":[1,3,12],"killed_by":"Gremlin Leader","ascension_level":1}}