{"host":"wbn3xdfsa5pc2kse","time":1614408130,"event":{"mods":["AchievementEnabler","BaseMod","Bestiary","Better Altar","Better Match","Better Note","Better Sensory Stone","Better Skull","Better Third Choice","Colored Map","Colored Powertips","Curses Come First","Highlight Path","Minty Spire (QoL Compilation)","Permanent Neow","Rare Cards Sparkle","Relic Stats","Replay The Spire","StSLib"],"gold_per_floor":[112,37,49,49,65,65,96,112,112,132,149,177,192,221,233,245,245],"floor_reached":16,"language":"ENG","playtime":883,"items_purged":["Strike_R"],"score":223,"play_id":"f4f12a38-2ce8-411d-814d-ae4ee26a0420","local_time":"20210227144210","is_ascension_mode":true,"campfire_choices":[{"data":"Run Through","floor":6,"key":"SMITH"},{"data":"Carnage","floor":15,"key":"SMITH"}],"circlet_count":0,"master_deck":["AscendersBane","Strike_R","Strike_R","Strike_R","Strike_R","Defend_R","Defend_R","Defend_R","Defend_R","Bash","Replay:Sssssssssstrike+1","Run Through+1","Shrug It Off","Burning Pact","ReplayTheSpireMod:LeadingStrike","Shrug It Off","Carnage+1","Shrug It Off","Demon Form"],"relics":["Burning Blood","Oddly Smooth Stone","Art of War","Letter Opener","MawBank"],"acts_visited":["Exordium"],"potions_floor_usage":[7,7,14,14],"damage_taken":[{"damage":0,"enemies":"Cultist","floor":1,"turns":4},{"damage":7,"enemies":"Small Slimes","floor":3,"turns":3},{"damage":1,"enemies":"2 Louse","floor":5,"turns":2},{"damage":31,"enemies":"Lagavulin","floor":7,"turns":8},{"damage":7,"enemies":"Exordium Wildlife","floor":8,"turns":4},{"damage":3,"enemies":"3 Louse","floor":10,"turns":4},{"damage":5,"enemies":"Looter","floor":11,"turns":3},{"damage":2,"enemies":"Replay:BlueRogue","floor":12,"turns":7},{"damage":0,"enemies":"2 Fungi Beasts","floor":13,"turns":3},{"damage":29,"enemies":"Gremlin Nob","floor":14,"turns":4},{"damage":48,"enemies":"Fading Forest","floor":16,"turns":10}],"seed_played":"-1404452721515584049","potions_obtained":[{"floor":3,"key":"BlessingOfTheForge"},{"floor":5,"key":"Explosive Potion"},{"floor":8,"key":"SkillPotion"},{"floor":10,"key":"DistilledChaos"}],"is_trial":false,"path_per_floor":["M","$","M","?","M","R","E","M","T","M","M","E","M","E","R","B"],"character_chosen":"IRONCLAD","items_purchased":[],"campfire_rested":0,"item_purchase_floors":[],"current_hp_per_floor":[74,74,73,73,75,75,50,49,49,52,53,57,63,40,40,0,0],"gold":245,"neow_bonus":"RANDOM_COLORLESS","is_daily":false,"chose_seed":false,"campfire_upgraded":2,"win_rate":0.0,"timestamp":1614408130,"path_taken":["M","?","M","?","M","R","E","M","T","?","M","E","M","E","R","BOSS"],"items_purchased_type":[],"build_version":"2020-12-22","purchased_purges":1,"victory":false,"max_hp_per_floor":[75,75,75,75,75,75,75,75,75,75,75,75,75,75,75,75,75],"relic_stats":{"counters":[11,52],"Art of War":[3],"Letter Opener":[5],"MawBank":24,"obtain_stats":[{"Oddly Smooth Stone":7,"Art of War":9,"Letter Opener":12,"MawBank":14,"Burning Blood":0},{"Oddly Smooth Stone":4,"Art of War":5,"Letter Opener":8,"MawBank":10,"Burning Blood":0},{"Oddly Smooth Stone":17,"Art of War":21,"Letter Opener":35,"MawBank":42,"Burning Blood":0}],"Burning Blood":57},"card_choices":[{"not_picked":["Trip","Purity"],"picked":"Replay:Sssssssssstrike","floor":0},{"not_picked":["Power Through","Disarm"],"picked":"Run Through","floor":1},{"not_picked":["Replay:Undeath\u0027s Touch","Burning Pact"],"picked":"Shrug It Off","floor":3},{"not_picked":["Run Through","Iron Wave"],"picked":"Burning Pact","floor":5},{"not_picked":["Replay:Many Hands","Anger"],"picked":"ReplayTheSpireMod:LeadingStrike","floor":7},{"not_picked":["Wild Strike","Cleave"],"picked":"Shrug It Off","floor":8},{"not_picked":["True Grit","Clash"],"picked":"Carnage","floor":10},{"not_picked":["Reckless Charge","Iron Wave"],"picked":"Shrug It Off","floor":11},{"not_picked":["Replay:Undeath\u0027s Touch","Barricade","Cleave"],"picked":"SKIP","floor":12},{"not_picked":["Sword Boomerang","Iron Wave","Run Through"],"picked":"SKIP","floor":13},{"not_picked":["Sword Boomerang","Iron Wave","Run Through"],"picked":"SKIP","floor":13},{"not_picked":["Body Slam","Iron Wave"],"picked":"Demon Form","floor":14}],"player_experience":907795,"relics_obtained":[{"floor":7,"key":"Oddly Smooth Stone"},{"floor":9,"key":"Art of War"},{"floor":12,"key":"Letter Opener"},{"floor":14,"key":"MawBank"}],"event_choices":[{"damage_healed":0,"gold_gain":0,"player_choice":"Forge","damage_taken":0,"max_hp_gain":0,"max_hp_loss":0,"event_name":"Accursed Blacksmith","floor":4,"gold_loss":0,"cards_upgraded":["Replay:Sssssssssstrike"]}],"is_beta":false,"boss_relics":[],"items_purged_floors":[2],"is_endless":false,"potions_floor_spawned":[3,5,8,10,13],"killed_by":"Fading Forest","ascension_level":16}}