{"host":"7sni158j623xchr2","time":1614408941,"event":{"mods":["BaseMod","Colored Map","Highlight Path","Minty Spire (QoL Compilation)","Permanent Neow","Potion Indicator Mod","Rare Cards Sparkle","Relic Sorter","Relic Stats","StSLib","everything is the same but u backflip on backflip"],"gold_per_floor":[116,116,133,144,34,34,59,92,92,92,104,130,165,184,184,284,284,304,318,243,259,274,304,304,39,39,65,80,80,96,109,109,208,258,274,274,274,290,18,45,45,74,74,74,107,107,8,28,28,28,28,28,28,60,60],"floor_reached":56,"language":"ENG","playtime":1872,"items_purged":["Pain","Defend_G","Strike_G"],"score":1408,"play_id":"8919824a-d104-4c30-8a66-49c3b7357a45","local_time":"20210227005541","is_ascension_mode":true,"campfire_choices":[{"data":"All Out Attack","floor":6.0,"key":"SMITH"},{"data":"Poisoned Stab","floor":10,"key":"SMITH"},{"data":"Bouncing Flask","floor":15,"key":"SMITH"},{"data":"Catalyst","floor":24,"key":"SMITH"},{"floor":32,"key":"REST"},{"floor":41,"key":"RECALL"},{"floor":49,"key":"REST"},{"data":"After Image","floor":52,"key":"SMITH"}],"circlet_count":0,"master_deck":["Strike_G","Strike_G","Strike_G","Defend_G","Defend_G","Defend_G+1","Survivor","Neutralize+1","Bane","All Out Attack+1","Poisoned Stab+1","Bouncing Flask+1","Catalyst+1","PiercingWail","Malaise","Backstab","Adrenaline+1","PiercingWail+1","Well Laid Plans+1","PiercingWail","Terror","Catalyst","Adrenaline+1","Crippling Poison","Master of Strategy","Wraith Form v2","After Image+1","Dash","Burst"],"relics":["Ring of the Snake","WingedGreaves","WarpedTongs","Orichalcum","The Courier","Question Card","Sundial","Darkstone Periapt","SacredBark","PreservedInsect","Membership Card","Art of War","Kunai","Matryoshka","Tiny House","OrangePellets","Bag of Marbles","Letter Opener","Happy Flower","War Paint","The Specimen","Strawberry","Ninja Scroll"],"acts_visited":["Exordium","TheCity","TheBeyond","TheEnding"],"potions_floor_usage":[11,13,18,18,23,27,28,31,33,38,40,55,55,55,55],"damage_taken":[{"damage":0.0,"enemies":"Jaw Worm","floor":1.0,"turns":4.0},{"damage":1.0,"enemies":"Cultist","floor":3.0,"turns":4.0},{"damage":1.0,"enemies":"2 Louse","floor":4.0,"turns":3.0},{"damage":9,"enemies":"3 Sentries","floor":7,"turns":5},{"damage":10,"enemies":"Lagavulin","floor":8,"turns":4},{"damage":4,"enemies":"Large Slime","floor":11,"turns":3},{"damage":4,"enemies":"Gremlin Nob","floor":12,"turns":3},{"damage":13,"enemies":"Lagavulin","floor":13,"turns":6},{"damage":0,"enemies":"3 Louse","floor":14,"turns":4},{"damage":0,"enemies":"Hexaghost","floor":16,"turns":7},{"damage":0,"enemies":"2 Thieves","floor":18,"turns":3},{"damage":0,"enemies":"Chosen","floor":19,"turns":3},{"damage":0,"enemies":"Snake Plant","floor":21,"turns":4},{"damage":6,"enemies":"Centurion and Healer","floor":22,"turns":5},{"damage":15,"enemies":"Book of Stabbing","floor":23,"turns":4},{"damage":2,"enemies":"Gremlin Leader","floor":27,"turns":4},{"damage":4,"enemies":"Sentry and Sphere","floor":28,"turns":5},{"damage":4,"enemies":"Cultist and Chosen","floor":30,"turns":4},{"damage":5,"enemies":"Snecko","floor":31,"turns":4},{"damage":34,"enemies":"Automaton","floor":33,"turns":5},{"damage":4,"enemies":"Orb Walker","floor":35,"turns":2},{"damage":5,"enemies":"3 Darklings","floor":38,"turns":6},{"damage":21,"enemies":"Nemesis","floor":40,"turns":5},{"damage":3,"enemies":"Reptomancer","floor":42,"turns":6},{"damage":32,"enemies":"Nemesis","floor":45,"turns":5},{"damage":7,"enemies":"Jaw Worm Horde","floor":48,"turns":4},{"damage":29,"enemies":"Time Eater","floor":50,"turns":13},{"damage":10,"enemies":"Shield and Spear","floor":54,"turns":7},{"damage":50,"enemies":"The Heart","floor":55,"turns":8}],"seed_played":"-1377565821033455443","potions_obtained":[{"floor":7,"key":"LiquidBronze"},{"floor":8,"key":"CunningPotion"},{"floor":11,"key":"SkillPotion"},{"floor":12,"key":"Fire Potion"},{"floor":14,"key":"Swift Potion"},{"floor":19,"key":"DuplicationPotion"},{"floor":27,"key":"Block Potion"},{"floor":28,"key":"SpeedPotion"},{"floor":30,"key":"Swift Potion"},{"floor":33,"key":"ColorlessPotion"},{"floor":34,"key":"Block Potion"},{"floor":38,"key":"SteroidPotion"},{"floor":45,"key":"Energy Potion"}],"is_trial":false,"path_per_floor":["M","?","M","M","$","R","E","E","T","R","M","E","E","M","R","B",null,"M","M","?","M","M","E","R","$","T","E","M","?","M","M","R","B",null,"M","?","?","M","$","E","R","E","T","?","E","?","$","M","R","B",null,"R","$","E","B",null],"character_chosen":"THE_SILENT","items_purchased":["Bouncing Flask","Membership Card","EntropicBrew","Art of War","OrangePellets","Bag of Marbles","Master of Strategy","Fire Potion","Strawberry","FairyPotion"],"campfire_rested":2,"item_purchase_floors":[5,25,25,25,39,39,39,39,47,47],"current_hp_per_floor":[63,63,62,61,61,61,52,42,42,42,38,34,21,21,21,21,63,63,63,63,63,57,42,42,42,42,40,36,25,21,16,36,2,73,69,69,69,64,64,43,43,40,40,40,8,8,15,8,30,1,76,76,76,66,16],"gold":60,"neow_bonus":"ONE_RARE_RELIC","is_daily":false,"chose_seed":false,"campfire_upgraded":5,"win_rate":0.0,"timestamp":1614408941,"path_taken":["M","?","M","?","$","R","E","E","T","R","M","E","E","M","R","BOSS","M","?","?","M","M","E","R","?","T","E","M","?","M","M","R","BOSS","M","?","?","M","$","E","R","E","T","?","E","?","$","M","R","BOSS","R","$","E","BOSS"],"items_purchased_type":["Card","Relic","Potion","Relic","Relic","Relic","Card","Potion","Relic","Potion"],"build_version":"2020-12-22","purchased_purges":3,"victory":true,"max_hp_per_floor":[63,63,63,63,63,63,63,63,63,63,63,63,63,63,63,63,63,63,63,63,63,63,63,63,63,63,63,63,68,68,68,68,68,73,73,69,69,69,69,69,69,69,69,69,69,69,76,76,76,76,76,76,76,76,76],"relic_stats":{"Darkstone Periapt":0,"Happy Flower":[12],"counters":[29,140],"PreservedInsect":265,"Letter Opener":[76],"Orichalcum":[426],"War Paint":["Adrenaline","Defend_G"],"Question Card":23,"WarpedTongs":[133],"OrangePellets":[2],"Sundial":[14],"Art of War":[16],"Kunai":[19],"obtain_stats":[{"Darkstone Periapt":13,"Tiny House":34,"Happy Flower":42,"The Specimen":45,"SacredBark":17,"The Courier":8,"PreservedInsect":23,"Letter Opener":40,"Orichalcum":7,"War Paint":43,"Question Card":9,"WarpedTongs":2,"OrangePellets":39,"Matryoshka":27,"Sundial":12,"Ninja Scroll":54,"Strawberry":47,"WingedGreaves":0,"Art of War":25,"Bag of Marbles":39,"Membership Card":25,"Kunai":26,"Ring of the Snake":0},{"Darkstone Periapt":8,"Tiny House":20,"Happy Flower":24,"The Specimen":25,"SacredBark":10,"The Courier":5,"PreservedInsect":15,"Letter Opener":23,"Orichalcum":4,"War Paint":24,"Question Card":5,"WarpedTongs":1,"OrangePellets":22,"Matryoshka":16,"Sundial":7,"Ninja Scroll":28,"Strawberry":25,"WingedGreaves":0,"Art of War":15,"Bag of Marbles":22,"Membership Card":15,"Kunai":15,"Ring of the Snake":0},{"Darkstone Periapt":32,"Tiny House":84,"Happy Flower":103,"The Specimen":108,"SacredBark":43,"The Courier":20,"PreservedInsect":62,"Letter Opener":97,"Orichalcum":16,"War Paint":103,"Question Card":20,"WarpedTongs":4,"OrangePellets":92,"Matryoshka":66,"Sundial":26,"Ninja Scroll":132,"Strawberry":108,"WingedGreaves":0,"Art of War":62,"Bag of Marbles":92,"Membership Card":62,"Kunai":62,"Ring of the Snake":0}],"Ring of the Snake":[58]},"card_choices":[{"not_picked":["Slice","Acrobatics"],"picked":"Bane","floor":1.0},{"not_picked":["Backflip","Flying Knee"],"picked":"All Out Attack","floor":3.0},{"not_picked":["Backflip","Cloak And Dagger"],"picked":"Poisoned Stab","floor":4.0},{"not_picked":["Cloak And Dagger","Concentrate"],"picked":"Catalyst","floor":7},{"not_picked":["Infinite Blades","Masterful Stab"],"picked":"PiercingWail","floor":8},{"not_picked":["Sucker Punch","Dodge and Roll","Acrobatics","Flying Knee"],"picked":"SKIP","floor":11},{"not_picked":["Poisoned Stab","Flying Knee","Acrobatics","Quick Slash"],"picked":"SKIP","floor":12},{"not_picked":["Prepared","Endless Agony","Bane"],"picked":"Malaise","floor":13},{"not_picked":["Crippling Poison","Concentrate","Underhanded Strike"],"picked":"Backstab","floor":14},{"not_picked":["Burst","Tools of the Trade","Grand Finale"],"picked":"Adrenaline","floor":16},{"not_picked":["Outmaneuver","Underhanded Strike+1","Heel Hook"],"picked":"PiercingWail+1","floor":18},{"not_picked":["Quick Slash+1","Dagger Throw","Slice","Choke"],"picked":"SKIP","floor":19},{"not_picked":["Wraith Form v2","Concentrate","Bane","Dagger Throw+1"],"picked":"SKIP","floor":21},{"not_picked":["Bane+1","Deadly Poison","Dash+1"],"picked":"Well Laid Plans+1","floor":22},{"not_picked":["Phantasmal Killer","Leg Sweep","Outmaneuver+1"],"picked":"PiercingWail","floor":23},{"not_picked":["Noxious Fumes","Backflip","Cloak And Dagger","Eviscerate+1"],"picked":"SKIP","floor":27},{"not_picked":["Flechettes","PiercingWail","Slice","Dash"],"picked":"SKIP","floor":28},{"not_picked":["Backflip+1","Quick Slash","Leg Sweep"],"picked":"Terror","floor":30},{"not_picked":["Poisoned Stab","Outmaneuver","Calculated Gamble"],"picked":"Catalyst","floor":31},{"not_picked":["A Thousand Cuts","Doppelganger","Bullet Time"],"picked":"Adrenaline","floor":33},{"not_picked":["Cloak And Dagger","Noxious Fumes","Dagger Throw+1"],"picked":"Crippling Poison","floor":35},{"not_picked":["Escape Plan","Eviscerate+1","Quick Slash+1","Cloak And Dagger"],"picked":"SKIP","floor":38},{"not_picked":["Prepared","Slice","Footwork"],"picked":"Wraith Form v2","floor":40},{"not_picked":["Accuracy","Blade Dance","Slice+1"],"picked":"After Image","floor":42},{"not_picked":["Prepared+1","Tactician+1","Quick Slash"],"picked":"Dash","floor":45},{"not_picked":["Acrobatics+1","Bane+1","Dodge and Roll","Dash"],"picked":"SKIP","floor":48},{"not_picked":["All Out Attack","Sucker Punch+1","Finisher"],"picked":"Burst","floor":54}],"player_experience":1861318,"relics_obtained":[{"floor":7,"key":"Orichalcum"},{"floor":8,"key":"The Courier"},{"floor":9,"key":"Question Card"},{"floor":12,"key":"Sundial"},{"floor":13,"key":"Darkstone Periapt"},{"floor":23,"key":"PreservedInsect"},{"floor":26,"key":"Kunai"},{"floor":27,"key":"Matryoshka"},{"floor":40,"key":"Letter Opener"},{"floor":42,"key":"Happy Flower"},{"floor":43,"key":"War Paint"},{"floor":45,"key":"The Specimen"},{"floor":54,"key":"Ninja Scroll"}],"event_choices":[{"damage_healed":0.0,"max_hp_gain":0.0,"max_hp_loss":0.0,"gold_gain":0.0,"event_name":"Accursed Blacksmith","player_choice":"Rummage","floor":2.0,"gold_loss":0.0,"damage_taken":0.0,"relics_obtained":["WarpedTongs"],"cards_obtained":["Pain"]},{"cards_removed":["Strike_G"],"damage_healed":0,"gold_gain":0,"player_choice":"Gave Gold","damage_taken":0,"max_hp_gain":0,"max_hp_loss":0,"event_name":"Beggar","floor":20,"gold_loss":75},{"damage_healed":0,"gold_gain":0,"player_choice":"Shed Blood","damage_taken":16,"max_hp_gain":5,"max_hp_loss":0,"event_name":"Forgotten Altar","floor":29,"gold_loss":0},{"damage_healed":0,"gold_gain":0,"player_choice":"Max HP","damage_taken":0,"max_hp_gain":0,"max_hp_loss":4,"event_name":"Winding Halls","floor":36,"gold_loss":0},{"cards_removed":["Defend_G"],"damage_healed":0,"gold_gain":0,"player_choice":"Removed Skill","damage_taken":0,"max_hp_gain":0,"max_hp_loss":0,"event_name":"Falling","floor":37,"gold_loss":0},{"damage_healed":0,"gold_gain":0,"player_choice":"Ignored","damage_taken":0,"max_hp_gain":0,"max_hp_loss":0,"event_name":"Mysterious Sphere","floor":44,"gold_loss":0},{"damage_healed":0,"gold_gain":0,"player_choice":"Upgraded","damage_taken":0,"max_hp_gain":0,"max_hp_loss":0,"event_name":"Upgrade Shrine","floor":46,"gold_loss":0,"cards_upgraded":["Adrenaline"]}],"is_beta":false,"boss_relics":[{"not_picked":["HoveringKite","Runic Pyramid"],"picked":"SacredBark"},{"not_picked":["Empty Cage","Coffee Dripper"],"picked":"Tiny House"}],"items_purged_floors":[5,25,39],"is_endless":false,"potions_floor_spawned":[7,8,11,12,14,16,19,27,28,30,33,38,45,54],"ascension_level":1}}