{"host":"emzatosnsokm6754","time":1614415932,"event":{"mods":["Act Like it!","BaseMod","Bossed Relics","Colored Powertips","Dota2Spire","Energized Spire","Minty Spire (QoL Compilation)","Rare Cards Sparkle","Replay The Spire","Ruina","Small Relic Pack","StSLib","The Hierophant","The Servant 0.9.4"],"gold_per_floor":[10,10,30,49,49,49,93,109,109,129,153,153,173,24,24,145,145,163,181,181,181,202,202,202,102,102,102,102,102,102,120,120,120,120],"floor_reached":33,"language":"ENG","playtime":1232,"items_purged":["Strike_S","Injury"],"score":247,"play_id":"3f365715-dd96-4a32-ab2c-008f5939f87e","local_time":"20210227215212","is_ascension_mode":false,"campfire_choices":[{"data":"Initiator","floor":6,"key":"SMITH"},{"floor":12,"key":"REST"},{"data":"TheWorld","floor":15,"key":"SMITH"},{"floor":23,"key":"REST"},{"floor":30,"key":"REST"},{"data":"Luminosity","floor":32,"key":"SMITH"}],"circlet_count":0,"master_deck":["Strike_S","Strike_S","Defend_S","Defend_S","Initiator+1","Defy+1","TheWorld+1","Defy+1","Luminosity+1"],"relics":["Uniform","Golden Idol","Quantum Egg","Kintsugi"],"acts_visited":["Exordium","ruina:Briah"],"potions_floor_usage":[16,19,22,33],"damage_taken":[{"damage":2,"enemies":"Small Slimes","floor":1,"turns":2},{"damage":0,"enemies":"Cultist","floor":3,"turns":2},{"damage":6,"enemies":"Jaw Worm","floor":4,"turns":4},{"damage":7,"enemies":"Replay:BlueRogue","floor":7,"turns":4},{"damage":9,"enemies":"Blue Slaver","floor":8,"turns":4},{"damage":2,"enemies":"Looter","floor":10,"turns":2},{"damage":10,"enemies":"Exordium Thugs","floor":11,"turns":3},{"damage":4,"enemies":"Red Slaver","floor":13,"turns":3},{"damage":44,"enemies":"Fading Forest","floor":16,"turns":11},{"damage":0,"enemies":"ruina:BadWolf","floor":18,"turns":1},{"damage":7,"enemies":"ruina:2_Scarecrows","floor":19,"turns":3},{"damage":29,"enemies":"ruina:Nos_and_Bat","floor":22,"turns":7},{"damage":12,"enemies":"ruina:3_Scarecrows","floor":31,"turns":7},{"damage":66,"enemies":"ruina:Ozma","floor":33,"turns":15}],"seed_played":"-6123465534718653859","potions_obtained":[{"floor":3,"key":"FearPotion"},{"floor":5,"key":"Flashbang"},{"floor":5,"key":"Ancient Potion"},{"floor":5,"key":"BlessingOfTheForge"},{"floor":7,"key":"Energy Potion"},{"floor":16,"key":"Toxic Potion"},{"floor":22,"key":"Adrenaline Potion"}],"is_trial":false,"path_per_floor":["M","?","M","M","?","R","E","M","T","M","M","R","M","$","R","B",null,"M","M","?","?","M","R","?","$","T","$","?","$","R","M","R","B"],"character_chosen":"THE_SERVANT","items_purchased":["TheWorld"],"campfire_rested":3,"item_purchase_floors":[14],"current_hp_per_floor":[63,47,47,41,41,41,34,25,25,23,13,32,28,28,28,12,65,65,58,74,50,21,45,45,45,45,45,45,45,68,56,56,0,0],"gold":120,"neow_bonus":"THREE_RARE_CARDS","is_daily":false,"chose_seed":false,"campfire_upgraded":3,"win_rate":0.0,"timestamp":1614415932,"path_taken":["M","?","M","M","?","R","E","?","T","M","M","R","M","$","R","BOSS","M","M","?","?","M","R","?","$","T","?","?","$","R","M","R","BOSS"],"items_purchased_type":["Card"],"build_version":"2020-12-22","purchased_purges":2,"victory":false,"max_hp_per_floor":[65,65,65,65,65,65,65,65,65,65,65,65,65,65,65,65,65,65,65,81,81,81,81,81,81,81,81,77,77,77,77,77,77,77],"card_choices":[{"not_picked":["KillingDoll","Solidify"],"picked":"Initiator","floor":0},{"not_picked":["Alleviate","Rewind","GearUp"],"picked":"SKIP","floor":1},{"not_picked":["Comet","DoubleEdge","BottledTime"],"picked":"SKIP","floor":3},{"not_picked":["Ricochet","SpecialFormula","Alleviate"],"picked":"SKIP","floor":4},{"not_picked":["DoubleEdge","Read","Duplication"],"picked":"SKIP","floor":7},{"not_picked":["TimeWarp","DualDimension","Foresight"],"picked":"SKIP","floor":8},{"not_picked":["SpecialFormula","FastForward","GearUp"],"picked":"SKIP","floor":10},{"not_picked":["BottledTime","Potential","ShatteredReality"],"picked":"SKIP","floor":11},{"not_picked":["ReturningBlade","SpecialFormula"],"picked":"Defy","floor":13},{"not_picked":["Unruled+1","Potential","Comet"],"picked":"SKIP","floor":18},{"not_picked":["Barrier","TimeWarp","Rewind+1"],"picked":"SKIP","floor":19},{"not_picked":["FastForward","StarChef","DoubleEdge"],"picked":"SKIP","floor":22},{"not_picked":["ShatteredReality","Unruled"],"picked":"Luminosity","floor":31}],"player_experience":232575,"relics_obtained":[{"floor":7,"key":"Quantum Egg"}],"event_choices":[{"damage_healed":0,"gold_gain":0,"player_choice":"Take Damage","damage_taken":16,"relics_obtained":["Golden Idol"],"max_hp_gain":0,"max_hp_loss":0,"event_name":"Golden Idol","floor":2,"gold_loss":0},{"damage_healed":0,"gold_gain":0,"player_choice":"Got Potions","damage_taken":0,"max_hp_gain":0,"max_hp_loss":0,"event_name":"Lab","floor":5,"gold_loss":0}],"is_beta":false,"boss_relics":[{"not_picked":["ChewingGum","energizedSpire:RedRose"],"picked":"Kintsugi"}],"items_purged_floors":[14,25],"is_endless":false,"potions_floor_spawned":[3,7,13,16,22],"killed_by":"ruina:Ozma","ascension_level":0}}