{"host":"29uuqgkzqd703i93","time":1614460954,"event":{"mods":["BaseMod","Colored Powertips","Minty Spire (QoL Compilation)"],"gold_per_floor":[118,133,153,169,184,184,197,215,215,234,234,267,267,287,287,392,392,404,404,414,414,430,430,430,430],"floor_reached":24,"language":"ENG","playtime":1442,"items_purged":[],"score":204,"play_id":"5b9b0293-6a7e-4666-9768-e53b052f29c2","local_time":"20210227222234","is_ascension_mode":false,"campfire_choices":[{"floor":6,"key":"REST"},{"floor":11,"key":"REST"},{"floor":13,"key":"REST"},{"floor":15,"key":"REST"},{"floor":23,"key":"REST"}],"circlet_count":0,"master_deck":["Strike_G","Strike_G","Defend_G","Defend_G","Defend_G","Defend_G","Defend_G","Survivor","Neutralize","Sucker Punch","Cloak And Dagger","Sucker Punch","Cloak And Dagger","Acrobatics","Sucker Punch","Poisoned Stab","Infinite Blades","Cloak And Dagger","Storm of Steel","Well Laid Plans","Backstab","Envenom","Footwork"],"relics":["Fusion Hammer","Question Card","Bottled Lightning","Empty Cage"],"acts_visited":["Exordium","TheCity"],"potions_floor_usage":[16,22,22,22],"damage_taken":[{"damage":3,"enemies":"Cultist","floor":1,"turns":5},{"damage":0,"enemies":"2 Louse","floor":2,"turns":3},{"damage":0,"enemies":"Small Slimes","floor":3,"turns":3},{"damage":0,"enemies":"3 Louse","floor":4,"turns":3},{"damage":0,"enemies":"Looter","floor":5,"turns":4},{"damage":3,"enemies":"Large Slime","floor":7,"turns":8},{"damage":4,"enemies":"Red Slaver","floor":8,"turns":3},{"damage":0,"enemies":"Blue Slaver","floor":10,"turns":3},{"damage":8,"enemies":"Lagavulin","floor":12,"turns":7},{"damage":4,"enemies":"Lots of Slimes","floor":14,"turns":4},{"damage":32,"enemies":"The Guardian","floor":16,"turns":18},{"damage":12,"enemies":"3 Byrds","floor":18,"turns":7},{"damage":5,"enemies":"Chosen","floor":20,"turns":6},{"damage":49,"enemies":"3 Cultists","floor":22,"turns":6},{"damage":25,"enemies":"Cultist and Chosen","floor":24,"turns":4}],"seed_played":"-3886799578538769481","potions_obtained":[{"floor":4,"key":"FearPotion"},{"floor":5,"key":"Weak Potion"},{"floor":7,"key":"Explosive Potion"},{"floor":18,"key":"Explosive Potion"}],"is_trial":false,"path_per_floor":["M","M","M","M","M","R","M","M","T","M","R","E","R","M","R","B",null,"M","?","M","?","M","R","M"],"character_chosen":"THE_SILENT","items_purchased":[],"campfire_rested":5,"item_purchase_floors":[],"current_hp_per_floor":[67,67,67,67,67,70,67,63,63,63,70,62,70,66,70,38,70,58,58,53,53,4,25,0,0],"gold":430,"neow_bonus":"BOSS_RELIC","is_daily":false,"chose_seed":false,"campfire_upgraded":0,"win_rate":0.0,"timestamp":1614460954,"path_taken":["M","M","M","M","?","R","?","M","T","M","R","E","R","?","R","BOSS","M","?","M","?","M","R","M"],"items_purchased_type":[],"build_version":"2020-12-22","purchased_purges":0,"victory":false,"max_hp_per_floor":[70,70,70,70,70,70,70,70,70,70,70,70,70,70,70,70,70,70,70,70,70,70,70,70,70],"card_choices":[{"not_picked":["Cloak And Dagger","Dagger Spray"],"picked":"Sucker Punch","floor":1},{"not_picked":["Infinite Blades","Caltrops"],"picked":"Cloak And Dagger","floor":2},{"not_picked":["Skewer","Deadly Poison"],"picked":"Sucker Punch","floor":3},{"not_picked":["Underhanded Strike","Deflect"],"picked":"Cloak And Dagger","floor":4},{"not_picked":["Tactician","Concentrate"],"picked":"Acrobatics","floor":5},{"not_picked":["Venomology","Choke"],"picked":"Sucker Punch","floor":7},{"not_picked":["Concentrate","Quick Slash"],"picked":"Poisoned Stab","floor":8},{"not_picked":["Underhanded Strike","Backflip","Prepared"],"picked":"Infinite Blades","floor":10},{"not_picked":["Concentrate","Venomology","Blade Dance","Slice"],"picked":"SKIP","floor":12},{"not_picked":["Poisoned Stab","Expertise","Outmaneuver"],"picked":"Cloak And Dagger","floor":14},{"not_picked":["Die Die Die","Burst","Unload"],"picked":"Storm of Steel","floor":16},{"not_picked":["Acrobatics+1","Deadly Poison","Riddle With Holes"],"picked":"Well Laid Plans","floor":18},{"not_picked":["Dagger Spray+1","Backflip+1","Finisher"],"picked":"Backstab","floor":20},{"not_picked":["Skewer+1","Dagger Throw","Calculated Gamble"],"picked":"Footwork","floor":22}],"player_experience":146774,"relics_obtained":[{"floor":9,"key":"Question Card"},{"floor":12,"key":"Bottled Lightning"}],"event_choices":[{"cards_removed":["Strike_G"],"damage_healed":0,"gold_gain":0,"player_choice":"Elegance","damage_taken":0,"max_hp_gain":0,"max_hp_loss":0,"event_name":"Back to Basics","floor":19,"gold_loss":0},{"damage_healed":0,"gold_gain":0,"player_choice":"Read","damage_taken":0,"max_hp_gain":0,"max_hp_loss":0,"event_name":"The Library","floor":21,"gold_loss":0,"cards_obtained":["Envenom"]}],"is_beta":false,"boss_relics":[{"not_picked":["SacredBark","Snecko Eye"],"picked":"Empty Cage"}],"items_purged_floors":[],"is_endless":false,"potions_floor_spawned":[4,5,7,8,14,18],"killed_by":"Cultist and Chosen","ascension_level":0}}