{"host":"wik2u884rt5bbues","time":1614440440,"event":{"mods":["AchievementEnabler","BaseMod","Colored Map","Colored Powertips","DeckTracker","Googly Eyes","Minty Spire (QoL Compilation)","Permanent Neow","Quick Restart","Shop Mod","StSLib","SuperFastMode"],"gold_per_floor":[115,115,128,128,53,64,10,10,33,33,33,33,56,74,74,74,74],"floor_reached":16,"language":"ENG","playtime":433,"items_purged":["Strike_R"],"score":90,"play_id":"110d9036-0235-495e-8df2-d9452509ee10","local_time":"20210227154040","is_ascension_mode":false,"campfire_choices":[{"data":"Shrug It Off","floor":8,"key":"SMITH"},{"floor":10,"key":"RECALL"},{"floor":15,"key":"REST"}],"circlet_count":0,"master_deck":["Strike_R","Strike_R","Strike_R","Defend_R","Defend_R","Defend_R","Defend_R","Bash","Shrug It Off+1"],"relics":["Burning Blood","Golden Idol","Potion Belt"],"acts_visited":["Exordium"],"potions_floor_usage":[16],"damage_taken":[{"damage":7,"enemies":"2 Louse","floor":1,"turns":3},{"damage":12,"enemies":"Jaw Worm","floor":3,"turns":6},{"damage":0,"enemies":"Small Slimes","floor":6,"turns":3},{"damage":10,"enemies":"Looter","floor":13,"turns":4},{"damage":6,"enemies":"Red Slaver","floor":14,"turns":7},{"damage":65,"enemies":"Hexaghost","floor":16,"turns":12}],"seed_played":"2628741324532833470","potions_obtained":[{"floor":1,"key":"AttackPotion"},{"floor":3,"key":"BlessingOfTheForge"},{"floor":13,"key":"Ancient Potion"},{"floor":14,"key":"BloodPotion"}],"is_trial":false,"path_per_floor":["M","?","M","?","$","M","$","R","T","R","?","T","M","M","R","B"],"character_chosen":"IRONCLAD","items_purchased":["Shrug It Off"],"campfire_rested":1,"item_purchase_floors":[7],"current_hp_per_floor":[79,84,78,78,78,84,84,84,84,84,63,63,59,59,84,19,19],"gold":74,"neow_bonus":"REMOVE_CARD","is_daily":false,"chose_seed":false,"campfire_upgraded":1,"win_rate":0.0,"timestamp":1614440440,"path_taken":["M","?","M","?","?","M","$","R","T","R","?","?","M","?","R","BOSS"],"items_purchased_type":["Card"],"build_version":"2020-12-22","purchased_purges":1,"victory":false,"max_hp_per_floor":[80,85,85,85,85,85,85,85,85,85,85,85,85,85,85,85,85],"card_choices":[{"not_picked":["Feel No Pain","Iron Wave","Body Slam"],"picked":"SKIP","floor":1},{"not_picked":["True Grit","Wild Strike","Dual Wield"],"picked":"SKIP","floor":3},{"not_picked":["Flame Barrier","Fire Breathing","Bloodletting"],"picked":"SKIP","floor":6},{"not_picked":["Clothesline","Armaments","Headbutt"],"picked":"SKIP","floor":13},{"not_picked":["Anger","Body Slam","Clothesline"],"picked":"SKIP","floor":14}],"player_experience":754701,"relics_obtained":[{"floor":12,"key":"Potion Belt"}],"event_choices":[{"damage_healed":0,"gold_gain":0,"player_choice":"Donut","damage_taken":0,"max_hp_gain":5,"max_hp_loss":0,"event_name":"Big Fish","floor":2,"gold_loss":0},{"damage_healed":0,"gold_gain":0,"player_choice":"Ignored","damage_taken":0,"max_hp_gain":0,"max_hp_loss":0,"event_name":"Liars Game","floor":4,"gold_loss":0},{"damage_healed":0,"gold_gain":0,"player_choice":"Take Damage","damage_taken":21,"relics_obtained":["Golden Idol"],"max_hp_gain":0,"max_hp_loss":0,"event_name":"Golden Idol","floor":11,"gold_loss":0}],"is_beta":false,"boss_relics":[],"items_purged_floors":[5],"is_endless":false,"potions_floor_spawned":[1,3,13,14],"killed_by":"Hexaghost","ascension_level":0}}