{"host":"yunadyb0795wtij7","time":1614420201,"event":{"mods":["BaseMod","Downfall","Minty Spire (QoL Compilation)","StSLib","[IsaacMod]ÒÔÈö¼âËþ"],"gold_per_floor":[99,99,199,199,199,228,228,71,97,110,145,161,196,214,226,226,226,226],"floor_reached":16,"language":"ZHS","playtime":898,"items_purged":["Slimebound:Strike_Slimebound"],"score":187,"play_id":"6bb03f7d-486d-419b-a54a-05433b2872fd","local_time":"20210227180321","is_ascension_mode":true,"campfire_choices":[{"data":"Slimebound:Split","floor":1,"key":"SMITH"}],"circlet_count":0,"master_deck":["Slimebound:Strike_Slimebound","Slimebound:Strike_Slimebound","Slimebound:Tackle","Slimebound:Defend_Slimebound","Slimebound:Defend_Slimebound","Slimebound:Defend_Slimebound","Slimebound:Defend_Slimebound","Slimebound:Split+1","Slimebound:CorrosiveSpit","Slimebound:SplitLeeching","Slimebound:Repurpose","Slimebound:SplitLeeching","Slimebound:Repurpose","Slimebound:DuplicatedForm","Slimebound:SlimeTap","Slimebound:SplitSpecialist","Slimebound:SlimeBarrage","Slimebound:LeadByExample","Slimebound:SplitMire"],"relics":["Slimebound:AbsorbEndCombat","HushsDoor","Chaos","Void","DeathBook","FossilizedHelix"],"acts_visited":["Exordium"],"potions_floor_usage":[9,11],"damage_taken":[{"damage":0,"enemies":"2 Louse","floor":2,"turns":1},{"damage":0,"enemies":"Cultist","floor":4,"turns":1},{"damage":0,"enemies":"Small Slimes","floor":5,"turns":1},{"damage":0,"enemies":"3 Sentries","floor":6,"turns":2},{"damage":0,"enemies":"downfall:FleeingMerchant","floor":8,"turns":4},{"damage":0,"enemies":"Gremlin Nob","floor":9,"turns":3},{"damage":13,"enemies":"Gremlin Gang","floor":10,"turns":5},{"damage":18,"enemies":"Lagavulin","floor":11,"turns":6},{"damage":23,"enemies":"Red Slaver","floor":12,"turns":4},{"damage":39,"enemies":"Gremlin Nob","floor":13,"turns":4},{"damage":0,"enemies":"downfall:LooterAlt","floor":14,"turns":5},{"damage":0,"enemies":"Exordium Thugs","floor":15,"turns":3},{"damage":0,"enemies":"WA_ARCHETYPE_RETAIN","floor":16,"turns":2}],"seed_played":"9091967013887617479","potions_obtained":[{"floor":6,"key":"Guardian:BlockOnCardUsePotion"},{"floor":9,"key":"bronze:BurnAndBuffPotion"},{"floor":13,"key":"PowerPotion"},{"floor":14,"key":"bronze:BurnAndBuffPotion"},{"floor":15,"key":"SteroidPotion"}],"is_trial":false,"path_per_floor":["R","M","?","M","M","E","T","$","E","M","E","M","E","M","M","B"],"character_chosen":"SLIMEBOUND","items_purchased":["Slimebound:Repurpose"],"campfire_rested":0,"item_purchase_floors":[8],"current_hp_per_floor":[65,65,65,65,65,65,65,65,65,54,51,43,4,8,8,12,12,12],"gold":226,"neow_bonus":"THREE_ENEMY_KILL","is_daily":false,"chose_seed":false,"campfire_upgraded":1,"win_rate":0.0,"timestamp":1614420201,"path_taken":["R","M","?","?","M","E","T","?","E","M","E","M","E","M","M","BOSS"],"items_purchased_type":["Card"],"build_version":"2020-12-22","purchased_purges":1,"victory":false,"max_hp_per_floor":[65,65,65,65,65,65,65,65,65,65,65,65,65,65,65,65,65,65],"card_choices":[{"not_picked":[],"picked":"Bomb","floor":0},{"not_picked":["Slimebound:Equalize","Slimebound:Prepare","Slimebound:SlimeSpikes"],"picked":"SKIP","floor":2},{"not_picked":["Slimebound:LeechEnergy","Slimebound:LeechingTouch"],"picked":"Slimebound:SplitLeeching","floor":4},{"not_picked":["Slimebound:LeechingTouch","Slimebound:DivideAndConquer"],"picked":"Slimebound:Repurpose","floor":5},{"not_picked":["Slimebound:PressTheAttack","Slimebound:SlimeSpikes","Slimebound:RollThrough"],"picked":"SKIP","floor":6},{"not_picked":["Slimebound:Equalize","Slimebound:TongueLash"],"picked":"Slimebound:SplitLeeching","floor":8},{"not_picked":["Slimebound:LivingWall","Slimebound:Recollect"],"picked":"Slimebound:DuplicatedForm","floor":9},{"not_picked":["Slimebound:AcidTongue","Slimebound:SlimeSpikes","Slimebound:Equalize"],"picked":"SKIP","floor":10},{"not_picked":["Slimebound:GoopTackle","Slimebound:SplitAcid"],"picked":"Slimebound:SlimeTap","floor":11},{"not_picked":["Slimebound:Gluttony","Slimebound:Nibble"],"picked":"Slimebound:SplitSpecialist","floor":12},{"not_picked":["Slimebound:Equalize","Slimebound:SplitAcid"],"picked":"Slimebound:SlimeBarrage","floor":13},{"not_picked":["Slimebound:SplitBruiser","Slimebound:AcidTongue"],"picked":"Slimebound:LeadByExample","floor":14},{"not_picked":["Slimebound:SamplingLick","Slimebound:SlimeTap"],"picked":"Slimebound:SplitMire","floor":15}],"player_experience":8633,"relics_obtained":[{"floor":6,"key":"Void"},{"floor":7,"key":"DeathBook"},{"floor":9,"key":"FossilizedHelix"},{"floor":11,"key":"TuHaoJin"},{"floor":13,"key":"NineVolt"}],"event_choices":[],"is_beta":false,"boss_relics":[],"items_purged_floors":[8],"is_endless":false,"potions_floor_spawned":[6,9,11,13,14,15],"killed_by":"WA_ARCHETYPE_RETAIN","ascension_level":1}}