{"host":"fmb9x04chdot191d","time":1614408649,"event":{"mods":["2.2 Compatiblity","AchievementEnabler","BaseMod","BetterRewards","Colored Map","Downfall","Hermit","Highlight Path","Marisa（霧雨　魔理沙）","Minty Spire (QoL Compilation)","Permanent Neow","Quick Restart","Replay The Spire","StSLib","The Servant 0.9.4"],"gold_per_floor":[113,113,113,59,73,73,23,23,105,134,147,180,197,211,211,312,312,327,338,437,170,170,170],"floor_reached":22,"language":"ENG","playtime":815,"items_purged":["Defend_B"],"score":233,"play_id":"014ddcf3-3b3a-4ebb-a7e9-18a043351bc0","local_time":"20210227195049","is_ascension_mode":true,"campfire_choices":[{"data":"Gash","floor":6.0,"key":"SMITH"},{"floor":15.0,"key":"REST"}],"circlet_count":0,"master_deck":["Strike_B","Strike_B","Strike_B","Defend_B","Defend_B","Zap+1","Dualcast","Gash+1","Gash","ReplayGash","Seek","Violence"],"relics":["Cracked Core","Peace Pipe","Pen Nib","SlaversCollar"],"acts_visited":["Exordium","TheCity"],"potions_floor_usage":[22],"damage_taken":[{"damage":3.0,"enemies":"2 Louse","floor":1.0,"turns":2.0},{"damage":0.0,"enemies":"Small Slimes","floor":5.0,"turns":3.0},{"damage":25.0,"enemies":"Lagavulin","floor":10.0,"turns":6.0},{"damage":2.0,"enemies":"Jaw Worm","floor":11.0,"turns":2.0},{"damage":40.0,"enemies":"3 Sentries","floor":12.0,"turns":8.0},{"damage":17.0,"enemies":"3 Louse","floor":13.0,"turns":3.0},{"damage":1.0,"enemies":"2 Fungi Beasts","floor":14.0,"turns":3.0},{"damage":37.0,"enemies":"Slime Boss","floor":16.0,"turns":8.0},{"damage":32.0,"enemies":"3 Byrds","floor":18.0,"turns":5.0},{"damage":27,"enemies":"Shell Parasite","floor":19,"turns":6},{"damage":28,"enemies":"Centurion and Healer","floor":22,"turns":4}],"seed_played":"-6891216985818850713","potions_obtained":[{"floor":1.0,"key":"BlessingOfTheForge"},{"floor":5.0,"key":"FairyPotion"},{"floor":10.0,"key":"FearPotion"},{"floor":18,"key":"FearPotion"},{"floor":19,"key":"Weak Potion"}],"is_trial":false,"path_per_floor":["M","?","?","$","M","R","?","?","T","E","M","E","M","M","R","B",null,"M","M","?","$","M"],"character_chosen":"DEFECT","items_purchased":["Gash","Violence"],"campfire_rested":1,"item_purchase_floors":[4,21],"current_hp_per_floor":[72,72,77,77,77,77,77,77,77,52,50,10,22,21,45,8,80,48,21,21,21,0,0],"gold":170,"neow_bonus":"UPGRADE_CARD","is_daily":false,"chose_seed":false,"campfire_upgraded":1,"win_rate":0.0,"timestamp":1614408649,"path_taken":["M","?","?","?","M","R","?","?","T","E","M","E","?","M","R","BOSS","M","M","?","?","M"],"items_purchased_type":["Card","Card"],"build_version":"2020-12-22","purchased_purges":1,"victory":false,"max_hp_per_floor":[75,75,80,80,80,80,80,80,80,80,80,80,80,80,80,80,80,80,80,80,80,80,80],"card_choices":[{"not_picked":["Hologram","Reprogram"],"picked":"Gash","floor":1.0},{"not_picked":["Rebound","Loop","Rip and Tear"],"picked":"SKIP","floor":5.0},{"not_picked":["ReplayTheSpireMod:GoodbyeWorld","Fission"],"picked":"ReplayGash","floor":10.0},{"not_picked":["Stack","Sweeping Beam","Coolheaded"],"picked":"SKIP","floor":11.0},{"not_picked":["Chaos","Mirror Shield","Compile Driver"],"picked":"SKIP","floor":12.0},{"not_picked":["Steam","Recycle","Rebound"],"picked":"SKIP","floor":13.0},{"not_picked":["Streamline","Glacier","Chaos"],"picked":"SKIP","floor":14.0},{"not_picked":["Thunder Strike","ReplayRNGCard"],"picked":"Seek","floor":16.0},{"not_picked":["Static Discharge","Chill","Lockon"],"picked":"SKIP","floor":18},{"not_picked":["White Noise","ReplayTheSpireMod:Repulse","Redo"],"picked":"SKIP","floor":19}],"player_experience":97823,"relics_obtained":[{"floor":10.0,"key":"Peace Pipe"},{"floor":12.0,"key":"Pen Nib"}],"event_choices":[{"damage_healed":0.0,"max_hp_gain":5.0,"max_hp_loss":0.0,"gold_gain":0.0,"event_name":"Big Fish","player_choice":"Donut","floor":3.0,"gold_loss":0.0,"damage_taken":0.0},{"cards_removed":["Strike_B"],"damage_healed":0.0,"max_hp_gain":0.0,"max_hp_loss":0.0,"gold_gain":0.0,"event_name":"The Cleric","player_choice":"Card Removal","floor":7.0,"gold_loss":50.0,"damage_taken":0.0},{"cards_removed":["Defend_B"],"damage_healed":0.0,"max_hp_gain":0.0,"max_hp_loss":0.0,"gold_gain":0.0,"event_name":"Purifier","player_choice":"Purged","floor":8.0,"gold_loss":0.0,"damage_taken":0.0},{"damage_healed":0,"gold_gain":99,"player_choice":"Stole From Cult","damage_taken":0,"max_hp_gain":0,"max_hp_loss":0,"event_name":"Nest","floor":20,"gold_loss":0}],"is_beta":false,"boss_relics":[{"not_picked":["ReplayTheSpireMod:DimensionalGlitch","Ectoplasm"],"picked":"SlaversCollar"}],"items_purged_floors":[21],"is_endless":false,"potions_floor_spawned":[1,5,10,18,19],"killed_by":"Centurion and Healer","ascension_level":4}}