{"host":"dq2d9inx7yjdstkp","time":1614423677,"event":{"mods":["AchievementEnabler","BaseMod","Colored Map","DeckTracker","Minty Spire (QoL Compilation)","Permanent Neow","Quick Restart","StSLib"],"gold_per_floor":[114,114,9999,9999,9999,9999,8982,8982,8982,9002,9033,8207,8220,8251,8251,8352,8352,8362,8362,7375,7392,7392,7424,7424,7455,7455,7487,7506,7506,6688,6700,6700,6797,6797,6814,6724,6738,6758,5998,5998,6014,6014,6014,6039,6058,6086,5083,0,0,0],"floor_reached":51,"language":"KOR","playtime":2578,"items_purged":["Regret","Strike_R","Strike_R","Strike_R","Armaments","Strike_R"],"score":1012,"play_id":"ae78b47e-ec54-41f4-90e2-cfacf76c7d27","local_time":"20210227200117","is_ascension_mode":true,"campfire_choices":[{"data":"Apotheosis","floor":6,"key":"SMITH"},{"data":"Metallicize","floor":8,"key":"SMITH"},{"floor":15,"key":"REST"},{"data":"Enlightenment","floor":24,"key":"SMITH"},{"floor":29,"key":"REST"},{"floor":32,"key":"REST"},{"data":"Battle Trance","floor":40,"key":"SMITH"},{"data":"Barricade","floor":49,"key":"SMITH"}],"circlet_count":0,"master_deck":["Defend_R","Defend_R+1","Defend_R+1","Bash","Apotheosis+1","Pommel Strike","Battle Trance+1","Metallicize+1","Sentinel","Purity","Feel No Pain","Feel No Pain+1","Juggernaut","Shrug It Off+1","Juggernaut","Dual Wield","Enlightenment+1","Disarm+1","True Grit","Shrug It Off","Dual Wield","True Grit","Thinking Ahead","Shrug It Off","Impervious","True Grit+1","Shrug It Off","Warcry+1","Infernal Blade+1","Barricade+1","Shrug It Off"],"relics":["Burning Blood","War Paint","Omamori","TheAbacus","Red Skull","Bird Faced Urn","Darkstone Periapt","Toy Ornithopter","Nunchaku","Torii","Frozen Eye","Ginger","Philosopher\u0027s Stone","Charon\u0027s Ashes","Bag of Marbles","DollysMirror","Paper Frog","Lantern","Bottled Flame","Dream Catcher","Vajra","Pen Nib","ClockworkSouvenir","Runic Pyramid","Toolbox","Centennial Puzzle","Meat on the Bone","Bottled Lightning","Calipers","Eternal Feather","Champion Belt","Pocketwatch","PrismaticShard","Red Mask"],"acts_visited":["Exordium","TheCity","TheBeyond"],"potions_floor_usage":[11,21,27,38,50,50,50,50],"damage_taken":[{"damage":7,"enemies":"Jaw Worm","floor":1,"turns":4},{"damage":4,"enemies":"Small Slimes","floor":3,"turns":4},{"damage":0,"enemies":"2 Louse","floor":10,"turns":4},{"damage":25,"enemies":"Lagavulin","floor":11,"turns":6},{"damage":30,"enemies":"Large Slime","floor":13,"turns":7},{"damage":27,"enemies":"3 Sentries","floor":14,"turns":8},{"damage":12,"enemies":"The Guardian","floor":16,"turns":14},{"damage":1,"enemies":"Shell Parasite","floor":18,"turns":5},{"damage":12,"enemies":"Chosen","floor":21,"turns":5},{"damage":31,"enemies":"Slavers","floor":23,"turns":5},{"damage":17,"enemies":"Gremlin Leader","floor":25,"turns":5},{"damage":45,"enemies":"Slavers","floor":27,"turns":7},{"damage":13,"enemies":"Sentry and Sphere","floor":28,"turns":4},{"damage":21,"enemies":"3 Cultists","floor":31,"turns":5},{"damage":31,"enemies":"Automaton","floor":33,"turns":10},{"damage":0,"enemies":"3 Darklings","floor":35,"turns":4},{"damage":21,"enemies":"Orb Walker","floor":37,"turns":5},{"damage":58,"enemies":"Jaw Worm Horde","floor":38,"turns":5},{"damage":18,"enemies":"4 Shapes","floor":41,"turns":3},{"damage":0,"enemies":"Nemesis","floor":44,"turns":7},{"damage":0,"enemies":"Maw","floor":45,"turns":4},{"damage":5,"enemies":"Giant Head","floor":46,"turns":5},{"damage":25,"enemies":"Awakened One","floor":50,"turns":7}],"seed_played":"-2048945257629140218","potions_obtained":[{"floor":1,"key":"GamblersBrew"},{"floor":11,"key":"BlessingOfTheForge"},{"floor":21,"key":"Weak Potion"},{"floor":28,"key":"Regen Potion"},{"floor":45,"key":"LiquidBronze"}],"is_trial":false,"path_per_floor":["M","?","M","?","?","R","$","R","T","M","E","$","M","E","R","B",null,"M","?","$","M","?","E","R","E","T","E","M","R","$","M","R","B",null,"M","?","M","M","$","R","M","?","T","E","M","E","$","?","R","B",null],"character_chosen":"IRONCLAD","items_purchased":["TheAbacus","Red Skull","Bird Faced Urn","Battle Trance","Metallicize","GamblersBrew","CultistPotion","Nunchaku","Torii","Frozen Eye","Sentinel","Purity","Charon\u0027s Ashes","Bag of Marbles","DollysMirror","Dual Wield","Enlightenment","EntropicBrew","Vajra","Pen Nib","ClockworkSouvenir","Thinking Ahead","Shrug It Off","Toolbox","Centennial Puzzle","Meat on the Bone","Shrug It Off","Champion Belt","Pocketwatch","PrismaticShard","Shrug It Off"],"campfire_rested":3,"item_purchase_floors":[7,7,7,7,7,7,7,12,12,12,12,12,20,20,20,20,20,20,30,30,30,30,30,39,39,39,39,47,47,47,47],"current_hp_per_floor":[71,68,70,70,63,63,63,63,63,71,53,53,31,14,35,35,72,72,72,72,71,71,53,53,52,52,32,33,54,54,47,68,49,72,72,72,61,40,40,40,40,40,40,62,72,72,72,72,72,64],"gold":0,"neow_bonus":"RANDOM_COLORLESS_2","is_daily":false,"chose_seed":false,"campfire_upgraded":5,"win_rate":0.0,"timestamp":1614423677,"path_taken":["M","?","M","?","?","R","$","R","T","M","E","$","M","E","R","BOSS","M","?","$","M","?","E","R","E","T","E","M","R","?","M","R","BOSS","M","?","?","M","$","R","M","?","T","E","M","E","$","?","R","BOSS"],"items_purchased_type":["Relic","Relic","Relic","Card","Card","Potion","Potion","Relic","Relic","Relic","Card","Card","Relic","Relic","Relic","Card","Card","Potion","Relic","Relic","Relic","Card","Card","Relic","Relic","Relic","Card","Relic","Relic","Relic","Card"],"build_version":"2020-12-22","purchased_purges":6,"victory":true,"max_hp_per_floor":[72,72,72,72,72,72,72,72,72,72,72,72,72,72,72,72,72,72,72,72,72,72,72,72,72,72,72,72,72,72,72,72,72,72,72,72,72,72,72,72,72,72,72,72,72,72,72,72,72,72],"card_choices":[{"not_picked":["Violence","Master of Strategy"],"picked":"Apotheosis","floor":0},{"not_picked":["Headbutt","Combust"],"picked":"Pommel Strike","floor":1},{"not_picked":["Clash","Thunderclap","Second Wind"],"picked":"SKIP","floor":3},{"not_picked":["Pummel","Anger","Headbutt"],"picked":"SKIP","floor":10},{"not_picked":["Power Through","Clash"],"picked":"Armaments","floor":11},{"not_picked":["Sword Boomerang","Rage"],"picked":"Feel No Pain","floor":13},{"not_picked":["Clothesline","Evolve"],"picked":"Feel No Pain","floor":14},{"not_picked":["Impervious","Demon Form"],"picked":"Juggernaut","floor":16},{"not_picked":["Havoc","Battle Trance"],"picked":"Shrug It Off+1","floor":18},{"not_picked":["Shrug It Off","Clash"],"picked":"Disarm+1","floor":21},{"not_picked":["Heavy Blade+1","Burning Pact+1"],"picked":"True Grit","floor":23},{"not_picked":["Armaments","Wild Strike"],"picked":"Shrug It Off","floor":25},{"not_picked":["Pummel","Havoc"],"picked":"Dual Wield","floor":27},{"not_picked":["Flex+1","Corruption"],"picked":"True Grit","floor":28},{"not_picked":["Spot Weakness","Searing Blow+1","Carnage"],"picked":"SKIP","floor":31},{"not_picked":["Double Tap","Offering"],"picked":"Impervious","floor":33},{"not_picked":["Clothesline","Headbutt+1","Evolve+1"],"picked":"SKIP","floor":35},{"not_picked":["Anger+1","Pommel Strike","Rampage+1"],"picked":"SKIP","floor":37},{"not_picked":["Headbutt+1","Bludgeon"],"picked":"True Grit+1","floor":38},{"not_picked":["True Grit","Armaments+1","Pommel Strike"],"picked":"SKIP","floor":41},{"not_picked":["Twin Strike","Havoc+1"],"picked":"Warcry+1","floor":44},{"not_picked":["Headbutt+1","Anger+1"],"picked":"Infernal Blade+1","floor":45},{"not_picked":["Clothesline","Clash+1"],"picked":"Barricade","floor":46}],"player_experience":15473,"relics_obtained":[{"floor":9,"key":"Darkstone Periapt"},{"floor":11,"key":"Toy Ornithopter"},{"floor":14,"key":"Ginger"},{"floor":23,"key":"Paper Frog"},{"floor":25,"key":"Lantern"},{"floor":26,"key":"Bottled Flame"},{"floor":27,"key":"Dream Catcher"},{"floor":43,"key":"Bottled Lightning"},{"floor":44,"key":"Calipers"},{"floor":46,"key":"Eternal Feather"}],"event_choices":[{"damage_healed":0,"gold_gain":0,"player_choice":"Success","damage_taken":3,"relics_obtained":["War Paint"],"max_hp_gain":0,"max_hp_loss":0,"event_name":"Scrap Ooze","floor":2,"gold_loss":0},{"damage_healed":0,"gold_gain":0,"player_choice":"Box","damage_taken":0,"relics_obtained":["Omamori"],"max_hp_gain":0,"max_hp_loss":0,"event_name":"Big Fish","floor":4,"gold_loss":0,"cards_obtained":["Regret"]},{"cards_removed":["Strike_R"],"damage_healed":0,"gold_gain":0,"player_choice":"Card Removal","damage_taken":7,"max_hp_gain":0,"max_hp_loss":0,"event_name":"Golden Wing","floor":5,"gold_loss":0},{"damage_healed":0,"gold_gain":0,"player_choice":"Ignored","damage_taken":0,"max_hp_gain":0,"max_hp_loss":0,"event_name":"Vampires","floor":19,"gold_loss":0},{"damage_healed":0,"gold_gain":0,"player_choice":"Ignored","damage_taken":0,"max_hp_gain":0,"max_hp_loss":0,"event_name":"Cursed Tome","floor":22,"gold_loss":0},{"cards_removed":["Defend_R"],"damage_healed":0,"gold_gain":0,"player_choice":"Upgrade and Remove","damage_taken":0,"max_hp_gain":0,"max_hp_loss":0,"event_name":"Designer","floor":36,"gold_loss":90,"cards_upgraded":["Feel No Pain"]},{"damage_healed":0,"gold_gain":0,"player_choice":"Ignored","damage_taken":0,"max_hp_gain":0,"max_hp_loss":0,"event_name":"Mysterious Sphere","floor":42,"gold_loss":0},{"damage_healed":0,"gold_gain":0,"player_choice":"Paid","damage_taken":0,"relics_obtained":["Red Mask"],"max_hp_gain":0,"max_hp_loss":0,"event_name":"Tomb of Lord Red Mask","floor":48,"gold_loss":5083}],"is_beta":false,"boss_relics":[{"not_picked":["SacredBark","Tiny House"],"picked":"Philosopher\u0027s Stone"},{"not_picked":["Black Star","Cursed Key"],"picked":"Runic Pyramid"}],"items_purged_floors":[7,12,20,30,39,47],"is_endless":false,"potions_floor_spawned":[1,11,13,21,23,28,38,45,46],"ascension_level":3}}