{"host":"ekdm9k8smkjw8x9v","time":1614441416,"event":{"mods":["BaseMod","Hermit","Minty Spire (QoL Compilation)","Relic Stats","StSLib"],"gold_per_floor":[118,133,146,164,177,177,190,190,190,205,205,243,243,264,264,394,394,410,410,429,429,442,442,472,472,472,472,486,2,14,14,14,117,117,128,140,152,33,33,33],"floor_reached":39,"language":"RUS","playtime":1633,"items_purged":["Strike_B"],"score":407,"play_id":"82dc0317-aa55-4390-9df7-3d170266576e","local_time":"20210227225656","is_ascension_mode":false,"campfire_choices":[{"data":"Defragment","floor":6.0,"key":"SMITH"},{"data":"Double Energy","floor":8.0,"key":"SMITH"},{"floor":13.0,"key":"REST"},{"data":"Zap","floor":15,"key":"SMITH"},{"floor":23,"key":"REST"},{"floor":25,"key":"REST"},{"floor":32,"key":"REST"}],"circlet_count":0,"master_deck":["Strike_B","Strike_B","Strike_B","Defend_B","Defend_B+1","Defend_B","Defend_B","Zap+1","Dualcast","Rebound","Double Energy+1","Leap","Cold Snap","Go for the Eyes","Defragment+1","Auto Shields","White Noise+1","Ball Lightning","Ball Lightning","CurseOfTheBell","Rebound+1","Leap+1","Melter","Tempest+1","Conserve Battery+1","Defragment","Good Instincts+1","Double Energy+1","All For One","Darkness+1","Hello World","Recycle+1","White Noise+1","Sunder"],"relics":["Cracked Core","Bottled Lightning","Bloody Idol","War Paint","Calling Bell","Tiny Chest","Mercury Hourglass","Peace Pipe","Toxic Egg 2","Bag of Marbles","Lantern","Nunchaku","SlaversCollar"],"acts_visited":["Exordium","TheCity","TheBeyond"],"potions_floor_usage":[16,18,30,30,36,37,37],"damage_taken":[{"damage":0.0,"enemies":"2 Louse","floor":1.0,"turns":2.0},{"damage":0.0,"enemies":"Small Slimes","floor":2.0,"turns":3.0},{"damage":1.0,"enemies":"Cultist","floor":3.0,"turns":3.0},{"damage":5.0,"enemies":"2 Fungi Beasts","floor":4.0,"turns":4.0},{"damage":0.0,"enemies":"Red Slaver","floor":5.0,"turns":2.0},{"damage":7.0,"enemies":"Blue Slaver","floor":7.0,"turns":3.0},{"damage":5.0,"enemies":"3 Louse","floor":10.0,"turns":3.0},{"damage":18.0,"enemies":"3 Sentries","floor":12.0,"turns":3.0},{"damage":0.0,"enemies":"Large Slime","floor":14.0,"turns":5.0},{"damage":10,"enemies":"The Guardian","floor":16,"turns":12},{"damage":15,"enemies":"2 Thieves","floor":18,"turns":4},{"damage":13,"enemies":"3 Byrds","floor":20,"turns":4},{"damage":27,"enemies":"Centurion and Healer","floor":22,"turns":7},{"damage":27,"enemies":"Gremlin Leader","floor":24,"turns":7},{"damage":18,"enemies":"Snake Plant","floor":28,"turns":4},{"damage":12,"enemies":"3 Cultists","floor":30,"turns":6},{"damage":79,"enemies":"Collector","floor":33,"turns":11},{"damage":25,"enemies":"3 Darklings","floor":35,"turns":7},{"damage":9,"enemies":"3 Shapes","floor":36,"turns":4},{"damage":29,"enemies":"Maw","floor":37,"turns":7},{"damage":65,"enemies":"Spire Growth","floor":39,"turns":4}],"seed_played":"-6151096930637587237","potions_obtained":[{"floor":3.0,"key":"PowerPotion"},{"floor":4.0,"key":"SteroidPotion"},{"floor":7.0,"key":"PowerPotion"},{"floor":12.0,"key":"LiquidMemories"},{"floor":20,"key":"FairyPotion"},{"floor":30,"key":"FairyPotion"},{"floor":33,"key":"AttackPotion"},{"floor":35,"key":"BlessingOfTheForge"},{"floor":36,"key":"Fire Potion"}],"is_trial":false,"path_per_floor":["M","M","M","M","M","R","M","R","T","M","?","E","R","M","R","B",null,"M","?","M","?","M","R","E","R","T","T","M","$","M","?","R","B",null,"M","M","M","$","M"],"character_chosen":"DEFECT","items_purchased":["Nunchaku","Defragment","Good Instincts+1","Fire Potion","Block Potion","White Noise+1","Sunder"],"campfire_rested":4,"item_purchase_floors":[29,29,29,29,29,38,38],"current_hp_per_floor":[75,75,74,69,69,69,62,62,62,57,57,39,61,61,61,51,75,60,60,52,52,30,52,30,52,52,52,39,39,32,32,54,7,75,55,51,27,27,0,0],"gold":33,"neow_bonus":"THREE_CARDS","is_daily":false,"chose_seed":false,"campfire_upgraded":3,"win_rate":0.0,"timestamp":1614441416,"path_taken":["M","M","M","M","M","R","M","R","T","M","?","E","R","M","R","BOSS","M","?","M","?","?","R","E","R","T","?","M","$","?","?","R","BOSS","M","M","M","$","M"],"items_purchased_type":["Relic","Card","Card","Potion","Potion","Card","Card"],"build_version":"2020-12-22","purchased_purges":1,"victory":false,"max_hp_per_floor":[75,75,75,75,75,75,75,75,75,75,75,75,75,75,75,75,75,75,75,75,75,75,75,75,75,75,75,75,75,75,75,75,75,75,75,75,75,75,75,75],"relic_stats":{"Peace Pipe":0,"Nunchaku":[4],"counters":[21,103],"Bloody Idol":45,"Tiny Chest":1,"War Paint":["Defend_B","White Noise"],"obtain_stats":[{"Lantern":27,"Golden Idol":11,"War Paint":12,"Mercury Hourglass":17,"Calling Bell":17,"Peace Pipe":17,"SlaversCollar":34,"Nunchaku":29,"Bloody Idol":19,"Tiny Chest":17,"Bag of Marbles":26,"Bottled Lightning":9,"Toxic Egg 2":24,"Cracked Core":0},{"Lantern":14,"Golden Idol":7,"War Paint":8,"Mercury Hourglass":10,"Calling Bell":10,"Peace Pipe":10,"SlaversCollar":17,"Nunchaku":15,"Bloody Idol":11,"Tiny Chest":10,"Bag of Marbles":14,"Bottled Lightning":6,"Toxic Egg 2":14,"Cracked Core":0},{"Lantern":61,"Golden Idol":20,"War Paint":23,"Mercury Hourglass":40,"Calling Bell":40,"Peace Pipe":40,"SlaversCollar":81,"Nunchaku":65,"Bloody Idol":44,"Tiny Chest":40,"Bag of Marbles":61,"Bottled Lightning":17,"Toxic Egg 2":61,"Cracked Core":0}],"Mercury Hourglass":[313]},"card_choices":[{"not_picked":["Scrape","Go for the Eyes"],"picked":"Rebound","floor":0.0},{"not_picked":["Stack","Cold Snap"],"picked":"Double Energy","floor":1.0},{"not_picked":["Go for the Eyes","Compile Driver"],"picked":"Leap","floor":2.0},{"not_picked":["Compile Driver","Barrage"],"picked":"Cold Snap","floor":3.0},{"not_picked":["Hologram","Rebound"],"picked":"Go for the Eyes","floor":4.0},{"not_picked":["Genetic Algorithm","Gash"],"picked":"Defragment","floor":5.0},{"not_picked":["Chaos","Multi-Cast"],"picked":"Auto Shields","floor":7.0},{"not_picked":["Coolheaded","Sunder"],"picked":"White Noise","floor":10.0},{"not_picked":["Hologram","Rip and Tear"],"picked":"Ball Lightning","floor":12.0},{"not_picked":["Lockon","Darkness"],"picked":"Ball Lightning","floor":14.0},{"not_picked":["Ball Lightning","All For One"],"picked":"Rebound+1","floor":18},{"not_picked":["Genetic Algorithm","Scrape+1"],"picked":"Leap+1","floor":20},{"not_picked":["Ball Lightning","Streamline"],"picked":"Melter","floor":22},{"not_picked":["Doom and Gloom","Turbo+1"],"picked":"Tempest+1","floor":24},{"not_picked":["Coolheaded+1","Glacier+1"],"picked":"Conserve Battery+1","floor":28},{"not_picked":["Streamline","Barrage"],"picked":"Double Energy+1","floor":30},{"not_picked":["Biased Cognition","Multi-Cast+1"],"picked":"All For One","floor":33},{"not_picked":["Leap+1","Streamline"],"picked":"Darkness+1","floor":35},{"not_picked":["Reprogram+1","Chill+1"],"picked":"Hello World","floor":36},{"not_picked":["Steam+1","Force Field+1"],"picked":"Recycle+1","floor":37}],"player_experience":250580,"relics_obtained":[{"floor":9.0,"key":"Bottled Lightning"},{"floor":12.0,"key":"War Paint"},{"floor":17,"key":"Tiny Chest"},{"floor":17,"key":"Mercury Hourglass"},{"floor":17,"key":"Peace Pipe"},{"floor":24,"key":"Toxic Egg 2"},{"floor":26,"key":"Bag of Marbles"},{"floor":27,"key":"Lantern"}],"event_choices":[{"damage_healed":0.0,"max_hp_gain":0.0,"max_hp_loss":0.0,"gold_gain":0.0,"event_name":"Golden Idol","player_choice":"Take Wound","floor":11.0,"gold_loss":0.0,"damage_taken":0.0,"relics_obtained":["Golden Idol"],"cards_obtained":["Injury"]},{"damage_healed":0,"gold_gain":0,"player_choice":"Gave Idol","damage_taken":0,"relics_obtained":["Bloody Idol"],"max_hp_gain":0,"max_hp_loss":0,"event_name":"Forgotten Altar","floor":19,"relics_lost":["Golden Idol"],"gold_loss":0},{"cards_removed":["Injury"],"damage_healed":0,"gold_gain":0,"player_choice":"Removed Curses","damage_taken":0,"max_hp_gain":0,"max_hp_loss":0,"event_name":"Fountain of Cleansing","floor":21,"gold_loss":0},{"damage_healed":0,"gold_gain":0,"player_choice":"Ignored","damage_taken":0,"max_hp_gain":0,"max_hp_loss":0,"event_name":"Ghosts","floor":31,"gold_loss":0}],"is_beta":false,"boss_relics":[{"not_picked":["Ectoplasm","Coffee Dripper"],"picked":"Calling Bell"},{"not_picked":["SacredBark","Runic Dome"],"picked":"SlaversCollar"}],"items_purged_floors":[29],"is_endless":false,"potions_floor_spawned":[3,4,7,10,12,20,30,33,35,36],"killed_by":"Spire Growth","ascension_level":0}}