{"host":"362zhnvmfmhc3u7b","time":1614397935,"event":{"mods":["BaseMod","Colored Powertips","Filter the Spire","Minty Spire (QoL Compilation)","Quick Restart","Rare Cards Sparkle","StSLib"],"gold_per_floor":[115,127,107,125,141,141,171,171,471,481,509,509,484,510,510,585,585,596,606,706,706,706],"floor_reached":21,"language":"ENG","playtime":1320,"items_purged":[],"score":381,"play_id":"1fa3bdc2-7e69-432b-863c-54b75d23e12e","local_time":"20210226225215","is_ascension_mode":true,"campfire_choices":[{"data":"BowlingBash","floor":6,"key":"SMITH"},{"data":"Eruption","floor":8,"key":"SMITH"},{"floor":12,"key":"REST"},{"data":"Protect","floor":15,"key":"SMITH"}],"circlet_count":0,"master_deck":["AscendersBane","Strike_P","Strike_P","Strike_P","Strike_P","Defend_P","Defend_P","Defend_P","Defend_P","Eruption+1","Vigilance","WheelKick","Halt","FlurryOfBlows","BowlingBash+1","Protect+1","SashWhip","ReachHeaven","FollowUp","LessonLearned","InnerPeace","EmptyBody"],"relics":["PureWater","Ancient Tea Set","Peace Pipe","Old Coin","GoldenEye","Boot","SlaversCollar"],"acts_visited":["Exordium","TheCity"],"potions_floor_usage":[4,7,10,11,16,19],"damage_taken":[{"damage":10,"enemies":"Cultist","floor":1,"turns":6},{"damage":0,"enemies":"Small Slimes","floor":2,"turns":2},{"damage":0,"enemies":"Jaw Worm","floor":4,"turns":3},{"damage":0,"enemies":"Exordium Wildlife","floor":5,"turns":4},{"damage":0,"enemies":"Lagavulin","floor":7,"turns":2},{"damage":1,"enemies":"Exordium Thugs","floor":10,"turns":6},{"damage":19,"enemies":"Gremlin Nob","floor":11,"turns":4},{"damage":4,"enemies":"3 Sentries","floor":14,"turns":6},{"damage":26,"enemies":"The Guardian","floor":16,"turns":14},{"damage":22,"enemies":"Chosen","floor":18,"turns":5},{"damage":31,"enemies":"Shell Parasite","floor":19,"turns":8},{"damage":8,"enemies":"Snake Plant","floor":21,"turns":1}],"seed_played":"-1208223601120096173","potions_obtained":[{"floor":1,"key":"DistilledChaos"},{"floor":3,"key":"StancePotion"},{"floor":4,"key":"FearPotion"},{"floor":10,"key":"Energy Potion"},{"floor":11,"key":"SneckoOil"},{"floor":14,"key":"Dexterity Potion"},{"floor":18,"key":"Block Potion"}],"is_trial":false,"path_per_floor":["M","M","?","M","M","R","E","R","T","M","E","R","?","E","R","B",null,"M","M","?","M"],"character_chosen":"WATCHER","items_purchased":[],"campfire_rested":1,"item_purchase_floors":[],"current_hp_per_floor":[51,51,51,51,51,51,51,51,51,50,31,51,51,47,47,21,56,34,3,3,0,0],"gold":706,"neow_bonus":"RANDOM_COMMON_RELIC","is_daily":false,"chose_seed":false,"campfire_upgraded":3,"win_rate":0.0,"timestamp":1614397935,"path_taken":["M","M","?","M","?","R","E","R","T","M","E","R","?","E","R","BOSS","M","M","?","M"],"items_purchased_type":[],"build_version":"2020-12-22","purchased_purges":0,"victory":false,"max_hp_per_floor":[68,68,68,68,68,68,68,68,68,68,68,68,68,68,68,68,68,68,68,68,68,68],"card_choices":[{"not_picked":["Vengeance","EmptyBody"],"picked":"WheelKick","floor":1},{"not_picked":["MentalFortress","Meditate"],"picked":"Halt","floor":2},{"not_picked":["WreathOfFlame","ClearTheMind"],"picked":"FlurryOfBlows","floor":4},{"not_picked":["Devotion","PathToVictory"],"picked":"BowlingBash","floor":5},{"not_picked":["Study","JustLucky"],"picked":"Protect","floor":7},{"not_picked":["Study","Fasting2"],"picked":"SashWhip","floor":10},{"not_picked":["BowlingBash","Indignation"],"picked":"ReachHeaven","floor":11},{"not_picked":["Protect","WheelKick"],"picked":"FollowUp","floor":14},{"not_picked":["ConjureBlade","Vault"],"picked":"LessonLearned","floor":16},{"not_picked":["Crescendo+1","LikeWater"],"picked":"InnerPeace","floor":18},{"not_picked":["Conclude","CrushJoints"],"picked":"EmptyBody","floor":19}],"player_experience":1626985,"relics_obtained":[{"floor":7,"key":"Peace Pipe"},{"floor":9,"key":"Old Coin"},{"floor":11,"key":"GoldenEye"},{"floor":14,"key":"Boot"}],"event_choices":[{"damage_healed":0,"gold_gain":0,"player_choice":"Bought 1 Potion","damage_taken":0,"max_hp_gain":0,"max_hp_loss":0,"event_name":"The Woman in Blue","floor":3,"gold_loss":0},{"damage_healed":0,"gold_gain":0,"player_choice":"Left Gold","damage_taken":0,"max_hp_gain":0,"max_hp_loss":0,"event_name":"World of Goop","floor":13,"gold_loss":25},{"damage_healed":0,"gold_gain":100,"player_choice":"Pray","damage_taken":0,"max_hp_gain":0,"max_hp_loss":0,"event_name":"Golden Shrine","floor":20,"gold_loss":0}],"is_beta":false,"boss_relics":[{"not_picked":["Black Star","Philosopher\u0027s Stone"],"picked":"SlaversCollar"}],"items_purged_floors":[],"is_endless":false,"potions_floor_spawned":[1,4,10,11,14,18],"killed_by":"Snake Plant","ascension_level":14}}