{"host":"miczq86z2i77lhk7","time":1614443194,"event":{"mods":["AchievementEnabler","BaseMod","Colored Map","Colored Powertips","Downfall","Highlight Path","Lobotomy","LobotomyExtend","Minty Spire (QoL Compilation)","Replay The Spire","StSLib"],"gold_per_floor":[111,130,55,55,1,1,101,101,101,120,131,131,131,158,158,260,260,283,298,198,273,289,289,307,328,328,358,358,378,378,388,388,491,491,527,543,543],"floor_reached":36,"language":"ENG","playtime":5360,"items_purged":["Strike_R","Defend_R"],"score":389,"play_id":"3ab5d387-a9c0-4c13-81c5-50cfddff0e10","local_time":"20210227172634","is_ascension_mode":false,"campfire_choices":[{"data":"True Grit","floor":8.0,"key":"SMITH"},{"data":"Inflame","floor":12.0,"key":"SMITH"},{"floor":15.0,"key":"DIG"},{"data":"Inflame","floor":23.0,"key":"SMITH"},{"floor":30.0,"key":"REST"},{"floor":32.0,"key":"DIG"}],"circlet_count":0,"master_deck":["Strike_R","Strike_R","Strike_R","Defend_R","Defend_R","Defend_R","Bash","True Grit+1","Bloodbath","Shrug It Off","UniverseFragment","Inflame+1","Inflame+1","OSAHOGD","BlackSwan","Wellcheers","BeautyBeast","SpiderBud","Pommel Strike+1","MHz","QueenOfHatred","CENSORED","MeatLantern","Voices","Demon Form","Variant","Metallicize"],"relics":["Burning Blood","CogitoBucket","LetterFromLob","Replay:Bottled Flurry","Quantum Egg","Replay:Bandana","Velvet Choker","Theresia","Gambling Chip","HellTrain","Ring of Fury","Ginger","Replay:Bronze Core"],"acts_visited":["Exordium","TheCity","TheBeyond"],"potions_floor_usage":[33,36,36,36,36,36],"damage_taken":[{"damage":7.0,"enemies":"2 Louse","floor":1.0,"turns":5.0},{"damage":1.0,"enemies":"Cultist","floor":2.0,"turns":3.0},{"damage":5.0,"enemies":"Small Slimes","floor":10.0,"turns":5.0},{"damage":4.0,"enemies":"2 Fungi Beasts","floor":11.0,"turns":5.0},{"damage":5.0,"enemies":"Replay:BlueRogue","floor":14.0,"turns":8.0},{"damage":63.0,"enemies":"Slime Boss","floor":16.0,"turns":18.0},{"damage":26.0,"enemies":"2 Thieves","floor":18.0,"turns":9.0},{"damage":41.0,"enemies":"Chosen","floor":19.0,"turns":9.0},{"damage":4.0,"enemies":"Centurion and Healer","floor":22.0,"turns":11.0},{"damage":18.0,"enemies":"Snake Plant","floor":24.0,"turns":5.0},{"damage":13.0,"enemies":"Cultist and Chosen","floor":25.0,"turns":6.0},{"damage":105.0,"enemies":"Shelled Parasite and Fungi","floor":27.0,"turns":12.0},{"damage":14.0,"enemies":"Centurion and Healer","floor":29.0,"turns":9.0},{"damage":1.0,"enemies":"Colosseum Slavers","floor":31.0,"turns":5.0},{"damage":122,"enemies":"Collector","floor":33,"turns":14},{"damage":11,"enemies":"3 Darklings","floor":35,"turns":5},{"damage":108,"enemies":"Orb Walker","floor":36,"turns":4}],"seed_played":"2104592150315473301","potions_obtained":[{"floor":2.0,"key":"SpeedPotion"},{"floor":11.0,"key":"Swift Potion"},{"floor":19.0,"key":"FearPotion"},{"floor":25.0,"key":"EntropicBrew"},{"floor":27.0,"key":"Dexterity Potion"}],"is_trial":false,"path_per_floor":["M","M","$","?","$","?","?","R","T","M","M","R","?","E","R_BF","B",null,"M","M","$","?","M","R","M","M","T","M","?","M","R","?","R_BF","B",null,"M","M"],"character_chosen":"IRONCLAD","items_purchased":["Inflame"],"campfire_rested":1,"item_purchase_floors":[5],"current_hp_per_floor":[79,80,80,80,80,85,85,85,85,85,85,85,95,95,95,51,95,77,48,48,39,51,51,50,58,58,42,42,63,91,95,95,55,95,95,0,0],"gold":543,"neow_bonus":"","is_daily":false,"chose_seed":false,"campfire_upgraded":3,"win_rate":0.0,"timestamp":1614443194,"path_taken":["M","M","$","?","?","?","?","R","T","?","M","R","?","E","R_BF","BOSS","M","M","$","?","M","R","M","M","T","?","?","M","R","?","R_BF","BOSS","M","M"],"items_purchased_type":["Card"],"build_version":"2020-12-22","purchased_purges":2,"victory":false,"max_hp_per_floor":[80,80,80,80,80,85,85,85,85,85,85,85,95,95,95,95,95,95,95,95,95,95,95,95,95,95,95,95,95,95,95,95,95,95,95,95,95],"card_choices":[{"not_picked":["Flex","Sever Soul"],"picked":"True Grit","floor":1.0},{"not_picked":["DespairKnight","FairyFestival"],"picked":"Bloodbath","floor":1.0},{"not_picked":["Second Wind","Thunderclap"],"picked":"Shrug It Off","floor":2.0},{"not_picked":["VoidDream","FairyFestival"],"picked":"UniverseFragment","floor":2.0},{"not_picked":["Freischutz","ShyLook"],"picked":"OSAHOGD","floor":10.0},{"not_picked":["Clothesline","Dual Wield","Limit Break"],"picked":"SKIP","floor":10.0},{"not_picked":["LittleHelper","ShyLook"],"picked":"BlackSwan","floor":11.0},{"not_picked":["ReplayTheSpireMod:Stacked","Body Slam","Armaments"],"picked":"SKIP","floor":11.0},{"not_picked":["CrumblingArmor","Scorched"],"picked":"Wellcheers","floor":14.0},{"not_picked":["Reckless Charge","Clash","Wild Strike"],"picked":"SKIP","floor":14.0},{"not_picked":["PunishingBird","Alriune"],"picked":"BeautyBeast","floor":16.0},{"not_picked":["Funeral","Yin"],"picked":"SpiderBud","floor":18.0},{"not_picked":["Massacre","Armaments+1","Intimidate+1"],"picked":"SKIP","floor":18.0},{"not_picked":["Infernal Blade","Armaments"],"picked":"Pommel Strike+1","floor":19.0},{"not_picked":["Murderer","VoidDream"],"picked":"MHz","floor":19.0},{"not_picked":["Freischutz","Woodsman","WhitesApple"],"picked":"Singing Bowl","floor":22.0},{"not_picked":["VoidDream","SingingMachine"],"picked":"QueenOfHatred","floor":22.0},{"not_picked":["Abandon","Heavy Blade","Replay:Undeath\u0027s Touch"],"picked":"SKIP","floor":22.0},{"not_picked":["ReplayTheSpireMod:Stacked+1","Hemokinesis","Dual Wield"],"picked":"SKIP","floor":24.0},{"not_picked":["Woodsman","CherryBlossoms","VoidDream"],"picked":"Singing Bowl","floor":25.0},{"not_picked":["VoidDream","Alriune"],"picked":"CENSORED","floor":25.0},{"not_picked":["Pommel Strike","Run Through","Clash"],"picked":"SKIP","floor":25.0},{"not_picked":["FieryBird","ShyLook"],"picked":"MeatLantern","floor":27.0},{"not_picked":["Clash","ReplayTheSpireMod:LeadingStrike","Anger"],"picked":"SKIP","floor":27.0},{"not_picked":["Perfected Strike","Body Slam","Blood for Blood"],"picked":"SKIP","floor":29.0},{"not_picked":["Demonic Infusion","Hemogenesis"],"picked":"Demon Form","floor":33},{"not_picked":["GalaxyChild","BigBird"],"picked":"Variant","floor":35},{"not_picked":["Headbutt","Perfected Strike"],"picked":"Metallicize","floor":35}],"player_experience":123415,"relics_obtained":[{"floor":1.0,"key":"LetterFromLob"},{"floor":9.0,"key":"Replay:Bottled Flurry"},{"floor":14.0,"key":"Quantum Egg"},{"floor":15.0,"key":"Replay:Bandana"},{"floor":26.0,"key":"Gambling Chip"},{"floor":28.0,"key":"Ring of Fury"},{"floor":32.0,"key":"Ginger"}],"event_choices":[{"damage_healed":0.0,"max_hp_gain":0.0,"max_hp_loss":0.0,"gold_gain":0.0,"cards_transformed":["Strike_R"],"event_name":"Transmorgrifier","player_choice":"Transformed","floor":4.0,"gold_loss":0.0,"damage_taken":0.0,"cards_obtained":["Fiend Fire"]},{"damage_healed":0.0,"max_hp_gain":5.0,"max_hp_loss":0.0,"gold_gain":0.0,"event_name":"Big Fish","player_choice":"Donut","floor":6.0,"gold_loss":0.0,"damage_taken":0.0},{"damage_healed":0.0,"max_hp_gain":0.0,"max_hp_loss":0.0,"gold_gain":100.0,"event_name":"Golden Shrine","player_choice":"Pray","floor":7.0,"gold_loss":0.0,"damage_taken":0.0},{"cards_removed":["Fiend Fire"],"damage_healed":0.0,"max_hp_gain":10.0,"max_hp_loss":0.0,"gold_gain":0.0,"event_name":"Bonfire Elementals","player_choice":"Offered Rare","floor":13.0,"gold_loss":0.0,"damage_taken":0.0},{"damage_healed":0.0,"max_hp_gain":0.0,"max_hp_loss":0.0,"gold_gain":75.0,"event_name":"FaceTrader","player_choice":"Touch","floor":21.0,"gold_loss":0.0,"damage_taken":9.0},{"damage_healed":0.0,"max_hp_gain":0.0,"max_hp_loss":0.0,"gold_gain":0.0,"event_name":"Colosseum","player_choice":"Fight","floor":31.0,"gold_loss":0.0,"damage_taken":0.0},{"damage_healed":0.0,"max_hp_gain":0.0,"max_hp_loss":0.0,"gold_gain":0.0,"event_name":"Colosseum","player_choice":"Fled From Nobs","floor":31.0,"gold_loss":0.0,"damage_taken":0.0}],"is_beta":false,"boss_relics":[{"not_picked":["Runic Dome","Fusion Hammer"],"picked":"Velvet Choker"},{"not_picked":["Cursed Key","Philosopher\u0027s Stone"],"picked":"Replay:Bronze Core"}],"items_purged_floors":[3,20],"is_endless":false,"potions_floor_spawned":[2,11,19,22,25,27,29],"killed_by":"Orb Walker","ascension_level":0}}