{"host":"bzg9y3flbaqjj1j7","time":1614411707,"event":{"mods":["AchievementEnabler","Act Like it!","Aspiration","Aya Shameimaru","BaseMod","Challenge The Spire","Hubris","Library of Ruina","Lobotomy","LobotomyExtend","Marisa????????","Marked Mod","Minty Spire (QoL Compilation)","Permanent Neow","Poor People Problems","Quick Restart","Rare Cards Sparkle","Replay The Spire","Shop Mod","Spicy Shops","Spire Arcade","StSLib","The Animator","The Blue Laboratory"],"gold_per_floor":[113,125,125,143,103,133,79,90,90,90,120,135,161,176,176,281,281,281,281],"floor_reached":18,"language":"ENG","playtime":1668,"items_purged":[],"score":270,"play_id":"fc7b1903-c610-48a4-9628-0d638efd8823","local_time":"20210227041147","is_ascension_mode":true,"campfire_choices":[{"data":"SunsetBlade","floor":10.0,"key":"SMITH"},{"data":"LightAttack","floor":15.0,"key":"PURGE"}],"circlet_count":0,"master_deck":["Dodge","LightDefense","LightAttack+1","LightAttack","LightDefense","LightDefense","LightDefense","ChargeAndCover+1","FocusedStrikes","Faith","SuppressingShot+1","Quickness","Eject","Faith","Reload","SunsetBlade+1","GrazeTheGrass","FocusFire","GrazeTheGrass","LeRegole"],"relics":["PageOfLibrarian","LetterFromLob","Peace Pipe","Whetstone","Pocketwatch","hubris:TenFootPole","Replay:Grab Bag","ChewingGum","Fusion Hammer","Black Star"],"acts_visited":["Exordium","TheCity"],"potions_floor_usage":[],"damage_taken":[{"damage":0.0,"enemies":"Jaw Worm","floor":1.0,"turns":4.0},{"damage":0.0,"enemies":"Cultist","floor":2.0,"turns":3.0},{"damage":8.0,"enemies":"Small Slimes","floor":4.0,"turns":2.0},{"damage":15.0,"enemies":"Lagavulin","floor":6.0,"turns":9.0},{"damage":0.0,"enemies":"Exordium Thugs","floor":8.0,"turns":5.0},{"damage":2.0,"enemies":"3 Sentries","floor":11.0,"turns":6.0},{"damage":2.0,"enemies":"Blue Slaver","floor":12.0,"turns":3.0},{"damage":0.0,"enemies":"Lagavulin","floor":13.0,"turns":4.0},{"damage":10.0,"enemies":"2 Fungi Beasts","floor":14.0,"turns":4.0},{"damage":0.0,"enemies":"Slime Boss","floor":16.0,"turns":6.0},{"damage":0,"enemies":"2 Thieves","floor":18,"turns":1}],"seed_played":"4322992672822677422","potions_obtained":[{"floor":2.0,"key":"Adrenaline Potion"},{"floor":5.0,"key":"Doom Potion"},{"floor":5.0,"key":"Dexterity Potion"},{"floor":5.0,"key":"LifebloodPotion"},{"floor":6.0,"key":"CultistPotion"},{"floor":8.0,"key":"PowerPotion"},{"floor":11.0,"key":"blueLaboratory:ImpenetrablePotion"},{"floor":14.0,"key":"Elixir"}],"is_trial":false,"path_per_floor":["M","M","?","M","?","E","$","M","T","R","E","M","E","M","R","B",null,"M"],"character_chosen":"Librarian","items_purchased":["Reload"],"campfire_rested":0,"item_purchase_floors":[7],"current_hp_per_floor":[60,60,60,52,52,37,37,37,37,37,35,33,33,23,23,23,68,68,68],"gold":281,"neow_bonus":"THREE_CARDS","is_daily":false,"chose_seed":false,"campfire_upgraded":1,"win_rate":0.0,"timestamp":1614411707,"path_taken":["M","M","?","?","?","E","?","M","T","R","E","M","E","M","R","BOSS","M"],"items_purchased_type":["Card"],"build_version":"2020-12-22","purchased_purges":0,"victory":false,"max_hp_per_floor":[63,63,63,69,69,88,88,80,80,88,88,88,71,78,88,68,68,68,68],"card_choices":[{"not_picked":["PinpointShot","Parry2"],"picked":"Faith","floor":0.0},{"not_picked":["Quickness","EnergyStrike","SunsetBlade"],"picked":"SuppressingShot","floor":1.0},{"not_picked":["Thrust","HandleRequest","Parry"],"picked":"Quickness","floor":2.0},{"not_picked":["PreemptiveStrike","PinpointShot","UpbeatPerformance"],"picked":"Eject","floor":4.0},{"not_picked":["WillProduceFineSilk","Clone","DarkCloud"],"picked":"Faith","floor":6.0},{"not_picked":["ButterflySlash","BlowItUp","WillOfThePrescript"],"picked":"SunsetBlade","floor":8.0},{"not_picked":["Faith","PinpointShot","DarkCloud"],"picked":"GrazeTheGrass","floor":11.0},{"not_picked":["SmokingPipe","YouOnlyLiveOnce","ClassAndRespect"],"picked":"FocusFire","floor":12.0},{"not_picked":["LoosenUp","YouOnlyLiveOnce","Quickness","Eject"],"picked":"SKIP","floor":13.0},{"not_picked":["MindWhip","Parry2","PinpointShot"],"picked":"GrazeTheGrass","floor":14.0},{"not_picked":["GroundSmash","WillProduceFineSilk"],"picked":"LeRegole","floor":16.0}],"player_experience":130204,"relics_obtained":[{"floor":1.0,"key":"LetterFromLob"},{"floor":6.0,"key":"Peace Pipe"},{"floor":9.0,"key":"Whetstone"},{"floor":11.0,"key":"Pocketwatch"},{"floor":13.0,"key":"hubris:TenFootPole"}],"event_choices":[{"damage_healed":0.0,"max_hp_gain":0.0,"max_hp_loss":0.0,"gold_gain":0.0,"event_name":"Accursed Blacksmith","player_choice":"Forge","floor":3.0,"gold_loss":0.0,"damage_taken":0.0,"cards_upgraded":["SuppressingShot"]},{"damage_healed":0.0,"max_hp_gain":0.0,"max_hp_loss":0.0,"gold_gain":0.0,"event_name":"The Woman in Blue","player_choice":"Bought 3 Potions","floor":5.0,"gold_loss":0.0,"damage_taken":0.0}],"is_beta":false,"boss_relics":[{"not_picked":["hubris:Stopwatch","Busted Crown"],"picked":"Replay:Grab Bag"},{"not_picked":["Sozu","Painkiller Herb"],"picked":"ChewingGum"},{"not_picked":["Cursed Key","ReplayTheSpireMod:Onyx Gauntlets"],"picked":"Fusion Hammer"},{"not_picked":["Astrolabe","aspiration:RitualDagger"],"picked":"Black Star"}],"items_purged_floors":[],"is_endless":false,"potions_floor_spawned":[2,6,8,11,14],"killed_by":"2 Thieves","ascension_level":1}}