{"host":"ekdm9k8smkjw8x9v","time":1614438896,"event":{"mods":["BaseMod","Hermit","Minty Spire (QoL Compilation)","Relic Stats","StSLib"],"gold_per_floor":[118,118,132,152,169,204,204,229,256,256,15,15,15,34,34,130,130,116,116,116,25,25,25,36,51,77,77,77],"floor_reached":27,"language":"RUS","playtime":1284,"items_purged":["Defend_B"],"score":221,"play_id":"403b5710-ff7b-4141-95d8-10387627d75a","local_time":"20210227221456","is_ascension_mode":false,"campfire_choices":[{"data":"Undo","floor":7,"key":"SMITH"},{"floor":10,"key":"REST"},{"floor":15,"key":"REST"},{"data":"Creative AI","floor":23,"key":"SMITH"}],"circlet_count":0,"master_deck":["Strike_B+1","Strike_B+1","Strike_B+1","Defend_B+1","Defend_B+1","Defend_B+1","Zap","Dualcast","Biased Cognition","Skim","Double Energy","Redo","Sunder","Undo+1","Barrage","Creative AI+1","Cold Snap","Reboot","Madness","Machine Learning","Conserve Battery","Aggregate","Pain","Leap"],"relics":["Cracked Core","Vajra","Toy Ornithopter","Happy Flower","Inserter","WarpedTongs","Bag of Preparation"],"acts_visited":["Exordium","TheCity"],"potions_floor_usage":[6,8,14,16,18],"damage_taken":[{"damage":2,"enemies":"2 Louse","floor":1,"turns":3},{"damage":1,"enemies":"Cultist","floor":3,"turns":3},{"damage":5,"enemies":"Small Slimes","floor":4,"turns":3},{"damage":0,"enemies":"3 Louse","floor":5,"turns":3},{"damage":32,"enemies":"Lagavulin","floor":6,"turns":6},{"damage":11,"enemies":"3 Sentries","floor":8,"turns":6},{"damage":10,"enemies":"Exordium Thugs","floor":14,"turns":4},{"damage":48,"enemies":"Hexaghost","floor":16,"turns":10},{"damage":25,"enemies":"2 Thieves","floor":18,"turns":4},{"damage":13,"enemies":"Chosen","floor":24,"turns":5},{"damage":32,"enemies":"Centurion and Healer","floor":25,"turns":9},{"damage":42,"enemies":"Gremlin Leader","floor":27,"turns":5}],"seed_played":"-5863117554548026723","potions_obtained":[{"floor":1,"key":"BlessingOfTheForge"},{"floor":4,"key":"FocusPotion"},{"floor":8,"key":"Weak Potion"},{"floor":14,"key":"SkillPotion"},{"floor":16,"key":"Energy Potion"},{"floor":24,"key":"SteroidPotion"}],"is_trial":false,"path_per_floor":["M","?","M","M","M","E","R","E","T","R","$","?","?","M","R","B",null,"M","?","?","$","?","R","M","M","T","E"],"character_chosen":"DEFECT","items_purchased":["Creative AI","Cold Snap","Conserve Battery","Aggregate"],"campfire_rested":2,"item_purchase_floors":[11,11,21,21],"current_hp_per_floor":[73,73,72,67,67,35,35,24,24,46,46,51,51,46,70,27,80,55,80,80,80,80,80,67,35,35,0,0],"gold":77,"neow_bonus":"ONE_RANDOM_RARE_CARD","is_daily":false,"chose_seed":false,"campfire_upgraded":2,"win_rate":0.0,"timestamp":1614438896,"path_taken":["M","?","M","M","?","E","R","E","T","R","$","?","?","M","R","BOSS","M","?","?","$","?","R","M","?","T","E"],"items_purchased_type":["Card","Card","Card","Card"],"build_version":"2020-12-22","purchased_purges":1,"victory":false,"max_hp_per_floor":[75,75,75,75,75,75,75,75,75,75,75,80,80,80,80,80,80,80,80,80,80,80,80,80,80,80,80,80],"relic_stats":{"Inserter":[11],"Happy Flower":[12],"counters":[12,61],"Bag of Preparation":[2],"obtain_stats":[{"Inserter":17,"Happy Flower":9,"Vajra":6,"Bag of Preparation":26,"Cracked Core":0,"Toy Ornithopter":8,"WarpedTongs":22},{"Inserter":8,"Happy Flower":6,"Vajra":5,"Bag of Preparation":11,"Cracked Core":0,"Toy Ornithopter":6,"WarpedTongs":9},{"Inserter":38,"Happy Flower":24,"Vajra":18,"Bag of Preparation":56,"Cracked Core":0,"Toy Ornithopter":24,"WarpedTongs":42}],"Toy Ornithopter":10,"WarpedTongs":[19]},"card_choices":[{"not_picked":["Ball Lightning","Barrage"],"picked":"Skim","floor":1},{"not_picked":["Turbo","Sweeping Beam"],"picked":"Double Energy","floor":3},{"not_picked":["Lockon","Compile Driver"],"picked":"Redo","floor":4},{"not_picked":["Leap","Reprogram"],"picked":"Sunder","floor":5},{"not_picked":["Cold Snap","Streamline"],"picked":"Undo","floor":6},{"not_picked":["Coolheaded","Double Energy"],"picked":"Barrage","floor":8},{"not_picked":["Chaos","Coolheaded","Meteor Strike"],"picked":"SKIP","floor":14},{"not_picked":["Biased Cognition","Rainbow"],"picked":"Machine Learning","floor":16},{"not_picked":["Compile Driver","Steam","Cold Snap"],"picked":"SKIP","floor":18},{"not_picked":["Steam","Hologram"],"picked":"Leap","floor":24},{"not_picked":["Hello World","Sweeping Beam+1","Compile Driver+1"],"picked":"SKIP","floor":25}],"player_experience":248455,"relics_obtained":[{"floor":6,"key":"Vajra"},{"floor":8,"key":"Toy Ornithopter"},{"floor":9,"key":"Happy Flower"},{"floor":26,"key":"Bag of Preparation"}],"event_choices":[{"cards_removed":["Strike_B"],"damage_healed":0,"gold_gain":0,"player_choice":"Purged","damage_taken":0,"max_hp_gain":0,"max_hp_loss":0,"event_name":"Purifier","floor":2,"gold_loss":0},{"damage_healed":0,"gold_gain":0,"player_choice":"Donut","damage_taken":0,"max_hp_gain":5,"max_hp_loss":0,"event_name":"Big Fish","floor":12,"gold_loss":0},{"damage_healed":0,"gold_gain":0,"player_choice":"2 cards matched","damage_taken":0,"max_hp_gain":0,"max_hp_loss":0,"event_name":"Match and Keep!","floor":13,"gold_loss":0,"cards_obtained":["Reboot","Madness"]},{"damage_healed":26,"gold_gain":0,"player_choice":"Heal","damage_taken":0,"max_hp_gain":0,"max_hp_loss":0,"event_name":"The Library","floor":19,"gold_loss":0},{"damage_healed":0,"gold_gain":0,"player_choice":"Simplicity","damage_taken":0,"max_hp_gain":0,"max_hp_loss":0,"event_name":"Back to Basics","floor":20,"gold_loss":0,"cards_upgraded":["Strike_B","Strike_B","Strike_B","Defend_B","Defend_B","Defend_B"]},{"damage_healed":0,"gold_gain":0,"player_choice":"Rummage","damage_taken":0,"relics_obtained":["WarpedTongs"],"max_hp_gain":0,"max_hp_loss":0,"event_name":"Accursed Blacksmith","floor":22,"gold_loss":0,"cards_obtained":["Pain"]}],"is_beta":false,"boss_relics":[{"not_picked":["Black Star","Busted Crown"],"picked":"Inserter"}],"items_purged_floors":[11],"is_endless":false,"potions_floor_spawned":[1,4,8,14,16,24],"killed_by":"Gremlin Leader","ascension_level":0}}