{"host":"rmsq46plbpwfbxcc","time":1614435957,"event":{"mods":["AchievementEnabler","BaseMod","Colored Map","Colored Powertips","DeckTracker","KOR Keyword Fix","Minty Spire (QoL Compilation)","Permanent Neow","Quick Restart","SuperFastMode"],"gold_per_floor":[111,129,143,153,153,153,168,201,201,234,254,254,254,274,274,274,274],"floor_reached":16,"language":"KOR","playtime":390,"items_purged":[],"score":211,"play_id":"da83eac6-08f1-4f40-aaec-eb5b31568da6","local_time":"20210227232557","is_ascension_mode":true,"campfire_choices":[{"data":"Blade Dance","floor":6.0,"key":"SMITH"},{"data":"Neutralize","floor":13,"key":"SMITH"},{"data":"Underhanded Strike","floor":15,"key":"SMITH"}],"circlet_count":0,"master_deck":["AscendersBane","Strike_G","Strike_G","Strike_G","Strike_G","Defend_G","Defend_G","Defend_G","Defend_G","Survivor","Neutralize+1","Acrobatics","Blade Dance+1","Blur","Underhanded Strike+1"],"relics":["Coffee Dripper","Bag of Preparation","Akabeko","Vajra"],"acts_visited":["Exordium"],"potions_floor_usage":[8,16],"damage_taken":[{"damage":1.0,"enemies":"Cultist","floor":1.0,"turns":4.0},{"damage":7.0,"enemies":"Small Slimes","floor":2.0,"turns":4.0},{"damage":0.0,"enemies":"2 Louse","floor":3.0,"turns":4.0},{"damage":32.0,"enemies":"Exordium Thugs","floor":4.0,"turns":6.0},{"damage":0.0,"enemies":"Blue Slaver","floor":7.0,"turns":3.0},{"damage":19,"enemies":"Lagavulin","floor":8,"turns":6},{"damage":7,"enemies":"3 Sentries","floor":10,"turns":7},{"damage":0,"enemies":"Looter","floor":11,"turns":2},{"damage":0,"enemies":"2 Fungi Beasts","floor":14,"turns":1},{"damage":15,"enemies":"Slime Boss","floor":16,"turns":6}],"seed_played":"9050164794892668434","potions_obtained":[{"floor":2.0,"key":"FairyPotion"},{"floor":3.0,"key":"Weak Potion"},{"floor":7.0,"key":"FearPotion"},{"floor":14,"key":"DistilledChaos"}],"is_trial":false,"path_per_floor":["M","M","M","M","?","R","M","E","T","E","M","?","R","M","R","B"],"character_chosen":"THE_SILENT","items_purchased":[],"campfire_rested":0,"item_purchase_floors":[],"current_hp_per_floor":[58,51,51,19,19,19,19,19,19,12,12,12,12,12,12,0,0],"gold":274,"neow_bonus":"BOSS_RELIC","is_daily":false,"chose_seed":false,"campfire_upgraded":3,"win_rate":0.0,"timestamp":1614435957,"path_taken":["M","M","?","M","?","R","M","E","T","E","M","?","R","M","R","BOSS"],"items_purchased_type":[],"build_version":"2020-12-22","purchased_purges":0,"victory":false,"max_hp_per_floor":[66,66,66,66,66,66,66,66,66,66,66,66,66,66,66,66,66],"card_choices":[{"not_picked":["Deadly Poison","Sucker Punch","Outmaneuver"],"picked":"SKIP","floor":1.0},{"not_picked":["Deadly Poison","Dagger Throw"],"picked":"Acrobatics","floor":2.0},{"not_picked":["Well Laid Plans","Dodge and Roll"],"picked":"Blade Dance","floor":3.0},{"not_picked":["Flechettes","Footwork","Acrobatics"],"picked":"SKIP","floor":4.0},{"not_picked":["Distraction","Setup","Quick Slash"],"picked":"SKIP","floor":7.0},{"not_picked":["Caltrops","Distraction","Blade Dance"],"picked":"SKIP","floor":8},{"not_picked":["Flechettes","Outmaneuver"],"picked":"Blur","floor":10},{"not_picked":["Leg Sweep","Tools of the Trade","Dash"],"picked":"SKIP","floor":11},{"not_picked":["Deadly Poison","Bane","Blade Dance"],"picked":"SKIP","floor":14}],"player_experience":673692,"relics_obtained":[{"floor":8,"key":"Bag of Preparation"},{"floor":9,"key":"Akabeko"},{"floor":10,"key":"Vajra"}],"event_choices":[{"cards_removed":["Strike_G"],"damage_healed":0.0,"max_hp_gain":0.0,"max_hp_loss":0.0,"gold_gain":0.0,"event_name":"Living Wall","player_choice":"Forget","floor":5.0,"gold_loss":0.0,"damage_taken":0.0},{"damage_healed":0,"gold_gain":0,"cards_transformed":["Defend_G"],"player_choice":"Transformed","damage_taken":0,"max_hp_gain":0,"max_hp_loss":0,"event_name":"Transmorgrifier","floor":12,"gold_loss":0,"cards_obtained":["Underhanded Strike"]}],"is_beta":false,"boss_relics":[],"items_purged_floors":[],"is_endless":false,"potions_floor_spawned":[2,3,7,14],"killed_by":"Slime Boss","ascension_level":17}}