{"host":"xf6jh9nhxbgnw2vy","time":1614410641,"event":{"mods":["BaseMod","ChefMod","Colored Map","Colored Powertips","Downfall","Hermit","Highlight Path","Hunter 猎人","Library of Ruina","Minty Spire (QoL Compilation)","Replay The Spire","StSLib","The Animator","The Blackbeard","The Bladedancer","The Cursed","The Forsaken","The Gatherer","The Mystic","The Poker Player","The Servant 0.9.4","The Showman","Waifu the Spire","【功能Mod】混沌之环修复补丁","残留之物"],"gold_per_floor":[99,115,31,45,30,30,30,30,53,71,81,114,126,137,148,148,148,148],"floor_reached":16,"language":"ZHS","playtime":1072,"items_purged":[],"score":104,"play_id":"07a1bb97-7d7b-4ec0-b091-09c0b9635a3f","local_time":"20210227152401","is_ascension_mode":false,"campfire_choices":[{"data":"Guardian:TwinSlam","floor":1,"key":"SMITH"},{"data":"Guardian:SentryBeam","floor":8,"key":"SMITH"}],"circlet_count":0,"master_deck":["Guardian:Strike_Guardian","Guardian:Strike_Guardian","Guardian:Strike_Guardian","Guardian:Strike_Guardian","Guardian:Defend_Guardian","Guardian:Defend_Guardian","Guardian:Defend_Guardian","Guardian:Defend_Guardian","Guardian:CurlUp","Guardian:TwinSlam+1","Guardian:TemporalShield","Guardian:FloatingOrbs","Guardian:EvasiveProtocol","Guardian:SentryBeam+1","Guardian:Gem_Cyan","Guardian:Gem_Fragmented","Guardian:Gem_Crimson","Guardian:BronzeArmor"],"relics":["Guardian:ModeShifter","downfall:BrokenWingStatue","Sundial","Odd Mushroom","theForsaken:ScaryMask"],"acts_visited":["Exordium"],"potions_floor_usage":[],"damage_taken":[{"damage":6,"enemies":"Cultist","floor":2,"turns":4},{"damage":2,"enemies":"downfall:FleeingMerchant","floor":3,"turns":4},{"damage":0,"enemies":"Jaw Worm","floor":4,"turns":4},{"damage":5,"enemies":"downfall:FleeingMerchant","floor":5,"turns":4},{"damage":11,"enemies":"The Mushroom Lair","floor":9,"turns":5},{"damage":0,"enemies":"Small Slimes","floor":10,"turns":3},{"damage":0,"enemies":"Blue Slaver","floor":11,"turns":4},{"damage":10,"enemies":"Lagavulin","floor":12,"turns":8},{"damage":10,"enemies":"Lots of Slimes","floor":13,"turns":6},{"damage":4,"enemies":"Exordium Thugs","floor":14,"turns":6},{"damage":0,"enemies":"3 Louse","floor":15,"turns":4},{"damage":42,"enemies":"WA_ARCHETYPE_RETAIN","floor":16,"turns":12}],"seed_played":"9001052692424128714","potions_obtained":[{"floor":9,"key":"SkillPotion"},{"floor":10,"key":"SpeedPotion"},{"floor":11,"key":"champ:CounterPotion"},{"floor":13,"key":"Elixir"}],"is_trial":false,"path_per_floor":["R","M","$","M","$","?","T","R","?","M","M","E","M","M","M","B"],"character_chosen":"GUARDIAN","items_purchased":["Guardian:EvasiveProtocol"],"campfire_rested":0,"item_purchase_floors":[3],"current_hp_per_floor":[88,82,80,80,75,75,75,75,64,64,64,54,44,40,40,0,0,0],"gold":148,"neow_bonus":"TEN_PERCENT_HP_BONUS","is_daily":false,"chose_seed":false,"campfire_upgraded":2,"win_rate":0.0,"timestamp":1614410641,"path_taken":["R","M","?","M","$","?","T","R","?","M","?","E","M","?","M","BOSS"],"items_purchased_type":["Card"],"build_version":"2020-12-22","purchased_purges":0,"victory":false,"max_hp_per_floor":[88,88,88,88,88,88,88,88,88,88,88,88,88,88,88,88,88,88],"card_choices":[{"not_picked":["Guardian:Clone","Guardian:Emergency"],"picked":"Guardian:TemporalShield","floor":2},{"not_picked":["Guardian:WalkerClaw","Guardian:ShieldSpikes"],"picked":"Guardian:FloatingOrbs","floor":3},{"not_picked":["Guardian:WalkerClaw","Guardian:PrismaticBarrier","Guardian:Reroute"],"picked":"SKIP","floor":4},{"not_picked":["Guardian:SpikerProtocol","Guardian:Suspension"],"picked":"Guardian:SentryBeam","floor":5},{"not_picked":["Guardian:BronzeOrb","Guardian:SpikerProtocol"],"picked":"Guardian:Gem_Cyan","floor":9},{"not_picked":["Guardian:Gem_Cyan","Guardian:ShieldSpikes","Guardian:ChargeCore"],"picked":"SKIP","floor":10},{"not_picked":["Guardian:PrimingBeam","Guardian:TemporalStrike"],"picked":"Guardian:Gem_Fragmented","floor":11},{"not_picked":["Guardian:Planning","Guardian:TemporalShield","Guardian:WalkerClaw"],"picked":"SKIP","floor":12},{"not_picked":["Guardian:ChargeCore","Guardian:RollAttack"],"picked":"Guardian:Gem_Crimson","floor":13},{"not_picked":["Guardian:VentSteam","Guardian:RollAttack"],"picked":"Guardian:BronzeArmor","floor":14},{"not_picked":["Guardian:StasisStrike","Guardian:ChargeCore","Guardian:Gem_Blue"],"picked":"SKIP","floor":15}],"player_experience":155419,"relics_obtained":[{"floor":7,"key":"Sundial"},{"floor":9,"key":"Odd Mushroom"},{"floor":12,"key":"theForsaken:ScaryMask"}],"event_choices":[{"damage_healed":0,"gold_gain":0,"player_choice":"Fought Mushrooms","damage_taken":0,"max_hp_gain":0,"max_hp_loss":0,"event_name":"Mushrooms","floor":9,"gold_loss":0}],"is_beta":false,"boss_relics":[],"items_purged_floors":[],"is_endless":false,"potions_floor_spawned":[9,10,11,12,13,14,15],"killed_by":"WA_ARCHETYPE_RETAIN","ascension_level":0}}