{"host":"ly3xxjo8nz2ssae4","time":1614459002,"event":{"mods":["BaseMod","Colored Map","DeckTracker","Highlight Path","Minty Spire (QoL Compilation)","Quick Restart"],"gold_per_floor":[113,133,144,161,179,209,228,247,247,261,261,272,286,299,299,404,404,420,345,12,23,36,36,68,78,78,96,96,110,125,125,125,225,225,244,89,101,113,73,101,101,126,126,144,162,62,62,62],"floor_reached":47,"language":"ENG","playtime":11401,"items_purged":["Strike_R","Strike_R"],"score":521,"play_id":"3b15284c-365a-4e99-b650-2d13a2b66c08","local_time":"20210227155002","is_ascension_mode":false,"campfire_choices":[{"data":"Metallicize","floor":15.0,"key":"SMITH"},{"data":"Armaments","floor":23.0,"key":"SMITH"},{"data":"Strike_R","floor":28.0,"key":"PURGE"},{"floor":32.0,"key":"RECALL"},{"data":"Strike_R","floor":41.0,"key":"PURGE"}],"circlet_count":0,"master_deck":["Defend_R","Defend_R","Defend_R","Defend_R","Bash","Armaments+1","Metallicize+1","Shockwave","Disarm","Immolate","Rage","Uppercut+1","Warcry","Power Through","Fire Breathing","Rampage","Demon Form","Armaments+1","Flex","Fire Breathing+1","Headbutt+1","Heavy Blade","Battle Trance","Juggernaut","True Grit+1","Flame Barrier+1","Entrench+1","True Grit","Power Through+1","Parasite"],"relics":["Burning Blood","Ancient Tea Set","Bottled Tornado","Coffee Dripper","ClockworkSouvenir","Peace Pipe","Enchiridion","Runic Pyramid","Medical Kit","Lantern","Oddly Smooth Stone","Orichalcum"],"acts_visited":["Exordium","TheCity","TheBeyond"],"potions_floor_usage":[44,45],"damage_taken":[{"damage":6.0,"enemies":"Cultist","floor":1.0,"turns":3.0},{"damage":5.0,"enemies":"Jaw Worm","floor":2.0,"turns":4.0},{"damage":5.0,"enemies":"Small Slimes","floor":3.0,"turns":5.0},{"damage":13.0,"enemies":"Looter","floor":4.0,"turns":4.0},{"damage":7.0,"enemies":"Blue Slaver","floor":5.0,"turns":5.0},{"damage":20.0,"enemies":"Lagavulin","floor":6.0,"turns":9.0},{"damage":2.0,"enemies":"Lots of Slimes","floor":7.0,"turns":2.0},{"damage":6.0,"enemies":"Looter","floor":8.0,"turns":4.0},{"damage":4.0,"enemies":"Large Slime","floor":10.0,"turns":7.0},{"damage":0.0,"enemies":"Exordium Wildlife","floor":12.0,"turns":1.0},{"damage":1.0,"enemies":"Looter","floor":13.0,"turns":4.0},{"damage":9.0,"enemies":"Blue Slaver","floor":14.0,"turns":4.0},{"damage":31.0,"enemies":"The Guardian","floor":16.0,"turns":11.0},{"damage":4.0,"enemies":"Chosen","floor":18.0,"turns":5.0},{"damage":2.0,"enemies":"Spheric Guardian","floor":21.0,"turns":7.0},{"damage":3.0,"enemies":"Snecko","floor":22.0,"turns":7.0},{"damage":31.0,"enemies":"Slavers","floor":24.0,"turns":6.0},{"damage":15.0,"enemies":"Centurion and Healer","floor":25.0,"turns":8.0},{"damage":11.0,"enemies":"Shelled Parasite and Fungi","floor":27.0,"turns":6.0},{"damage":5.0,"enemies":"3 Cultists","floor":29.0,"turns":3.0},{"damage":15.0,"enemies":"Sentry and Sphere","floor":30.0,"turns":6.0},{"damage":26.0,"enemies":"Automaton","floor":33.0,"turns":9.0},{"damage":1.0,"enemies":"Orb Walker","floor":35.0,"turns":4.0},{"damage":3.0,"enemies":"3 Shapes","floor":37.0,"turns":4.0},{"damage":7.0,"enemies":"Maw","floor":38.0,"turns":8.0},{"damage":26.0,"enemies":"Nemesis","floor":40.0,"turns":11.0},{"damage":37.0,"enemies":"Giant Head","floor":42.0,"turns":10.0},{"damage":0,"enemies":"3 Darklings","floor":44,"turns":2},{"damage":43,"enemies":"4 Shapes","floor":45,"turns":5},{"damage":35,"enemies":"Writhing Mass","floor":47,"turns":4}],"seed_played":"-8904470010985621898","potions_obtained":[{"floor":1.0,"key":"Strength Potion"},{"floor":4.0,"key":"Energy Potion"},{"floor":7.0,"key":"Explosive Potion"},{"floor":14.0,"key":"DuplicationPotion"},{"floor":24.0,"key":"HeartOfIron"},{"floor":27.0,"key":"Fruit Juice"},{"floor":29.0,"key":"BlessingOfTheForge"},{"floor":40.0,"key":"SteroidPotion"}],"is_trial":false,"path_per_floor":["M","M","M","M","M","E","M","M","T","M","?","M","M","M","R","B",null,"M","?","$","M","M","R","E","M","T","M","R","M","M","?","R","B",null,"M","$","M","M","?","E","R","E","T","M","M","$","M"],"character_chosen":"IRONCLAD","items_purchased":["ClockworkSouvenir","Armaments","Flex","Medical Kit"],"campfire_rested":0,"item_purchase_floors":[20,20,20,36],"current_hp_per_floor":[88,88,88,81,80,66,70,70,70,72,72,78,83,80,80,55,88,88,88,88,88,88,88,63,54,54,49,49,55,46,30,30,10,93,93,93,93,92,92,72,72,41,41,47,10,10,0,0],"gold":62,"neow_bonus":"TEN_PERCENT_HP_BONUS","is_daily":false,"chose_seed":false,"campfire_upgraded":2,"win_rate":0.0,"timestamp":1614459002,"path_taken":["M","M","M","M","M","E","M","M","T","?","?","M","M","M","R","BOSS","M","?","$","M","M","R","E","M","T","M","R","M","M","?","R","BOSS","M","$","M","M","?","E","R","E","T","M","M","$","?"],"items_purchased_type":["Relic","Card","Card","Relic"],"build_version":"2020-12-22","purchased_purges":2,"victory":false,"max_hp_per_floor":[88,88,88,88,88,88,88,88,88,88,88,88,88,88,88,88,88,88,88,88,88,88,88,88,88,88,88,88,93,93,93,93,93,93,93,93,93,93,93,93,93,93,93,93,93,93,93,93],"card_choices":[{"not_picked":["Bloodletting","Twin Strike"],"picked":"Armaments","floor":1.0},{"not_picked":["Cleave","Flex"],"picked":"Metallicize","floor":2.0},{"not_picked":["Cleave","Iron Wave"],"picked":"Shockwave","floor":3.0},{"not_picked":["Thunderclap","Entrench"],"picked":"Disarm","floor":4.0},{"not_picked":["Havoc","Warcry"],"picked":"Immolate","floor":5.0},{"not_picked":["Anger","Wild Strike"],"picked":"Rage","floor":6.0},{"not_picked":["Havoc","Wild Strike","Perfected Strike"],"picked":"SKIP","floor":7.0},{"not_picked":["Iron Wave","Power Through"],"picked":"Uppercut","floor":8.0},{"not_picked":["Havoc","Heavy Blade"],"picked":"Warcry","floor":10.0},{"not_picked":["Shrug It Off","Sentinel"],"picked":"Power Through","floor":12.0},{"not_picked":["Clash","Rupture"],"picked":"Fire Breathing","floor":13.0},{"not_picked":["Fiend Fire","Spot Weakness"],"picked":"Rampage","floor":14.0},{"not_picked":["Corruption","Reaper"],"picked":"Demon Form","floor":16.0},{"not_picked":["Wild Strike","Iron Wave","Anger"],"picked":"SKIP","floor":18.0},{"not_picked":["Twin Strike","Battle Trance+1"],"picked":"Fire Breathing+1","floor":21.0},{"not_picked":["Armaments","Iron Wave","Havoc+1"],"picked":"SKIP","floor":22.0},{"not_picked":["Sword Boomerang","Second Wind","Immolate"],"picked":"SKIP","floor":24.0},{"not_picked":["True Grit+1","Feel No Pain+1"],"picked":"Headbutt+1","floor":25.0},{"not_picked":["Body Slam+1","Carnage+1"],"picked":"Heavy Blade","floor":27.0},{"not_picked":["Disarm","Feel No Pain+1"],"picked":"Battle Trance","floor":29.0},{"not_picked":["Cleave","Sword Boomerang","Armaments"],"picked":"SKIP","floor":30.0},{"not_picked":["Berserk","Immolate"],"picked":"Juggernaut","floor":33.0},{"not_picked":["Inflame","Havoc"],"picked":"True Grit+1","floor":35.0},{"not_picked":["Cleave","Thunderclap+1"],"picked":"Flame Barrier+1","floor":37.0},{"not_picked":["Iron Wave+1","Hemokinesis+1"],"picked":"Entrench+1","floor":38.0},{"not_picked":["Anger+1","Havoc","Dual Wield+1"],"picked":"SKIP","floor":40.0},{"not_picked":["Hemokinesis","Burning Pact","Havoc"],"picked":"SKIP","floor":42.0},{"not_picked":["Rampage","Shrug It Off+1"],"picked":"True Grit","floor":44},{"not_picked":["Perfected Strike","Rage"],"picked":"Power Through+1","floor":45}],"player_experience":330691,"relics_obtained":[{"floor":6.0,"key":"Ancient Tea Set"},{"floor":9.0,"key":"Bottled Tornado"},{"floor":24.0,"key":"Peace Pipe"},{"floor":31.0,"key":"Enchiridion"},{"floor":40.0,"key":"Lantern"},{"floor":42.0,"key":"Oddly Smooth Stone"},{"floor":43.0,"key":"Orichalcum"}],"event_choices":[{"damage_healed":0.0,"max_hp_gain":0.0,"max_hp_loss":0.0,"gold_gain":0.0,"event_name":"Living Wall","player_choice":"Grow","floor":11.0,"gold_loss":0.0,"damage_taken":0.0,"cards_upgraded":["Uppercut"]},{"cards_removed":["Strike_R"],"damage_healed":0.0,"max_hp_gain":0.0,"max_hp_loss":0.0,"gold_gain":0.0,"event_name":"Beggar","player_choice":"Gave Gold","floor":19.0,"gold_loss":75.0,"damage_taken":0.0},{"damage_healed":0.0,"max_hp_gain":0.0,"max_hp_loss":0.0,"gold_gain":0.0,"event_name":"Cursed Tome","player_choice":"Obtained Book","floor":31.0,"gold_loss":0.0,"damage_taken":16.0},{"damage_healed":0.0,"max_hp_gain":0.0,"max_hp_loss":0.0,"gold_gain":0.0,"event_name":"Designer","player_choice":"Upgrade","floor":39.0,"gold_loss":40.0,"damage_taken":0.0,"cards_upgraded":["Armaments"]}],"is_beta":false,"boss_relics":[{"not_picked":["SacredBark","Snecko Eye"],"picked":"Coffee Dripper"},{"not_picked":["Sozu","Calling Bell"],"picked":"Runic Pyramid"}],"items_purged_floors":[20,46],"is_endless":false,"potions_floor_spawned":[1,4,7,10,12,14,22,24,27,29,30,40,42],"killed_by":"Writhing Mass","ascension_level":0}}