{"host":"dbkc9h3etq50r1dq","time":1614393004,"event":{"mods":["AchievementEnabler","BaseMod","Block Reminder","Colored Powertips","Curses Come First","Dark Map","Highlight Path","Keyboard Shortcuts","Marisa£®ÏF”Í°°ƒß¿Ì…≥£©","Minty Spire (QoL Compilation)","Permanent Neow","Potion Indicator Mod","Random Character Button","Rare Cards Sparkle","StSLib","SuperFastMode","Weighted Paths"],"gold_per_floor":[109,109,119,119,131,160,160,188,211,223,235,267,239,263,275,392,404,430,473,485,515,547,559,598,610,622,634,662,674,703,66,66,66,66],"floor_reached":33,"language":"ZHS","playtime":1822,"items_purged":["Defend_MRS"],"score":399,"play_id":"ee1207da-473e-49e6-9a44-27d8033d76b3","local_time":"20210227103004","is_ascension_mode":true,"campfire_choices":[{"floor":7.0,"key":"REST"},{"floor":10.0,"key":"REST"},{"data":"DarkMatter","floor":15.0,"key":"SMITH"},{"data":"SprinkleStarSeal","floor":23.0,"key":"SMITH"},{"floor":25,"key":"REST"},{"data":"EarthLightRay","floor":27,"key":"SMITH"},{"data":"EnergyFlow","floor":32,"key":"SMITH"}],"circlet_count":0,"master_deck":["Strike_MRS","Strike_MRS","Strike_MRS","Strike_MRS+1","Defend_MRS","Defend_MRS","Defend_MRS+1","MasterSpark","UpSweep","Parasite","Parasite","AsteroidBelt","DarkMatter+1","EarthLightRay+1","MilkyWay","EnergyFlow+1","SprinkleStarSeal+1","GasGiant","OneTimeOff","UnstableBomb","MagicChant+1","MilkyWay","WitchOfGreed","6A","Master of Strategy"],"relics":["MiniHakkero","ShroomBag","Anchor","Potion Belt","MawBank","SacredBark","Red Mask","MutagenicStrength","Boot","Nloth\u0027s Gift","Frozen Eye"],"acts_visited":["Exordium","TheCity"],"potions_floor_usage":[24,28],"damage_taken":[{"damage":7.0,"enemies":"Small Slimes","floor":1.0,"turns":3.0},{"damage":0.0,"enemies":"Cultist","floor":3.0,"turns":3.0},{"damage":0.0,"enemies":"Jaw Worm","floor":5.0,"turns":3.0},{"damage":18.0,"enemies":"Gremlin Nob","floor":6.0,"turns":4.0},{"damage":22.0,"enemies":"Lagavulin","floor":8.0,"turns":7.0},{"damage":15.0,"enemies":"Exordium Thugs","floor":12.0,"turns":7.0},{"damage":0.0,"enemies":"2 Fungi Beasts","floor":14.0,"turns":4.0},{"damage":10.0,"enemies":"The Guardian","floor":16.0,"turns":14.0},{"damage":14.0,"enemies":"3 Byrds","floor":18.0,"turns":12.0},{"damage":29.0,"enemies":"Masked Bandits","floor":19.0,"turns":6.0},{"damage":0.0,"enemies":"Chosen","floor":21.0,"turns":5.0},{"damage":4.0,"enemies":"Snake Plant","floor":22.0,"turns":4.0},{"damage":29,"enemies":"Gremlin Leader","floor":24,"turns":8},{"damage":14,"enemies":"Chosen and Byrds","floor":28,"turns":10},{"damage":10,"enemies":"Shelled Parasite and Fungi","floor":30,"turns":9},{"damage":131,"enemies":"Collector","floor":33,"turns":20}],"seed_played":"2104975821422297591","potions_obtained":[{"floor":4.0,"key":"Energy Potion"},{"floor":4.0,"key":"BlessingOfTheForge"},{"floor":4.0,"key":"Explosive Potion"},{"floor":5.0,"key":"Weak Potion"},{"floor":13.0,"key":"Strength Potion"},{"floor":13.0,"key":"Energy Potion"},{"floor":13.0,"key":"PowerPotion"},{"floor":14.0,"key":"SkillPotion"},{"floor":16.0,"key":"PowerPotion"},{"floor":18.0,"key":"ShroomBrew"},{"floor":19.0,"key":"Strength Potion"},{"floor":24,"key":"Explosive Potion"}],"is_trial":false,"path_per_floor":["M","?","M","?","M","E","R","E","T","R","$","M","?","M","R","B",null,"M","?","?","M","M","R","E","R","T","R","M","?","M","$","R","B"],"character_chosen":"MARISA","items_purchased":["MilkyWay","WitchOfGreed","6A","Frozen Eye","FairyPotion","Master of Strategy"],"campfire_rested":3,"item_purchase_floors":[31,31,31,31,31,31],"current_hp_per_floor":[65,50,54,54,58,44,66,48,48,70,70,63,63,71,71,69,74,65,44,44,52,56,56,35,57,57,57,53,53,53,53,53,0,0],"gold":66,"neow_bonus":"RANDOM_COMMON_RELIC","is_daily":false,"chose_seed":false,"campfire_upgraded":4,"win_rate":0.0,"timestamp":1614393004,"path_taken":["M","?","M","?","M","E","R","E","T","R","$","?","?","M","R","BOSS","M","?","?","M","M","R","E","R","T","R","M","?","M","$","R","BOSS"],"items_purchased_type":["Card","Card","Card","Relic","Potion","Card"],"build_version":"2020-12-22","purchased_purges":1,"victory":false,"max_hp_per_floor":[75,75,75,75,75,75,75,75,75,75,75,75,75,75,75,75,75,75,75,75,75,75,75,75,75,75,75,75,75,75,75,75,75,75],"card_choices":[{"not_picked":["LuminesStrike","GalacticHalo","DarkSpark"],"picked":"SKIP","floor":1.0},{"not_picked":["NonDirectionalLaser","ShootingEcho","GravityBeat"],"picked":"SKIP","floor":3.0},{"not_picked":["GalacticHalo","IllusionStar"],"picked":"AsteroidBelt","floor":5.0},{"not_picked":["MysteriousBeam","GasGiant"],"picked":"DarkMatter","floor":6.0},{"not_picked":["SuperNova","RefractionSpark"],"picked":"EarthLightRay","floor":8.0},{"not_picked":["NonDirectionalLaser","GalacticHalo","EnergyFlow"],"picked":"SKIP","floor":12.0},{"not_picked":["RefractionSpark","GravityBeat"],"picked":"MilkyWay","floor":14.0},{"not_picked":["ChargingUp","DragonMeteor"],"picked":"EnergyFlow","floor":18.0},{"not_picked":["PropBag","SporeBomb"],"picked":"SprinkleStarSeal","floor":21.0},{"not_picked":["AlicesGift","Singularity"],"picked":"GasGiant","floor":22.0},{"not_picked":["EarthLightRay","ChargeUpSpray"],"picked":"OneTimeOff","floor":24},{"not_picked":["6A","IllusionStar"],"picked":"UnstableBomb","floor":28},{"not_picked":["DoubleSpark","BlazeAway"],"picked":"MagicChant+1","floor":30}],"player_experience":223963,"relics_obtained":[{"floor":6.0,"key":"Anchor"},{"floor":8.0,"key":"Potion Belt"},{"floor":9.0,"key":"MawBank"},{"floor":19.0,"key":"Red Mask"},{"floor":24,"key":"Boot"},{"floor":26,"key":"Bag of Preparation"}],"event_choices":[{"damage_healed":0.0,"max_hp_gain":0.0,"max_hp_loss":0.0,"gold_gain":0.0,"event_name":"Shining Light","player_choice":"Entered Light","floor":2.0,"gold_loss":0.0,"damage_taken":15.0,"cards_upgraded":["Defend_MRS","Strike_MRS"]},{"damage_healed":0.0,"max_hp_gain":0.0,"max_hp_loss":0.0,"gold_gain":0.0,"event_name":"Lab","player_choice":"Got Potions","floor":4.0,"gold_loss":0.0,"damage_taken":0.0},{"damage_healed":0.0,"max_hp_gain":0.0,"max_hp_loss":0.0,"gold_gain":0.0,"event_name":"The Woman in Blue","player_choice":"Bought 3 Potions","floor":13.0,"gold_loss":0.0,"damage_taken":0.0},{"damage_healed":0.0,"max_hp_gain":0.0,"max_hp_loss":0.0,"gold_gain":0.0,"event_name":"Masked Bandits","player_choice":"Fought Bandits","floor":19.0,"gold_loss":0.0,"damage_taken":0.0},{"damage_healed":0.0,"max_hp_gain":0.0,"max_hp_loss":0.0,"gold_gain":0.0,"event_name":"Drug Dealer","player_choice":"Inject Mutagens","floor":20.0,"gold_loss":0.0,"damage_taken":0.0,"relics_obtained":["MutagenicStrength"]},{"damage_healed":0,"gold_gain":0,"player_choice":"Traded Relic","damage_taken":0,"relics_obtained":["Nloth\u0027s Gift"],"max_hp_gain":0,"max_hp_loss":0,"event_name":"N\u0027loth","floor":29,"relics_lost":["Bag of Preparation"],"gold_loss":0}],"is_beta":false,"boss_relics":[{"not_picked":["Pandora\u0027s Box","RampagingMagicTools"],"picked":"SacredBark"}],"items_purged_floors":[31],"is_endless":false,"potions_floor_spawned":[5,14,16,18,19,24],"killed_by":"Collector","ascension_level":9}}