{"host":"iodn1af76021fjto","time":1614448937,"event":{"mods":["AchievementEnabler","BaseMod","BetterRewards","Colored Map","Downfall","Hermit","Jorbs\u0027s Wanderer Trilogy","Minty Spire (QoL Compilation)","Quick Restart","StSLib","SuperFastMode","The Cursed","The Hierophant","The Jungle","The Runesmith","The Servant 0.9.4"],"gold_per_floor":[117,137,149,161,15,43,102,127,198,225,244,48,64,98,98,202,202,215,215,246,201,201],"floor_reached":21,"language":"ENG","playtime":650,"items_purged":["Strike_R"],"score":274,"play_id":"0b86b003-7627-4bc7-a85b-4be774442bf9","local_time":"20210227130217","is_ascension_mode":true,"campfire_choices":[{"floor":15,"key":"REST"}],"circlet_count":0,"master_deck":["Strike_R","Strike_R","Strike_R","Strike_R","Defend_R","Defend_R","Defend_R","Defend_R","Bash","Armaments","Blood for Blood","Fire Breathing","Clothesline","Feed","Second Wind","Seeing Red","Iron Wave","Flame Barrier","Inflame","Feel No Pain","Wild Strike","Feed","Dual Wield","Intimidate"],"relics":["Burning Blood","HandDrill","StrikeDummy","Champion Belt","Bronze Scales","Mercury Hourglass","Odd Mushroom","Strawberry","SlaversCollar","Runesmith:AutoHammer","Red Mask"],"acts_visited":["Exordium","TheCity"],"potions_floor_usage":[6,12,14,16],"damage_taken":[{"damage":6,"enemies":"Cultist","floor":1,"turns":4},{"damage":0,"enemies":"Small Slimes","floor":2,"turns":3},{"damage":7,"enemies":"Jaw Worm","floor":3,"turns":3},{"damage":7,"enemies":"3 Louse","floor":4,"turns":4},{"damage":14,"enemies":"Gremlin Nob","floor":6,"turns":4},{"damage":42,"enemies":"Gremlin Nob","floor":7,"turns":5},{"damage":25,"enemies":"3 Sentries","floor":8,"turns":6},{"damage":14,"enemies":"The Mushroom Lair","floor":10,"turns":3},{"damage":10,"enemies":"Exordium Wildlife","floor":11,"turns":3},{"damage":8,"enemies":"Looter","floor":13,"turns":3},{"damage":15,"enemies":"Gremlin Nob","floor":14,"turns":5},{"damage":48,"enemies":"Hexaghost","floor":16,"turns":8},{"damage":7,"enemies":"Chosen","floor":18,"turns":4},{"damage":67,"enemies":"Masked Bandits","floor":20,"turns":6},{"damage":21,"enemies":"2 Thieves","floor":21,"turns":2}],"seed_played":"4739032193847313367","potions_obtained":[{"floor":1,"key":"DistilledChaos"},{"floor":6,"key":"BloodPotion"},{"floor":7,"key":"SkillPotion"},{"floor":8,"key":"SpeedPotion"},{"floor":14,"key":"Dexterity Potion"}],"is_trial":false,"path_per_floor":["M","M","M","M","$","E","?","E","T","?","M","$","M","E","R","B",null,"M","?","?","M"],"character_chosen":"IRONCLAD","items_purchased":["HandDrill","Inflame","PowerPotion"],"campfire_rested":1,"item_purchase_floors":[5,12,12],"current_hp_per_floor":[88,88,87,86,86,78,42,26,26,21,17,35,33,31,61,19,81,80,80,19,0,0],"gold":201,"neow_bonus":"TEN_PERCENT_HP_BONUS","is_daily":false,"chose_seed":false,"campfire_upgraded":0,"win_rate":0.0,"timestamp":1614448937,"path_taken":["M","M","M","M","?","E","?","E","T","?","M","$","M","E","R","BOSS","M","?","?","M"],"items_purchased_type":["Relic","Card","Potion"],"build_version":"2020-12-22","purchased_purges":1,"victory":false,"max_hp_per_floor":[88,88,88,88,88,88,88,91,91,94,94,94,94,101,101,101,101,101,101,101,101,101],"card_choices":[{"not_picked":["Burning Pact","Cleave"],"picked":"Armaments","floor":1},{"not_picked":["Evolve","Body Slam"],"picked":"Blood for Blood","floor":2},{"not_picked":["Shockwave","Rage"],"picked":"Fire Breathing","floor":3},{"not_picked":["Headbutt","Body Slam"],"picked":"Clothesline","floor":4},{"not_picked":["Carnage","Shockwave"],"picked":"Feed","floor":6},{"not_picked":["Cleave","Feel No Pain"],"picked":"Second Wind","floor":7},{"not_picked":["Hemokinesis","Thunderclap"],"picked":"Seeing Red","floor":8},{"not_picked":["Infernal Blade","Twin Strike"],"picked":"Iron Wave","floor":10},{"not_picked":["Iron Wave","Seeing Red"],"picked":"Flame Barrier","floor":11},{"not_picked":["Headbutt","Heavy Blade"],"picked":"Feel No Pain","floor":13},{"not_picked":["Twin Strike","Combust"],"picked":"Wild Strike","floor":14},{"not_picked":["Brutality","Impervious"],"picked":"Feed","floor":16},{"not_picked":["True Grit","Warcry"],"picked":"Dual Wield","floor":18},{"not_picked":["Clash","Warcry"],"picked":"Intimidate","floor":20}],"player_experience":299997,"relics_obtained":[{"floor":6,"key":"StrikeDummy"},{"floor":7,"key":"Champion Belt"},{"floor":8,"key":"Bronze Scales"},{"floor":9,"key":"Mercury Hourglass"},{"floor":10,"key":"Odd Mushroom"},{"floor":14,"key":"Strawberry"},{"floor":20,"key":"Red Mask"}],"event_choices":[{"damage_healed":0,"gold_gain":0,"player_choice":"Searched \u00271\u0027 times","damage_taken":0,"max_hp_gain":0,"max_hp_loss":0,"event_name":"Dead Adventurer","floor":7,"gold_loss":0},{"damage_healed":0,"gold_gain":0,"player_choice":"Fought Mushrooms","damage_taken":0,"max_hp_gain":0,"max_hp_loss":0,"event_name":"Mushrooms","floor":10,"gold_loss":0},{"damage_healed":0,"gold_gain":0,"player_choice":"Opened","damage_taken":0,"relics_obtained":["Runesmith:AutoHammer"],"max_hp_gain":0,"max_hp_loss":0,"event_name":"The Mausoleum","floor":19,"gold_loss":0},{"damage_healed":0,"gold_gain":0,"player_choice":"Fought Bandits","damage_taken":0,"max_hp_gain":0,"max_hp_loss":0,"event_name":"Masked Bandits","floor":20,"gold_loss":0}],"is_beta":false,"boss_relics":[{"not_picked":["SacredBark","Mark of Pain"],"picked":"SlaversCollar"}],"items_purged_floors":[12],"is_endless":false,"potions_floor_spawned":[1,6,7,8,10,14],"killed_by":"2 Thieves","ascension_level":5}}