{"host":"9l1knhxfturzliqa","time":1614421982,"event":{"mods":["AchievementEnabler","BaseMod","Colored Map","Colored Powertips","DeckTracker","Highlight Path","Keyboard Shortcuts","Minty Spire (QoL Compilation)","Random Character Button"],"gold_per_floor":[115,128,53,53,203,228,238,248,301,40,60,75,92,120,120,197,197,212,212,223,223,242,242,242],"floor_reached":23,"language":"KOR","playtime":7796,"items_purged":["Strike_B","Doubt"],"score":437,"play_id":"8ddb0d2b-05dc-441e-bee9-43c28f6932ed","local_time":"20210227193302","is_ascension_mode":true,"campfire_choices":[{"data":"Zap","floor":15.0,"key":"SMITH"}],"circlet_count":0,"master_deck":["AscendersBane","Strike_B","Strike_B","Defend_B","Defend_B","Zap+1","Dualcast","Ball Lightning","Hologram","Chill","Defragment","Capacitor","Conserve Battery","Reboot","Streamline+1","Echo Form+1","Conserve Battery+1","Lockon"],"relics":["Cracked Core","NeowsBlessing","Bottled Flame","Dream Catcher","DataDisk","Astrolabe"],"acts_visited":["Exordium","TheCity"],"potions_floor_usage":[],"damage_taken":[{"damage":0.0,"enemies":"Small Slimes","floor":1.0,"turns":1.0},{"damage":0.0,"enemies":"2 Louse","floor":2.0,"turns":1.0},{"damage":0.0,"enemies":"Gremlin Nob","floor":6.0,"turns":1.0},{"damage":7.0,"enemies":"Jaw Worm","floor":7.0,"turns":3.0},{"damage":4.0,"enemies":"Large Slime","floor":8.0,"turns":4.0},{"damage":0.0,"enemies":"Gremlin Gang","floor":11.0,"turns":4.0},{"damage":0.0,"enemies":"3 Louse","floor":12.0,"turns":3.0},{"damage":15.0,"enemies":"Blue Slaver","floor":13.0,"turns":3.0},{"damage":7.0,"enemies":"Lagavulin","floor":14.0,"turns":7.0},{"damage":3.0,"enemies":"The Guardian","floor":16.0,"turns":10.0},{"damage":5.0,"enemies":"Shell Parasite","floor":18.0,"turns":5.0},{"damage":0.0,"enemies":"Chosen","floor":20.0,"turns":3.0},{"damage":25.0,"enemies":"Snake Plant","floor":22.0,"turns":4.0},{"damage":12,"enemies":"Book of Stabbing","floor":23,"turns":3}],"seed_played":"-2289445044575398849","potions_obtained":[{"floor":2.0,"key":"FearPotion"},{"floor":7.0,"key":"SteroidPotion"},{"floor":11.0,"key":"BlessingOfTheForge"},{"floor":14.0,"key":"Dexterity Potion"}],"is_trial":false,"path_per_floor":["M","M","$","?","?","E","M","M","T","$","M","M","M","E","R","B",null,"M","?","M","?","M","E"],"character_chosen":"DEFECT","items_purchased":["Chill","Defragment"],"campfire_rested":0,"item_purchase_floors":[10,10],"current_hp_per_floor":[64,64,64,57,57,57,50,46,46,46,46,46,31,24,24,21,59,54,34,34,34,9,0,0],"gold":242,"neow_bonus":"THREE_ENEMY_KILL","is_daily":false,"chose_seed":false,"campfire_upgraded":1,"win_rate":0.0,"timestamp":1614421982,"path_taken":["M","M","$","?","?","E","M","M","T","$","M","M","M","E","R","BOSS","M","?","M","?","M","E"],"items_purchased_type":["Card","Card"],"build_version":"2020-12-22","purchased_purges":2,"victory":false,"max_hp_per_floor":[71,71,71,71,71,71,71,71,71,71,71,71,71,71,71,71,71,71,76,76,76,76,76,76],"card_choices":[{"not_picked":["Compile Driver","Sweeping Beam"],"picked":"Go for the Eyes","floor":1.0},{"not_picked":["Gash","Cold Snap"],"picked":"Ball Lightning","floor":2.0},{"not_picked":["Static Discharge","Meteor Strike","Cold Snap"],"picked":"SKIP","floor":6.0},{"not_picked":["Force Field","Steam"],"picked":"Hologram","floor":7.0},{"not_picked":["Blizzard","Stack","Streamline"],"picked":"SKIP","floor":8.0},{"not_picked":["Coolheaded","Leap"],"picked":"Capacitor","floor":11.0},{"not_picked":["Hologram","Stack"],"picked":"Static Discharge","floor":12.0},{"not_picked":["Barrage","Sweeping Beam"],"picked":"Conserve Battery","floor":13.0},{"not_picked":["All For One","Rebound","Fusion"],"picked":"SKIP","floor":14.0},{"not_picked":["All For One","Creative AI"],"picked":"Reboot","floor":16.0},{"not_picked":["Streamline","Genetic Algorithm","Coolheaded"],"picked":"SKIP","floor":18.0},{"not_picked":["Redo","Rebound"],"picked":"Lockon","floor":20.0},{"not_picked":["Rebound+1","Conserve Battery","Redo"],"picked":"SKIP","floor":22.0}],"player_experience":754016,"relics_obtained":[{"floor":6.0,"key":"Bottled Flame"},{"floor":9.0,"key":"Dream Catcher"},{"floor":14.0,"key":"DataDisk"}],"event_choices":[{"cards_removed":["Defend_B"],"damage_healed":0.0,"max_hp_gain":0.0,"max_hp_loss":0.0,"gold_gain":0.0,"event_name":"Golden Wing","player_choice":"Card Removal","floor":4.0,"gold_loss":0.0,"damage_taken":7.0},{"damage_healed":0.0,"max_hp_gain":0.0,"max_hp_loss":0.0,"gold_gain":150.0,"event_name":"Liars Game","player_choice":"AGREE","floor":5.0,"gold_loss":0.0,"damage_taken":0.0,"cards_obtained":["Doubt"]},{"damage_healed":0.0,"max_hp_gain":5.0,"max_hp_loss":0.0,"gold_gain":0.0,"event_name":"Forgotten Altar","player_choice":"Shed Blood","floor":19.0,"gold_loss":0.0,"damage_taken":25.0},{"cards_removed":["Defend_B"],"damage_healed":0.0,"max_hp_gain":0.0,"max_hp_loss":0.0,"gold_gain":0.0,"event_name":"Back to Basics","player_choice":"Elegance","floor":21.0,"gold_loss":0.0,"damage_taken":0.0}],"is_beta":false,"boss_relics":[{"not_picked":["Fusion Hammer","Pandora\u0027s Box"],"picked":"Astrolabe"}],"items_purged_floors":[3,10],"is_endless":false,"potions_floor_spawned":[2,7,11,14,16],"killed_by":"Book of Stabbing","ascension_level":18}}