{"host":"x665ekuy0qorxtwt","time":1614422730,"event":{"mods":["AchievementEnabler","BaseMod","Bestiary","Colored Map","Colored Powertips","Minty Spire (QoL Compilation)"],"gold_per_floor":[111,122,141,161,172,147,147,147,225,225,50,83,83,33,33,136,186,204,216,226,72,72,103,28,39,39,50,66,80,80,80,80,178,178,195,212,262,309,161,161,193,204,253,253,268,193,204,238,238,238,238],"floor_reached":50,"language":"ENG","playtime":3743,"items_purged":["Strike_B"],"score":549,"play_id":"0a3beb57-66c2-4ade-8c3c-c3cab4764aca","local_time":"20210227024530","is_ascension_mode":false,"campfire_choices":[{"data":"Hello World","floor":7,"key":"SMITH"},{"floor":10,"key":"DIG"},{"data":"Auto Shields","floor":13,"key":"SMITH"},{"data":"Loop","floor":15,"key":"SMITH"},{"floor":30,"key":"REST"},{"floor":32,"key":"REST"},{"floor":40,"key":"REST"},{"data":"All For One","floor":44,"key":"SMITH"},{"floor":49,"key":"REST"}],"circlet_count":0,"master_deck":["Strike_B","Strike_B","Defend_B","Defend_B","Defend_B","Defend_B","Zap+1","Dualcast","CurseOfTheBell","Hello World+1","Loop+1","Cold Snap","Ball Lightning","Master of Strategy","Auto Shields+1","Electrodynamics+1","Sweeping Beam","Storm+1","Capacitor+1","Sunder","Defragment+1","Self Repair+1","Creative AI+1","FTL+1","All For One+1","Buffer+1","Thunder Strike","Force Field","Electrodynamics+1"],"relics":["Calling Bell","Strawberry","Gremlin Horn","Unceasing Top","Shovel","Frozen Egg 2","Bag of Marbles","Incense Burner","Tiny House","Nloth\u0027s Gift","Lizard Tail","Mango","Runic Pyramid","Thread and Needle","Torii","Lantern","Bird Faced Urn","Akabeko","TungstenRod"],"acts_visited":["Exordium","TheCity","TheBeyond"],"potions_floor_usage":[12,16,27,27,29,38,38,41,50,50,50],"damage_taken":[{"damage":6,"enemies":"Jaw Worm","floor":1,"turns":4},{"damage":8,"enemies":"2 Louse","floor":2,"turns":5},{"damage":3,"enemies":"Cultist","floor":3,"turns":5},{"damage":9,"enemies":"2 Fungi Beasts","floor":4,"turns":4},{"damage":6,"enemies":"Large Slime","floor":5,"turns":4},{"damage":25,"enemies":"3 Sentries","floor":12,"turns":7},{"damage":25,"enemies":"The Guardian","floor":16,"turns":10},{"damage":11,"enemies":"Shell Parasite","floor":18,"turns":6},{"damage":5,"enemies":"3 Byrds","floor":19,"turns":3},{"damage":7,"enemies":"Cultist and Chosen","floor":20,"turns":5},{"damage":36,"enemies":"Book of Stabbing","floor":23,"turns":7},{"damage":18,"enemies":"Snecko","floor":25,"turns":5},{"damage":10,"enemies":"Centurion and Healer","floor":27,"turns":5},{"damage":2,"enemies":"Chosen and Byrds","floor":28,"turns":4},{"damage":31,"enemies":"Snake Plant","floor":29,"turns":5},{"damage":29,"enemies":"Colosseum Slavers","floor":31,"turns":3},{"damage":57,"enemies":"Collector","floor":33,"turns":8},{"damage":18,"enemies":"3 Shapes","floor":35,"turns":3},{"damage":10,"enemies":"Orb Walker","floor":36,"turns":3},{"damage":9,"enemies":"Mind Bloom Boss Battle","floor":37,"turns":8},{"damage":35,"enemies":"2 Orb Walkers","floor":38,"turns":4},{"damage":15,"enemies":"Reptomancer","floor":41,"turns":5},{"damage":34,"enemies":"Spire Growth","floor":42,"turns":5},{"damage":0,"enemies":"3 Darklings","floor":45,"turns":3},{"damage":11,"enemies":"4 Shapes","floor":47,"turns":2},{"damage":31,"enemies":"Nemesis","floor":48,"turns":7},{"damage":113,"enemies":"Awakened One","floor":50,"turns":11}],"seed_played":"-680546915430561315","potions_obtained":[{"floor":1,"key":"Regen Potion"},{"floor":12,"key":"Block Potion"},{"floor":17,"key":"SteroidPotion"},{"floor":20,"key":"GamblersBrew"},{"floor":25,"key":"Energy Potion"},{"floor":27,"key":"Dexterity Potion"},{"floor":33,"key":"DuplicationPotion"},{"floor":38,"key":"Fire Potion"},{"floor":41,"key":"GamblersBrew"},{"floor":45,"key":"GamblersBrew"},{"floor":48,"key":"FearPotion"}],"is_trial":false,"path_per_floor":["M","M","M","M","M","$","R","?","T","R","$","E","R","?","R","B",null,"M","M","M","$","?","E","$","M","T","M","M","M","R","?","R","B",null,"M","M","?","?","$","R","E","M","T","R","M","$","M","E","R","B"],"character_chosen":"DEFECT","items_purchased":["Ball Lightning","Master of Strategy","Oddly Smooth Stone","Defragment+1","Lantern"],"campfire_rested":4,"item_purchase_floors":[6,11,21,24,39],"current_hp_per_floor":[76,68,65,56,50,50,50,38,38,38,38,28,28,28,28,3,87,76,71,64,64,64,28,28,10,24,24,32,11,41,12,42,48,101,93,83,74,39,39,69,64,52,52,52,62,62,59,60,90,0,0],"gold":238,"neow_bonus":"BOSS_RELIC","is_daily":false,"chose_seed":false,"campfire_upgraded":4,"win_rate":0.0,"timestamp":1614422730,"path_taken":["M","M","M","M","M","$","R","?","T","R","$","E","R","?","R","BOSS","M","M","M","$","?","E","?","M","T","M","M","M","R","?","R","BOSS","M","M","?","?","$","R","E","M","T","R","M","$","M","E","R","BOSS"],"items_purchased_type":["Card","Card","Relic","Card","Relic"],"build_version":"2020-12-22","purchased_purges":1,"victory":false,"max_hp_per_floor":[82,82,82,82,82,82,82,82,82,82,82,82,82,82,82,82,87,87,87,87,87,87,87,87,87,101,101,101,101,101,101,101,101,101,101,101,101,101,101,101,101,101,101,101,101,101,101,101,101,101,101],"card_choices":[{"not_picked":["Hologram","Redo","Blizzard"],"picked":"SKIP","floor":1},{"not_picked":["Beam Cell","Reprogram"],"picked":"Hello World","floor":2},{"not_picked":["Undo","Turbo","Blizzard"],"picked":"SKIP","floor":3},{"not_picked":["Compile Driver","Hologram"],"picked":"Loop","floor":4},{"not_picked":["Rebound","Redo"],"picked":"Cold Snap","floor":5},{"not_picked":["Storm+1","Chaos"],"picked":"Auto Shields","floor":12},{"not_picked":["Seek","Amplify"],"picked":"Electrodynamics+1","floor":16},{"not_picked":["Leap","Beam Cell"],"picked":"Sweeping Beam","floor":17},{"not_picked":["Gash","Glacier+1"],"picked":"Storm+1","floor":18},{"not_picked":["Barrage","Chill","Streamline"],"picked":"SKIP","floor":19},{"not_picked":["Ball Lightning","Hologram"],"picked":"Capacitor+1","floor":20},{"not_picked":["Fission","Doom and Gloom"],"picked":"Sunder","floor":23},{"not_picked":["Conserve Battery","Turbo"],"picked":"Self Repair+1","floor":25},{"not_picked":["Go for the Eyes","Consume","Echo Form+1"],"picked":"SKIP","floor":27},{"not_picked":["Machine Learning+1","Heatsinks+1"],"picked":"Creative AI+1","floor":28},{"not_picked":["Heatsinks+1","Hologram"],"picked":"FTL+1","floor":29},{"not_picked":["Meteor Strike","Multi-Cast"],"picked":"All For One","floor":33},{"not_picked":["Multi-Cast","Turbo","Compile Driver"],"picked":"SKIP","floor":35},{"not_picked":["Storm+1","Meteor Strike","Stack+1"],"picked":"SKIP","floor":36},{"not_picked":["Electrodynamics+1","Seek"],"picked":"Buffer+1","floor":41},{"not_picked":["Leap","Stack+1","Skim"],"picked":"SKIP","floor":42},{"not_picked":["Cold Snap+1","Glacier"],"picked":"Thunder Strike","floor":45},{"not_picked":["Streamline+1","Cold Snap"],"picked":"Force Field","floor":47},{"not_picked":["Echo Form+1","Amplify"],"picked":"Electrodynamics+1","floor":48}],"player_experience":234192,"relics_obtained":[{"floor":0,"key":"Strawberry"},{"floor":0,"key":"Gremlin Horn"},{"floor":0,"key":"Unceasing Top"},{"floor":9,"key":"Frozen Egg 2"},{"floor":10,"key":"Bag of Marbles"},{"floor":12,"key":"Incense Burner"},{"floor":23,"key":"Lizard Tail"},{"floor":26,"key":"Mango"},{"floor":37,"key":"Thread and Needle"},{"floor":38,"key":"Torii"},{"floor":41,"key":"Bird Faced Urn"},{"floor":43,"key":"Akabeko"},{"floor":48,"key":"TungstenRod"}],"event_choices":[{"damage_healed":0,"gold_gain":0,"player_choice":"Success","damage_taken":12,"relics_obtained":["Shovel"],"max_hp_gain":0,"max_hp_loss":0,"event_name":"Scrap Ooze","floor":8,"gold_loss":0},{"cards_removed":["Strike_B"],"damage_healed":0,"gold_gain":0,"player_choice":"Card Removal","damage_taken":0,"max_hp_gain":0,"max_hp_loss":0,"event_name":"The Cleric","floor":14,"gold_loss":50},{"damage_healed":0,"gold_gain":0,"player_choice":"Traded Relic","damage_taken":0,"relics_obtained":["Nloth\u0027s Gift"],"max_hp_gain":0,"max_hp_loss":0,"event_name":"N\u0027loth","floor":22,"relics_lost":["Oddly Smooth Stone"],"gold_loss":0},{"damage_healed":0,"gold_gain":0,"player_choice":"Fight","damage_taken":0,"max_hp_gain":0,"max_hp_loss":0,"event_name":"Colosseum","floor":31,"gold_loss":0},{"damage_healed":0,"gold_gain":0,"player_choice":"Fled From Nobs","damage_taken":0,"max_hp_gain":0,"max_hp_loss":0,"event_name":"Colosseum","floor":31,"gold_loss":0},{"damage_healed":0,"gold_gain":0,"player_choice":"Fight","damage_taken":0,"max_hp_gain":0,"max_hp_loss":0,"event_name":"MindBloom","floor":37,"gold_loss":0},{"damage_healed":0,"gold_gain":0,"player_choice":"Fight","damage_taken":0,"max_hp_gain":0,"max_hp_loss":0,"event_name":"Mysterious Sphere","floor":38,"gold_loss":0}],"is_beta":false,"boss_relics":[{"not_picked":["Ectoplasm","Velvet Choker"],"picked":"Tiny House"},{"not_picked":["Busted Crown","Fusion Hammer"],"picked":"Runic Pyramid"}],"items_purged_floors":[46],"is_endless":false,"potions_floor_spawned":[1,12,20,25,27,33,38,41,45,48],"killed_by":"Awakened One","ascension_level":0}}