{"host":"36t3qd3wjvajtu1z","time":1614390010,"event":{"mods":["2.2 Compatiblity","AchievementEnabler","BaseMod","Bestiary","Block Reminder","Colored Powertips","Curses Come First","Filter the Spire","Highlight Path","Minty Spire (QoL Compilation)","Permanent Neow","Quick Restart","Random Character Button","Rare Cards Sparkle","Relic Stats","Slay-I","StSLib","Unknown Chances"],"gold_per_floor":[119,39,51,65,65,99,109,122,122,137,149,149,149,192,192,287,287,310,323,323,323,9,9,9],"floor_reached":23,"language":"ENG","playtime":1335,"items_purged":[],"score":411,"play_id":"2d676260-1019-4a82-8e6b-2513cd58f71e","local_time":"20210226174010","is_ascension_mode":true,"campfire_choices":[{"floor":12,"key":"REST"},{"data":"Go for the Eyes","floor":15,"key":"SMITH"}],"circlet_count":0,"master_deck":["AscendersBane","Defend_B","Defend_B+1","Defend_B+1","Defend_B","Zap","Dualcast","Compile Driver","Sweeping Beam","Cold Snap","Capacitor","Ball Lightning","Go for the Eyes+1","Steam+1","Core Surge","Coolheaded+1","Self Repair","Bite","Bite","Bite","Bite","Bite","FTL","Good Instincts+1"],"relics":["Cracked Core","War Paint","Gremlin Horn","White Beast Statue","Bloody Idol","Toxic Egg 2","SacredBark","Strawberry"],"acts_visited":["Exordium","TheCity"],"potions_floor_usage":[10,14,16,16,19,23],"damage_taken":[{"damage":0.0,"enemies":"Cultist","floor":1.0,"turns":4.0},{"damage":6.0,"enemies":"Jaw Worm","floor":3.0,"turns":4.0},{"damage":13.0,"enemies":"Small Slimes","floor":4.0,"turns":4.0},{"damage":9.0,"enemies":"3 Sentries","floor":6.0,"turns":8.0},{"damage":1.0,"enemies":"Looter","floor":7.0,"turns":3.0},{"damage":1.0,"enemies":"3 Louse","floor":8.0,"turns":3.0},{"damage":4,"enemies":"Exordium Wildlife","floor":10,"turns":3},{"damage":2,"enemies":"Exordium Thugs","floor":11,"turns":4},{"damage":6,"enemies":"Gremlin Nob","floor":14,"turns":3},{"damage":14,"enemies":"Hexaghost","floor":16,"turns":9},{"damage":9,"enemies":"Spheric Guardian","floor":18,"turns":6},{"damage":20,"enemies":"2 Thieves","floor":19,"turns":5},{"damage":45,"enemies":"Slavers","floor":23,"turns":5}],"seed_played":"-3498457203473554403","potions_obtained":[{"floor":3.0,"key":"EssenceOfSteel"},{"floor":6.0,"key":"EssenceOfSteel"},{"floor":7.0,"key":"CultistPotion"},{"floor":10,"key":"DistilledChaos"},{"floor":14,"key":"LiquidMemories"},{"floor":16,"key":"Ancient Potion"},{"floor":18,"key":"EssenceOfSteel"},{"floor":19,"key":"Strength Potion"}],"is_trial":false,"path_per_floor":["M","$","M","M","?","E","M","M","T","M","M","R","?","E","R","B",null,"M","M","?","?","$","E"],"character_chosen":"DEFECT","items_purchased":["FearPotion","Sweeping Beam","Strawberry","FTL","Good Instincts+1"],"campfire_rested":1,"item_purchase_floors":[2,2,22,22,22],"current_hp_per_floor":[64,64,58,45,45,36,35,34,34,30,28,49,49,43,43,29,55,46,26,26,26,33,0,0],"gold":9,"neow_bonus":"RANDOM_COMMON_RELIC","is_daily":false,"chose_seed":false,"campfire_upgraded":1,"win_rate":0.0,"timestamp":1614390010,"path_taken":["M","?","M","?","?","E","M","M","T","M","M","R","?","E","R","BOSS","M","M","?","?","$","E"],"items_purchased_type":["Potion","Card","Relic","Card","Card"],"build_version":"2020-12-22","purchased_purges":0,"victory":false,"max_hp_per_floor":[71,71,71,71,71,71,71,71,71,71,71,71,64,64,64,64,64,64,64,64,44,51,51,51],"relic_stats":{"Gremlin Horn":[6,6],"counters":[13,61],"Bloody Idol":0,"War Paint":["Defend_B","Defend_B"],"obtain_stats":[{"Gremlin Horn":6,"Golden Idol":13,"SacredBark":17,"Bloody Idol":20,"Strawberry":22,"War Paint":0,"Toxic Egg 2":14,"Cracked Core":0,"White Beast Statue":9},{"Gremlin Horn":4,"Golden Idol":8,"SacredBark":10,"Bloody Idol":12,"Strawberry":12,"War Paint":0,"Toxic Egg 2":9,"Cracked Core":0,"White Beast Statue":6},{"Gremlin Horn":20,"Golden Idol":33,"SacredBark":45,"Bloody Idol":56,"Strawberry":56,"War Paint":0,"Toxic Egg 2":36,"Cracked Core":0,"White Beast Statue":26}]},"card_choices":[{"not_picked":["Conserve Battery","Capacitor"],"picked":"Compile Driver","floor":1.0},{"not_picked":["Steam","Darkness","Stack"],"picked":"SKIP","floor":3.0},{"not_picked":["Redo","Rebound"],"picked":"Cold Snap","floor":4.0},{"not_picked":["Hologram","Heatsinks","Turbo"],"picked":"SKIP","floor":6.0},{"not_picked":["Barrage","Rainbow"],"picked":"Capacitor","floor":7.0},{"not_picked":["Reinforced Body","Recycle"],"picked":"Ball Lightning","floor":8.0},{"not_picked":["Steam","BootSequence"],"picked":"Go for the Eyes","floor":10},{"not_picked":["Chill","Storm","Compile Driver"],"picked":"SKIP","floor":11},{"not_picked":["Loop","Redo+1"],"picked":"Steam+1","floor":14},{"not_picked":["Reboot+1","Buffer"],"picked":"Core Surge","floor":16},{"not_picked":["Barrage","Skim+1"],"picked":"Coolheaded+1","floor":18},{"not_picked":["Redo+1","Scrape"],"picked":"Self Repair","floor":19}],"player_experience":635443,"relics_obtained":[{"floor":6.0,"key":"Gremlin Horn"},{"floor":9.0,"key":"White Beast Statue"},{"floor":14,"key":"Toxic Egg 2"}],"event_choices":[{"damage_healed":0.0,"max_hp_gain":0.0,"max_hp_loss":0.0,"gold_gain":0.0,"event_name":"Liars Game","player_choice":"Ignored","floor":5.0,"gold_loss":0.0,"damage_taken":0.0},{"damage_healed":0,"gold_gain":0,"player_choice":"Lose Max HP","damage_taken":0,"relics_obtained":["Golden Idol"],"max_hp_gain":0,"max_hp_loss":7,"event_name":"Golden Idol","floor":13,"gold_loss":0},{"damage_healed":0,"gold_gain":0,"player_choice":"Gave Idol","damage_taken":0,"relics_obtained":["Bloody Idol"],"max_hp_gain":0,"max_hp_loss":0,"event_name":"Forgotten Altar","floor":20,"relics_lost":["Golden Idol"],"gold_loss":0},{"damage_healed":0,"gold_gain":0,"player_choice":"Became a vampire","damage_taken":0,"max_hp_gain":0,"max_hp_loss":20,"event_name":"Vampires","floor":21,"gold_loss":0,"cards_obtained":["Bite","Bite","Bite","Bite","Bite"]}],"is_beta":false,"boss_relics":[{"not_picked":["Velvet Choker","Sozu"],"picked":"SacredBark"}],"items_purged_floors":[],"is_endless":false,"potions_floor_spawned":[3,6,7,10,11,14,16,18,19],"killed_by":"Slavers","ascension_level":18}}