{"host":"jsd6g3c2vo13e69c","time":1614418673,"event":{"mods":["2.2 Compatiblity","Act Like it!","BaseMod","Better Altar","Better Match","Better Note","Better Sensory Stone","Better Third Choice","BetterRewards","Colored Map","Colored Powertips","Downfall","Friendly Minions","GifTheSpireLib","Googly Eyes","Gremlin Mod","Hermit","Hubris","Infinite Spire","Melee Mod","Minty Spire (QoL Compilation)","Permanent Neow","Quick Restart","Random Character Button","Replay The Spire","Shop Mod","Spire Arcade","StSLib","The Cursed","The Disciple","The Forsaken","thorton"],"gold_per_floor":[0,12,22,38,53,66,91,91,91,91,91,191,203,43,58,58,58,58],"floor_reached":16,"language":"ENG","playtime":641,"items_purged":["hexamod:Strike"],"score":119,"play_id":"56cf537e-bde3-48c7-b5ca-3b13dfd7daa5","local_time":"20210227043753","is_ascension_mode":false,"campfire_choices":[{"data":"hexamod:Float","floor":1,"key":"SMITH"},{"data":"hexamod:SoulSteal","floor":8,"key":"SMITH"}],"circlet_count":0,"master_deck":["hexamod:Strike","hexamod:Strike","hexamod:Strike","hexamod:Defend","hexamod:Defend","hexamod:Defend","hexamod:Sear","hexamod:Float+1","hexamod:SoulSteal+1","hexamod:BurningTouch","hexamod:ThirdSeal","hexamod:GhostflameBarrier","hexamod:PhantomFireball","hexamod:FlameSwitch+1","infinitespire:DeathsTouch","hexamod:ExtraCrispy","hexamod:ExtraCrispy","hexamod:BurningTouch","hexamod:SoulSteal","hexamod:SoulSteal","hexamod:BurningTouch"],"relics":["hexamod:SpiritBrand","downfall:ShatteredFragment","downfall:CloakOfManyFaces","CultistMask","FaceOfCleric","NlothsMask","GremlinMask","SsserpentHead"],"acts_visited":["Exordium"],"potions_floor_usage":[6,14,15,16],"damage_taken":[{"damage":4,"enemies":"2 Louse","floor":2,"turns":2},{"damage":0,"enemies":"Small Slimes","floor":3,"turns":3},{"damage":0,"enemies":"Cultist","floor":4,"turns":3},{"damage":3,"enemies":"3 Louse","floor":5,"turns":3},{"damage":15,"enemies":"Gremlin Gang","floor":6,"turns":4},{"damage":5,"enemies":"downfall:FaceTrader","floor":12,"turns":6},{"damage":0,"enemies":"Blue Slaver","floor":13,"turns":3},{"damage":0,"enemies":"downfall:FleeingMerchant","floor":14,"turns":4},{"damage":5,"enemies":"downfall:LooterAlt","floor":15,"turns":3},{"damage":18,"enemies":"IC_STATUS_ARCHETYPE","floor":16,"turns":2}],"seed_played":"-1467849102392706152","potions_obtained":[{"floor":3,"key":"LifebloodPotion"},{"floor":4,"key":"Energy Potion"},{"floor":12,"key":"AttackPotion"},{"floor":15,"key":"Reflective Coating"}],"is_trial":false,"path_per_floor":["R","M","M","M","M","M","T","R","?","?","?","?","M","$","M","B"],"character_chosen":"THE_SPIRIT","items_purchased":["hexamod:SoulSteal"],"campfire_rested":0,"item_purchase_floors":[14],"current_hp_per_floor":[84,80,80,80,77,62,62,62,62,41,20,15,16,17,13,0,0,0],"gold":58,"neow_bonus":"TWENTY_PERCENT_HP_BONUS","is_daily":false,"chose_seed":false,"campfire_upgraded":2,"win_rate":0.0,"timestamp":1614418673,"path_taken":["R","M","M","M","M","M","T","R","?","?","?","?","M","$","M","BOSS"],"items_purchased_type":["Card"],"build_version":"2020-12-22","purchased_purges":1,"victory":false,"max_hp_per_floor":[84,84,84,84,84,84,84,84,84,84,84,84,85,86,87,87,87,87],"card_choices":[{"not_picked":["hexamod:NightmareGuise","hexamod:GhostLash","hexamod:SuperheatedStrike"],"picked":"SKIP","floor":2},{"not_picked":["hexamod:SuperheatedStrike","hexamod:ExtraCrispy"],"picked":"hexamod:SoulSteal","floor":3},{"not_picked":["hexamod:InspiringFlames","hexamod:Firestarter"],"picked":"hexamod:BurningTouch","floor":4},{"not_picked":["hexamod:GhostLash","hexamod:SpectralAdrenaline"],"picked":"hexamod:ThirdSeal","floor":5},{"not_picked":["hexamod:GhostShield","hexamod:InspiringFlames"],"picked":"hexamod:GhostflameBarrier","floor":6},{"not_picked":["hexamod:FastForward","hexamod:CatchUp"],"picked":"hexamod:PhantomFireball","floor":6},{"not_picked":["ReplayTheSpireMod:Echoes of Time","infinitespire:Fortify"],"picked":"infinitespire:DeathsTouch","floor":10},{"not_picked":["hexamod:ShieldOfDarkness","hexamod:FastForward"],"picked":"hexamod:ExtraCrispy","floor":13},{"not_picked":["hexamod:Incineration","hexamod:GhostShield"],"picked":"hexamod:ExtraCrispy","floor":13},{"not_picked":["hexamod:Incineration","hexamod:ExtraCrispy"],"picked":"hexamod:BurningTouch","floor":14},{"not_picked":["hexamod:NecessarySacrifice","hexamod:RainOfEmbers"],"picked":"hexamod:SoulSteal","floor":14},{"not_picked":["hexamod:SwordOfDarkness","hexamod:NecessarySacrifice"],"picked":"hexamod:BurningTouch","floor":15}],"player_experience":519533,"relics_obtained":[{"floor":12,"key":"downfall:CloakOfManyFaces"}],"event_choices":[],"is_beta":false,"boss_relics":[],"items_purged_floors":[14],"is_endless":false,"potions_floor_spawned":[3,4,12,15],"killed_by":"IC_STATUS_ARCHETYPE","ascension_level":0}}