{"host":"d9m9v0h6vo0edadb","time":1614403355,"event":{"mods":["BaseMod","Hermit","Keyboard Shortcuts","Minty Spire (QoL Compilation)","StSLib","SuperFastMode","The Cursed"],"gold_per_floor":[115,115,265,265,190,230,63,103,103,147,166,187,157,193,193,286,286,307,323,344,109,132,132,132,155,228,228,228,228],"floor_reached":28,"language":"KOR","playtime":467,"items_purged":["Strike_G"],"score":592,"play_id":"15904c49-26e4-4ac1-b39d-e27b2b2a6bd3","local_time":"20210227142235","is_ascension_mode":true,"campfire_choices":[{"data":"A Thousand Cuts","floor":15.0,"key":"SMITH"},{"floor":23,"key":"REST"}],"circlet_count":0,"master_deck":["AscendersBane","Strike_G","Strike_G","Defend_G","Defend_G","Defend_G","Defend_G+1","Defend_G","Survivor+1","Neutralize","All Out Attack","Masterful Stab","A Thousand Cuts+1","Backflip","PiercingWail","Poisoned Stab","Blade Dance","Prepared+1","Acrobatics","Grand Finale","Phantasmal Killer","Setup"],"relics":["Ring of the Snake","NeowsBlessing","Golden Idol","Strawberry","ClockworkSouvenir","Mummified Hand","Bag of Marbles","Toy Ornithopter","Art of War","HoveringKite","StrikeDummy"],"acts_visited":["Exordium","TheCity"],"potions_floor_usage":[22,25],"damage_taken":[{"damage":0.0,"enemies":"Small Slimes","floor":1.0,"turns":1.0},{"damage":0.0,"enemies":"3 Sentries","floor":6.0,"turns":1.0},{"damage":0.0,"enemies":"Gremlin Nob","floor":8.0,"turns":1.0},{"damage":7.0,"enemies":"3 Sentries","floor":10.0,"turns":9.0},{"damage":0.0,"enemies":"2 Louse","floor":11.0,"turns":2.0},{"damage":0.0,"enemies":"Cultist","floor":12.0,"turns":4.0},{"damage":14.0,"enemies":"Gremlin Nob","floor":14.0,"turns":4.0},{"damage":1.0,"enemies":"The Guardian","floor":16.0,"turns":13.0},{"damage":18.0,"enemies":"Spheric Guardian","floor":18.0,"turns":6.0},{"damage":0.0,"enemies":"3 Byrds","floor":19.0,"turns":4.0},{"damage":23.0,"enemies":"Shelled Parasite and Fungi","floor":20.0,"turns":4.0},{"damage":44,"enemies":"Centurion and Healer","floor":22,"turns":9},{"damage":19,"enemies":"Cultist and Chosen","floor":25,"turns":5},{"damage":17,"enemies":"Shelled Parasite and Fungi","floor":28,"turns":1}],"seed_played":"926978850959141525","potions_obtained":[{"floor":10.0,"key":"Regen Potion"},{"floor":11.0,"key":"SmokeBomb"},{"floor":13.0,"key":"EntropicBrew"},{"floor":16.0,"key":"Swift Potion"},{"floor":19.0,"key":"Regen Potion"},{"floor":22,"key":"ColorlessPotion"}],"is_trial":false,"path_per_floor":["M","?","?","?","?","E","$","E","T","E","M","M","?","E","R","B",null,"M","M","M","$","M","R","?","M","T","?","M"],"character_chosen":"THE_SILENT","items_purchased":["ClockworkSouvenir","Grand Finale"],"campfire_rested":1,"item_purchase_floors":[7,21],"current_hp_per_floor":[59,39,39,39,39,46,46,46,46,39,39,39,39,47,47,51,63,45,50,32,32,8,28,28,14,14,14,0,0],"gold":228,"neow_bonus":"THREE_ENEMY_KILL","is_daily":false,"chose_seed":false,"campfire_upgraded":1,"win_rate":0.0,"timestamp":1614403355,"path_taken":["M","?","?","?","?","E","$","E","T","E","M","M","?","E","R","BOSS","M","M","?","$","M","R","?","?","T","?","M"],"items_purchased_type":["Relic","Card"],"build_version":"2020-12-22","purchased_purges":1,"victory":false,"max_hp_per_floor":[66,66,66,60,60,67,67,67,67,67,67,67,67,67,67,67,67,67,67,67,67,67,67,67,67,67,67,67,67],"card_choices":[{"not_picked":["Flying Knee","Slice"],"picked":"All Out Attack","floor":1.0},{"not_picked":["Bane","Sucker Punch","Outmaneuver"],"picked":"SKIP","floor":6.0},{"not_picked":["A Thousand Cuts","Riddle With Holes"],"picked":"Masterful Stab","floor":8.0},{"not_picked":["Dash","Masterful Stab"],"picked":"A Thousand Cuts","floor":10.0},{"not_picked":["Sucker Punch","Outmaneuver"],"picked":"Backflip","floor":11.0},{"not_picked":["Eviscerate","Endless Agony"],"picked":"PiercingWail","floor":12.0},{"not_picked":["Grand Finale","Expertise"],"picked":"Poisoned Stab","floor":14.0},{"not_picked":["Sucker Punch","Setup"],"picked":"Blade Dance","floor":18.0},{"not_picked":["Deadly Poison","Dodge and Roll"],"picked":"Prepared","floor":19.0},{"not_picked":["Quick Slash+1","Dagger Spray"],"picked":"Acrobatics","floor":20.0},{"not_picked":["Blur","Phantasmal Killer","Underhanded Strike"],"picked":"SKIP","floor":22},{"not_picked":["PiercingWail","Prepared","Deflect"],"picked":"SKIP","floor":25}],"player_experience":1018729,"relics_obtained":[{"floor":6.0,"key":"Strawberry"},{"floor":8.0,"key":"Mummified Hand"},{"floor":9.0,"key":"Bag of Marbles"},{"floor":10.0,"key":"Toy Ornithopter"},{"floor":14.0,"key":"Art of War"},{"floor":26,"key":"StrikeDummy"}],"event_choices":[{"damage_healed":0.0,"max_hp_gain":0.0,"max_hp_loss":0.0,"gold_gain":0.0,"event_name":"Shining Light","player_choice":"Entered Light","floor":2.0,"gold_loss":0.0,"damage_taken":20.0,"cards_upgraded":["Defend_G","Survivor"]},{"damage_healed":0.0,"max_hp_gain":0.0,"max_hp_loss":0.0,"gold_gain":150.0,"event_name":"Liars Game","player_choice":"AGREE","floor":3.0,"gold_loss":0.0,"damage_taken":0.0,"cards_obtained":["Doubt"]},{"damage_healed":0.0,"max_hp_gain":0.0,"max_hp_loss":6.0,"gold_gain":0.0,"event_name":"Golden Idol","player_choice":"Lose Max HP","floor":4.0,"gold_loss":0.0,"damage_taken":0.0,"relics_obtained":["Golden Idol"]},{"cards_removed":["Doubt"],"damage_healed":0.0,"max_hp_gain":0.0,"max_hp_loss":0.0,"gold_gain":0.0,"event_name":"The Cleric","player_choice":"Card Removal","floor":5.0,"gold_loss":75.0,"damage_taken":0.0},{"damage_healed":0.0,"max_hp_gain":0.0,"max_hp_loss":0.0,"gold_gain":0.0,"event_name":"The Woman in Blue","player_choice":"Bought 2 Potions","floor":13.0,"gold_loss":0.0,"damage_taken":0.0},{"damage_healed":0,"gold_gain":0,"player_choice":"Forge","damage_taken":0,"max_hp_gain":0,"max_hp_loss":0,"event_name":"Accursed Blacksmith","floor":24,"gold_loss":0,"cards_upgraded":["Prepared"]},{"damage_healed":0,"gold_gain":0,"cards_transformed":["Strike_G","Strike_G"],"player_choice":"Became Test Subject","damage_taken":0,"max_hp_gain":0,"max_hp_loss":0,"event_name":"Drug Dealer","floor":27,"gold_loss":0,"cards_obtained":["Phantasmal Killer","Setup"]}],"is_beta":false,"boss_relics":[{"not_picked":["Philosopher\u0027s Stone","WristBlade"],"picked":"HoveringKite"}],"items_purged_floors":[21],"is_endless":false,"potions_floor_spawned":[10,11,12,16,18,19,22],"killed_by":"Shelled Parasite and Fungi","ascension_level":20}}