{"host":"bvp2uifzy1c463d9","time":1614459837,"event":{"mods":["AchievementEnabler","BaseMod","Better Note","Block Reminder","Bossed Relics","Colored Map","Colored Powertips","Hermit","Highlight Path","Hubris","Infinite Spire","Minty Spire (QoL Compilation)","Relic Sorter","Relic Stats","Reliquary","Replay The Spire","StSLib","The Blue Laboratory","Wandering Minibosses"],"gold_per_floor":[115,127,127,43,56,56,76,108,108,108,136,136,149,178,178,283,283,300,300,319,329,347,347,347],"floor_reached":23,"language":"ENG","playtime":1101,"items_purged":["hubris:Wrath"],"score":266,"play_id":"7fce9f8b-b388-4238-b879-cfea3992f4ec","local_time":"20210227150357","is_ascension_mode":true,"campfire_choices":[{"data":"hermit:Roughhouse","floor":6,"key":"SMITH"},{"data":"hermit:TakeAim","floor":10,"key":"SMITH"},{"data":"hermit:Dive","floor":12,"key":"SMITH"},{"data":"hermit:Dive","floor":15,"key":"SMITH"}],"circlet_count":0,"master_deck":["hermit:Strike_Hermit","hermit:Strike_Hermit","hermit:Strike_Hermit","hermit:Strike_Hermit","hermit:Defend_Hermit","hermit:Defend_Hermit","hermit:Defend_Hermit","hermit:Defend_Hermit","hermit:Snapshot","hermit:Covet","hermit:Headshot","hermit:TrackingShot","hermit:TakeAim+1","hermit:Roughhouse+1","hermit:BigShot","hermit:Snipe","hermit:Dive+1","hermit:Dive+1","hermit:Coalescence","hermit:Adapt","hermit:Virtue","hermit:CalledShot","hermit:Ricochet","hermit:WideOpen"],"relics":["Coffee Dripper","CultistMask","ReplayTheSpireMod:CursedCoin","hubris:BottledRain","reliquary:RoseTintedGlasses","reliquary:WeakTea","Omamori","infinitespire:Cupcake"],"acts_visited":["Exordium","TheCity"],"potions_floor_usage":[7,16],"damage_taken":[{"damage":0,"enemies":"2 Louse","floor":1,"turns":3},{"damage":0,"enemies":"Cultist","floor":2,"turns":2},{"damage":2,"enemies":"Small Slimes","floor":5,"turns":3},{"damage":9,"enemies":"3 Louse","floor":7,"turns":2},{"damage":9,"enemies":"Gremlin Nob","floor":8,"turns":4},{"damage":25,"enemies":"Lagavulin","floor":11,"turns":5},{"damage":3,"enemies":"Exordium Wildlife","floor":13,"turns":3},{"damage":8,"enemies":"3 Sentries","floor":14,"turns":6},{"damage":1,"enemies":"Fading Forest","floor":16,"turns":11},{"damage":3,"enemies":"Chosen","floor":18,"turns":6},{"damage":0,"enemies":"Spheric Guardian","floor":20,"turns":3},{"damage":3,"enemies":"Snecko","floor":21,"turns":6},{"damage":16,"enemies":"Centurion and Healer","floor":22,"turns":6},{"damage":69,"enemies":"Gremlin Leader","floor":23,"turns":4}],"seed_played":"8476366349422156579","potions_obtained":[{"floor":1,"key":"Weak Potion"},{"floor":2,"key":"Strength Potion"},{"floor":13,"key":"SpeedPotion"},{"floor":14,"key":"blueLaboratory:BottledHope"},{"floor":18,"key":"blueLaboratory:CorrosionFlask"},{"floor":20,"key":"BlessingOfTheForge"}],"is_trial":false,"path_per_floor":["M","M","?","$","M","R","M","E","T","R","E","R","M","E","R","B",null,"M","?","M","M","M","E"],"character_chosen":"HERMIT","items_purchased":["hermit:TakeAim","ReplayTheSpireMod:CursedCoin","hermit:Roughhouse"],"campfire_rested":0,"item_purchase_floors":[4,4,4],"current_hp_per_floor":[75,75,75,75,73,73,64,55,55,55,30,30,27,19,19,18,61,58,75,75,72,56,0,0],"gold":347,"neow_bonus":"BOSS_RELIC","is_daily":false,"chose_seed":false,"campfire_upgraded":4,"win_rate":0.0,"timestamp":1614459837,"path_taken":["M","M","?","$","M","R","M","E","T","R","E","R","?","E","R","BOSS","M","?","M","M","M","E"],"items_purchased_type":["Card","Relic","Card"],"build_version":"2020-12-22","purchased_purges":1,"victory":false,"max_hp_per_floor":[75,75,75,75,75,75,75,75,75,75,75,75,75,75,75,75,75,75,75,75,75,75,75,75],"relic_stats":{"counters":[14,64],"obtain_stats":[{"ReplayTheSpireMod:CursedCoin":4,"CultistMask":3,"reliquary:RoseTintedGlasses":9,"Coffee Dripper":0,"Omamori":14,"reliquary:WeakTea":11,"hermit:Momento":0,"hubris:BottledRain":8,"infinitespire:Cupcake":17},{"ReplayTheSpireMod:CursedCoin":2,"CultistMask":2,"reliquary:RoseTintedGlasses":5,"Coffee Dripper":0,"Omamori":8,"reliquary:WeakTea":6,"hermit:Momento":0,"hubris:BottledRain":5,"infinitespire:Cupcake":9},{"ReplayTheSpireMod:CursedCoin":5,"CultistMask":5,"reliquary:RoseTintedGlasses":14,"Coffee Dripper":0,"Omamori":28,"reliquary:WeakTea":19,"hermit:Momento":0,"hubris:BottledRain":14,"infinitespire:Cupcake":39}]},"card_choices":[{"not_picked":["hermit:Midnight","hermit:Spite"],"picked":"hermit:Headshot","floor":1},{"not_picked":["hermit:Spite","hermit:BodyArmor"],"picked":"hermit:TrackingShot","floor":2},{"not_picked":["hermit:DeadMansHand","hermit:Manifest"],"picked":"hermit:BigShot","floor":5},{"not_picked":["hermit:TrackingShot","hermit:Midnight"],"picked":"hermit:Snipe","floor":7},{"not_picked":["hermit:Misfire","hermit:Maintenance","hermit:Reprieve"],"picked":"SKIP","floor":8},{"not_picked":["hermit:NoHoldsBarred","hermit:EyeOfTheStorm"],"picked":"hermit:Dive","floor":11},{"not_picked":["hermit:Cheat","hermit:Snipe"],"picked":"hermit:Dive","floor":13},{"not_picked":["hermit:Determination","hermit:Ricochet"],"picked":"hermit:Coalescence","floor":14},{"not_picked":["hermit:Purgatory","hermit:Gambit"],"picked":"hermit:Adapt","floor":16},{"not_picked":["hermit:Horror","hermit:FlashPowder"],"picked":"hermit:Virtue","floor":18},{"not_picked":["hermit:HighCaliber+1","hermit:Ricochet"],"picked":"hermit:CalledShot","floor":20},{"not_picked":["hermit:Grudge","hermit:ShadowCloak"],"picked":"hermit:Ricochet","floor":21},{"not_picked":["hermit:PistolWhip","hermit:Headshot"],"picked":"hermit:WideOpen","floor":22}],"player_experience":398503,"relics_obtained":[{"floor":8,"key":"hubris:BottledRain"},{"floor":9,"key":"reliquary:RoseTintedGlasses"},{"floor":11,"key":"reliquary:WeakTea"},{"floor":14,"key":"Omamori"}],"event_choices":[{"damage_healed":0,"gold_gain":0,"player_choice":"Trade","damage_taken":0,"relics_obtained":["CultistMask"],"max_hp_gain":0,"max_hp_loss":0,"event_name":"FaceTrader","floor":3,"gold_loss":0},{"damage_healed":25,"gold_gain":0,"player_choice":"Heal","damage_taken":0,"max_hp_gain":0,"max_hp_loss":0,"event_name":"The Library","floor":19,"gold_loss":0}],"is_beta":false,"boss_relics":[{"not_picked":["Sozu","reliquary:RedPaperclip"],"picked":"infinitespire:Cupcake"}],"items_purged_floors":[4],"is_endless":false,"potions_floor_spawned":[1,2,13,14,18,20],"killed_by":"Gremlin Leader","ascension_level":5}}