{"host":"skqrv63k0gjilndt","time":1614413266,"event":{"mods":["AchievementEnabler","BaseMod","Bestiary","Colored Powertips","Highlight Path","Minty Spire (QoL Compilation)","Quick Restart"],"gold_per_floor":[112,128,146,158,172,172,200,200,200,48,71,101,101,51,51,152,152,162,180,95,112,112,112],"floor_reached":22,"language":"ENG","playtime":1137,"items_purged":[],"score":245,"play_id":"12b34fcf-bbee-4a35-9df3-9f0b8d0f690a","local_time":"20210227000746","is_ascension_mode":true,"campfire_choices":[{"data":"Meditate","floor":6.0,"key":"SMITH"},{"data":"PathToVictory","floor":8.0,"key":"SMITH"},{"data":"PathToVictory","floor":13.0,"key":"SMITH"},{"data":"Study","floor":15,"key":"SMITH"}],"circlet_count":0,"master_deck":["Strike_P","Strike_P","Strike_P","Defend_P","Defend_P","Defend_P+1","Defend_P+1","Eruption","Vigilance","Meditate+1","PathToVictory+1","PathToVictory+1","Wish","Perseverance","Study+1","CutThroughFate+1","PathToVictory"],"relics":["PureWater","Shuriken","Toy Ornithopter","War Paint","Odd Mushroom","Bag of Preparation","VioletLotus","Ornamental Fan"],"acts_visited":["Exordium","TheCity"],"potions_floor_usage":[16,16,21],"damage_taken":[{"damage":0.0,"enemies":"Jaw Worm","floor":1.0,"turns":4.0},{"damage":0.0,"enemies":"Small Slimes","floor":2.0,"turns":2.0},{"damage":0.0,"enemies":"Cultist","floor":3.0,"turns":2.0},{"damage":10.0,"enemies":"2 Fungi Beasts","floor":4.0,"turns":4.0},{"damage":11.0,"enemies":"Looter","floor":5.0,"turns":4.0},{"damage":45.0,"enemies":"Gremlin Nob","floor":7.0,"turns":4.0},{"damage":2.0,"enemies":"The Mushroom Lair","floor":11.0,"turns":5.0},{"damage":7.0,"enemies":"Lagavulin","floor":12.0,"turns":6.0},{"damage":20,"enemies":"The Guardian","floor":16,"turns":6},{"damage":12,"enemies":"3 Byrds","floor":18,"turns":5},{"damage":16,"enemies":"2 Thieves","floor":19,"turns":4},{"damage":21,"enemies":"3 Cultists","floor":21,"turns":5},{"damage":11,"enemies":"Snake Plant","floor":22,"turns":2}],"seed_played":"3775416327006315844","potions_obtained":[{"floor":1.0,"key":"DuplicationPotion"},{"floor":4.0,"key":"Regen Potion"},{"floor":7.0,"key":"SkillPotion"},{"floor":11.0,"key":"Dexterity Potion"},{"floor":12.0,"key":"LiquidBronze"},{"floor":18,"key":"PowerPotion"},{"floor":19,"key":"SteroidPotion"}],"is_trial":false,"path_per_floor":["M","M","M","M","M","R","E","R","T","$","?","E","R","?","R","B",null,"M","M","?","M","M"],"character_chosen":"WATCHER","items_purchased":["War Paint"],"campfire_rested":0,"item_purchase_floors":[10],"current_hp_per_floor":[79,79,79,69,58,58,13,13,13,13,35,28,28,28,28,18,64,52,36,36,20,9,9],"gold":112,"neow_bonus":"TEN_PERCENT_HP_BONUS","is_daily":false,"chose_seed":false,"campfire_upgraded":4,"win_rate":0.0,"timestamp":1614413266,"path_taken":["M","M","M","M","M","R","E","R","T","$","?","E","R","?","R","BOSS","M","M","?","M","M"],"items_purchased_type":["Relic"],"build_version":"2020-12-22","purchased_purges":0,"victory":false,"max_hp_per_floor":[79,79,79,79,79,79,79,79,79,79,79,79,79,79,79,79,79,79,79,79,79,79,79],"card_choices":[{"not_picked":["Indignation","Crescendo"],"picked":"Meditate","floor":1.0},{"not_picked":["Crescendo","WheelKick"],"picked":"PathToVictory","floor":2.0},{"not_picked":["EmptyFist","FlurryOfBlows"],"picked":"PathToVictory","floor":3.0},{"not_picked":["CarveReality","Devotion","CutThroughFate"],"picked":"SKIP","floor":4.0},{"not_picked":["ReachHeaven","EmptyBody","Tantrum"],"picked":"SKIP","floor":5.0},{"not_picked":["Nirvana","MentalFortress"],"picked":"Wish","floor":7.0},{"not_picked":["WindmillStrike","Sanctity"],"picked":"Perseverance","floor":11.0},{"not_picked":["FollowUp","CrushJoints"],"picked":"Study","floor":12.0},{"not_picked":["Prostrate","EmptyFist+1"],"picked":"CutThroughFate+1","floor":18},{"not_picked":["FlyingSleeves+1","WreathOfFlame"],"picked":"PathToVictory","floor":19},{"not_picked":["SashWhip","CrushJoints","Halt"],"picked":"SKIP","floor":21}],"player_experience":102090,"relics_obtained":[{"floor":7.0,"key":"Shuriken"},{"floor":9.0,"key":"Toy Ornithopter"},{"floor":11.0,"key":"Odd Mushroom"},{"floor":12.0,"key":"Bag of Preparation"}],"event_choices":[{"damage_healed":0.0,"max_hp_gain":0.0,"max_hp_loss":0.0,"gold_gain":0.0,"event_name":"Mushrooms","player_choice":"Fought Mushrooms","floor":11.0,"gold_loss":0.0,"damage_taken":0.0},{"cards_removed":["Strike_P"],"damage_healed":0.0,"max_hp_gain":0.0,"max_hp_loss":0.0,"gold_gain":0.0,"event_name":"The Cleric","player_choice":"Card Removal","floor":14.0,"gold_loss":50.0,"damage_taken":0.0},{"damage_healed":0,"gold_gain":0,"player_choice":"Obtained Relic","damage_taken":0,"relics_obtained":["Ornamental Fan"],"max_hp_gain":0,"max_hp_loss":0,"event_name":"Addict","floor":20,"gold_loss":85}],"is_beta":false,"boss_relics":[{"not_picked":["SacredBark","Cursed Key"],"picked":"VioletLotus"}],"items_purged_floors":[],"is_endless":false,"potions_floor_spawned":[1,4,7,11,12,18,19],"killed_by":"Snake Plant","ascension_level":5}}