{"host":"5wilga4482d891pp","time":1614408158,"event":{"mods":["100% Spire Juice","2.2 Compatiblity","A Magickal Journey","AchievementEnabler","Act Like it!","Arknights","Aspiration","Bartender","BaseMod","Better Note","Better Third Choice","CapriCore","Chen","Conspire","Downfall","Elementarium","Energized Spire","Gensokyo","GungeonMod","Hallownest","Hermit","Hubris","Jorbs\u0027s Wanderer Trilogy","KinomotoSakuraMod(木之本?)","Koishi","Lobotomy","LobotomyExtend","Luminous","Marisa（霧雨　魔理沙）","Marked Mod","Minty Spire (QoL Compilation)","Pale of the Ancients","Prisma Mod","Railgun Mod","Reimu（博??梦）","Reliquary","Replay The Spire","Ruina","RumiaBox-露米?的神秘盒子","Shade Mod","Shapeshifter Mod","StSLib","The Administrix","The Alterego","The Animator","The Bug Knight","The Construct","The Cursed","The Gatherer","The Immortal","The IronCluck","The Wild Card","TheBandit","TheFirefly","TheSwordswoman","TheVacant","Uncapped","UnlockEverythingMod","WarShipGirlsR/??少女R mod","Yakumo Yukari mod","Yuyuko"],"gold_per_floor":[110,110,125,135,135,168,183,43,43,58,58,68,80,98,98,195,195,205,205,232,250,266,283,283,303,303,344,344,344],"floor_reached":28,"language":"ENG","playtime":7176,"items_purged":[],"score":276,"play_id":"7995b0c5-0e09-407e-97b2-eb48fa261c5f","local_time":"20210227004238","is_ascension_mode":false,"campfire_choices":[{"data":"ClowCardTheMove","floor":15,"key":"SMITH"},{"data":"ClowCardTheFloat","floor":24,"key":"SMITH"}],"circlet_count":0,"master_deck":["SakuraCardTheShield+","Woodsman","ClowCardTheSword","ClowCardTheSword","ClowCardTheSword","ClowCardTheSword","ClowCardTheShield","ClowCardTheShield","ClowCardTheShield","SpellCardSeal","SpellCardRelease","OldLady","ClowCardTheLibra","ClowCardTheMove","MHz","ClowCardTheGlow","CherryBlossoms","ClowCardTheFreeze","ClowCardTheLock","ClowCardTheMove","DreamingCurrent","ClowCardTheArrow","WallGazer","ClowCardTheRain","ClowCardTheMove+1","UniverseFragment","ClowCardTheFloat","OSAHOGD","BlueStar","ClowCardTheFloat+1","Pain","Elementarium:StickyTar","RedShoes","ClowCardTheWindy+1","BigBird","ClowCardTheWave+1","VoidDream","ClowCardTheFight","MeltingLove","ClowCardTheRain+1","ReplayTheSpireMod:Splinters","ClowCardTheBubbles","ClowCardTheMove"],"relics":["KSMOD_SealedBook","KSMOD_SealedWand","CogitoBucket","LetterFromLob","hubris:Towel","DemoMod:PartiallyEatenCheese","GodSword7","HellTrain","RedMistMask","BranchBurnRelic","reliquary:Craggleroot","BehaviorAdjustment","Elementarium:GolemsHeart","Mastiff:ReiMu","Replay:Rubber Ducky","GodSword1","Replay:Accelerometer","Logging_r"],"acts_visited":["Gensokyo:Gensokyo","Elementarium:Elementarium"],"potions_floor_usage":[10,10,14,16,21,28],"damage_taken":[{"damage":6,"enemies":"Gensokyo:3_Fairies","floor":1,"turns":5},{"damage":1,"enemies":"Gensokyo:Gryphon","floor":3,"turns":3},{"damage":9,"enemies":"Gensokyo:2_Kodama","floor":4,"turns":4},{"damage":8,"enemies":"Gensokyo:Mamizou","floor":6,"turns":7},{"damage":5,"enemies":"Gensokyo:2_Rabbits","floor":7,"turns":4},{"damage":56,"enemies":"Gensokyo:Python_and_Kodama","floor":10,"turns":3},{"damage":0,"enemies":"Gensokyo:VengefulSpirit","floor":12,"turns":1},{"damage":9,"enemies":"Gensokyo:5_Fairies","floor":13,"turns":5},{"damage":2,"enemies":"Gensokyo:3_Kodama","floor":14,"turns":1},{"damage":74,"enemies":"Gensokyo:Kokoro","floor":16,"turns":7},{"damage":73,"enemies":"Elementarium:2_ELEMENTALS","floor":18,"turns":7},{"damage":21,"enemies":"Elementarium:MUD_AND_TAR_GOLEMS","floor":21,"turns":3},{"damage":19,"enemies":"Elementarium:3_ELEMENTALS","floor":22,"turns":3},{"damage":35,"enemies":"Elementarium:RubyGolem","floor":23,"turns":3},{"damage":1,"enemies":"Elementarium:VoidBeast","floor":25,"turns":1},{"damage":22,"enemies":"Elementarium:3_ELEMENTALS","floor":28,"turns":8}],"seed_played":"3216655152003324624","potions_obtained":[{"floor":4,"key":"DemoMod:LeadSkinPotion"},{"floor":7,"key":"Explosive Potion"},{"floor":13,"key":"GamblersBrew"},{"floor":14,"key":"champ:CounterPotion"},{"floor":18,"key":"AttackPotion"},{"floor":23,"key":"Dexterity Potion"},{"floor":25,"key":"Swift Potion"}],"is_trial":false,"path_per_floor":["M","?","M","M","?","E","M","?","T","M","?","M","M","M","R","B",null,"M","?","T","M","M","M","R","M","T","?","M"],"character_chosen":"KINOMOTOSAKURA","items_purchased":[],"campfire_rested":0,"item_purchase_floors":[],"current_hp_per_floor":[64,64,63,54,54,46,41,41,41,44,51,13,34,56,56,25,70,15,15,15,24,35,24,24,35,35,35,49,49],"gold":344,"neow_bonus":"","is_daily":false,"chose_seed":false,"campfire_upgraded":2,"win_rate":0.0,"timestamp":1614408158,"path_taken":["M","?","M","M","?","E","M","?","T","?","?","M","?","M","R","BOSS","M","?","?","M","M","M","R","M","T","?","?"],"items_purchased_type":[],"build_version":"2020-12-22","purchased_purges":0,"victory":false,"max_hp_per_floor":[70,70,70,70,70,70,70,70,70,70,70,70,70,70,70,70,70,70,70,70,70,70,70,70,70,70,70,70,70],"card_choices":[{"not_picked":["MeatLantern","Funeral"],"picked":"OldLady","floor":1},{"not_picked":["ClowCardTheIllusion","ClowCardTheLock"],"picked":"ClowCardTheLibra","floor":1},{"not_picked":["BeautyBeast","QueenBee"],"picked":"MHz","floor":3},{"not_picked":["ClowCardTheArrow","ClowCardTheEarthy"],"picked":"ClowCardTheGlow","floor":3},{"not_picked":["MeatLantern","BeautyBeast"],"picked":"CherryBlossoms","floor":4},{"not_picked":["ClowCardTheWave","ClowCardTheShot"],"picked":"ClowCardTheFreeze","floor":4},{"not_picked":["PunishingBird","CrumblingArmor"],"picked":"Yin","floor":6},{"not_picked":["ClowCardTheSleep","ClowCardTheCloud"],"picked":"ClowCardTheLock","floor":6},{"not_picked":["ClowCardTheLock","ClowCardTheChange"],"picked":"ClowCardTheMove","floor":7},{"not_picked":["BeautyBeast","Bloodbath"],"picked":"DreamingCurrent","floor":10},{"not_picked":["ClowCardTheGlow","ClowCardTheJump"],"picked":"ClowCardTheArrow","floor":10},{"not_picked":["VoidDream","BeautyBeast"],"picked":"WallGazer","floor":12},{"not_picked":["ClowCardTheIllusion","ClowCardTheWindy"],"picked":"ClowCardTheRain","floor":12},{"not_picked":["PunishingBird","Wellcheers"],"picked":"Woodsman","floor":13},{"not_picked":["ClowCardTheLock","ClowCardTheFloat"],"picked":"ClowCardTheMove","floor":13},{"not_picked":["MeatLantern","PunishingBird"],"picked":"UniverseFragment","floor":14},{"not_picked":["ClowCardTheIllusion","ClowCardTheVoice"],"picked":"ClowCardTheFloat","floor":14},{"not_picked":["ShyLook","Bloodbath"],"picked":"OSAHOGD","floor":16},{"not_picked":["ClowCardTheReturn","ClowCardTheLight"],"picked":"ClowCardTheCreate","floor":16},{"not_picked":["SpiderBud","DespairKnight"],"picked":"BlueStar","floor":18},{"not_picked":["ClowCardTheChange+1","ClowCardTheWatery"],"picked":"ClowCardTheFloat","floor":18},{"not_picked":["Murderer","SingingMachine"],"picked":"RedShoes","floor":21},{"not_picked":["ClowCardTheDream+1","ClowCardTheShot"],"picked":"ClowCardTheWindy+1","floor":21},{"not_picked":["ShyLook","Murderer"],"picked":"BigBird","floor":22},{"not_picked":["ClowCardTheChange","ClowCardTheDream"],"picked":"ClowCardTheWave+1","floor":22},{"not_picked":["Mercenary","SnowQueen"],"picked":"VoidDream","floor":23},{"not_picked":["ClowCardTheMist","ClowCardTheLock"],"picked":"ClowCardTheFight","floor":23},{"not_picked":["Laetitia","Scorched"],"picked":"MeltingLove","floor":25},{"not_picked":["ClowCardTheLittle","ClowCardTheLoop"],"picked":"ClowCardTheRain+1","floor":25},{"not_picked":["ClowCardTheWood","ClowCardTheShot+1"],"picked":"ClowCardTheBubbles","floor":27},{"not_picked":["ClowCardTheRain+1","ClowCardTheErase+1"],"picked":"ClowCardTheMove","floor":27}],"player_experience":114700,"relics_obtained":[{"floor":1,"key":"LetterFromLob"},{"floor":6,"key":"Dead Branch"},{"floor":9,"key":"GodSword7"},{"floor":12,"key":"RedMistMask"},{"floor":20,"key":"Mastiff:ReiMu"},{"floor":21,"key":"Replay:Rubber Ducky"},{"floor":26,"key":"GodSword1"},{"floor":27,"key":"Replay:Accelerometer"}],"event_choices":[{"damage_healed":0,"gold_gain":0,"player_choice":"Chest","damage_taken":0,"relics_obtained":["Elementarium:GolemsHeart"],"max_hp_gain":0,"max_hp_loss":0,"event_name":"Elementarium:AbandonedFactory","floor":19,"gold_loss":0,"cards_obtained":["Pain"]}],"is_beta":false,"boss_relics":[{"not_picked":["EasyGame_NEW","energizedSpire:DeadBattery"],"picked":"reliquary:Craggleroot"}],"items_purged_floors":[],"is_endless":false,"potions_floor_spawned":[4,7,13,14,18,23,25],"killed_by":"Elementarium:3_ELEMENTALS","ascension_level":0}}