{"host":"359hz4210ybch7ku","time":1614441514,"event":{"mods":["BaseMod","Block Reminder","Colored Map","Colored Powertips","Highlight Path","Minty Spire (QoL Compilation)","Slay the Relics Exporter","StSLib"],"gold_per_floor":[114,114,127,142,153,153,184,196,208,220,249,261,285,330,342,454,466,488,516,547,242,262,262,275,275,275,275,305,315,333,350,350,450,450,461,461,461,461,461,461,495,495,495,194,208,218,93,105,105,105],"floor_reached":51,"language":"ENG","playtime":4431,"items_purged":["Strike_B","Zap","White Noise+1"],"score":799,"play_id":"0a9a909e-55a9-40b2-be5a-114d79856ad3","local_time":"20210227075834","is_ascension_mode":true,"campfire_choices":[{"data":"Fission","floor":6.0,"key":"SMITH"},{"data":"Genetic Algorithm","floor":12.0,"key":"SMITH"},{"data":"Hologram","floor":15.0,"key":"SMITH"},{"data":"Defragment","floor":23.0,"key":"SMITH"},{"data":"Darkness","floor":25.0,"key":"SMITH"},{"data":"White Noise","floor":32.0,"key":"SMITH"},{"data":"Double Energy","floor":40.0,"key":"SMITH"},{"data":"Gash","floor":42.0,"key":"SMITH"},{"data":"Hologram","floor":49.0,"key":"SMITH"}],"circlet_count":0,"master_deck":["Dualcast","Seek","Fission+1","FTL","Genetic Algorithm+1","Hologram+1","Defragment+1","Force Field","All For One","Darkness+1","Gash+1","Coolheaded+1","Redo+1","Defragment+1","Fission+1","Aggregate","Capacitor","Double Energy+1","Gash+1","Heatsinks","Gash+1","Madness","Madness","Coolheaded+1","Hologram+1","Redo+1"],"relics":["FrozenCore","MawBank","Gremlin Horn","Bird Faced Urn","OrangePellets","Ornamental Fan","Pandora\u0027s Box","Shovel","Girya","PreservedInsect"],"acts_visited":["Exordium","TheCity","TheBeyond"],"potions_floor_usage":[50],"damage_taken":[{"damage":1.0,"enemies":"Jaw Worm","floor":1.0,"turns":3.0},{"damage":1.0,"enemies":"Cultist","floor":3.0,"turns":3.0},{"damage":4.0,"enemies":"2 Louse","floor":4.0,"turns":2.0},{"damage":8.0,"enemies":"Exordium Wildlife","floor":5.0,"turns":3.0},{"damage":13.0,"enemies":"Lagavulin","floor":7.0,"turns":5.0},{"damage":0.0,"enemies":"Looter","floor":11.0,"turns":3.0},{"damage":4.0,"enemies":"3 Louse","floor":13.0,"turns":2.0},{"damage":16.0,"enemies":"Gremlin Nob","floor":14.0,"turns":3.0},{"damage":25.0,"enemies":"The Guardian","floor":16.0,"turns":12.0},{"damage":4.0,"enemies":"Spheric Guardian","floor":18.0,"turns":4.0},{"damage":5.0,"enemies":"3 Byrds","floor":19.0,"turns":3.0},{"damage":0.0,"enemies":"Snake Plant","floor":20.0,"turns":1.0},{"damage":25.0,"enemies":"Shelled Parasite and Fungi","floor":22.0,"turns":6.0},{"damage":10.0,"enemies":"Snecko","floor":24.0,"turns":5.0},{"damage":6.0,"enemies":"Gremlin Leader","floor":28.0,"turns":7.0},{"damage":7.0,"enemies":"Centurion and Healer","floor":29.0,"turns":6.0},{"damage":4.0,"enemies":"Snake Plant","floor":30.0,"turns":5.0},{"damage":0.0,"enemies":"Snecko","floor":31.0,"turns":6.0},{"damage":25.0,"enemies":"Collector","floor":33.0,"turns":9.0},{"damage":0.0,"enemies":"3 Darklings","floor":35.0,"turns":4.0},{"damage":0.0,"enemies":"Nemesis","floor":41.0,"turns":7.0},{"damage":7.0,"enemies":"3 Shapes","floor":45.0,"turns":8.0},{"damage":0.0,"enemies":"Maw","floor":46.0,"turns":5.0},{"damage":1.0,"enemies":"Spire Growth","floor":48.0,"turns":4.0},{"damage":0,"enemies":"Donu and Deca","floor":50,"turns":10}],"seed_played":"2700966037805509601","potions_obtained":[{"floor":1.0,"key":"Energy Potion"},{"floor":3.0,"key":"PowerPotion"},{"floor":11.0,"key":"Energy Potion"},{"floor":16.0,"key":"AttackPotion"},{"floor":18.0,"key":"AttackPotion"},{"floor":29.0,"key":"Weak Potion"},{"floor":30.0,"key":"CultistPotion"},{"floor":41.0,"key":"PotionOfCapacity"},{"floor":46.0,"key":"ColorlessPotion"},{"floor":48.0,"key":"BlessingOfTheForge"}],"is_trial":false,"path_per_floor":["M","?","M","M","M","R","E","$","T","$","M","R","M","E","R","B",null,"M","M","M","$","M","R","M","R","T","?","E","M","M","M","R","B",null,"M","?","T","?","?","R","E","R","T","$","M","M","$","M","R","B",null],"character_chosen":"DEFECT","items_purchased":["OrangePellets","EntropicBrew","PreservedInsect","Hologram"],"campfire_rested":0,"item_purchase_floors":[21,21,44,44],"current_hp_per_floor":[74,74,73,69,61,61,48,48,48,48,48,48,44,28,28,7,75,71,70,70,70,49,49,43,43,43,43,43,40,40,44,44,25,75,75,66,66,66,66,66,75,75,75,75,71,75,75,75,75,75],"gold":105,"neow_bonus":"TRANSFORM_CARD","is_daily":false,"chose_seed":false,"campfire_upgraded":9,"win_rate":0.0,"timestamp":1614441514,"path_taken":["M","?","M","M","M","R","E","?","T","$","M","R","M","E","R","BOSS","M","M","M","$","M","R","M","R","T","?","E","M","M","?","R","BOSS","M","?","?","?","?","R","E","R","T","$","M","M","$","?","R","BOSS"],"items_purchased_type":["Relic","Potion","Relic","Card"],"build_version":"2020-12-22","purchased_purges":3,"victory":true,"max_hp_per_floor":[75,75,75,75,75,75,75,75,75,75,75,75,75,75,75,75,75,75,75,75,75,75,75,75,75,75,75,75,75,75,75,75,75,75,75,75,75,75,75,75,75,75,75,75,75,75,75,75,75,75],"card_choices":[{"not_picked":["Hello World","Steam"],"picked":"Beam Cell","floor":1.0},{"not_picked":["Auto Shields","Tempest"],"picked":"FTL","floor":3.0},{"not_picked":["Heatsinks","Melter"],"picked":"Genetic Algorithm","floor":4.0},{"not_picked":["Sunder","Chaos"],"picked":"Hologram","floor":5.0},{"not_picked":["Cold Snap","Double Energy"],"picked":"Defragment","floor":7.0},{"not_picked":["Tempest","Sweeping Beam","Barrage"],"picked":"SKIP","floor":11.0},{"not_picked":["Ball Lightning","Static Discharge"],"picked":"Force Field","floor":13.0},{"not_picked":["Undo","Glacier"],"picked":"White Noise","floor":14.0},{"not_picked":["Echo Form","Biased Cognition"],"picked":"All For One","floor":16.0},{"not_picked":["Cold Snap","Go for the Eyes"],"picked":"Darkness","floor":18.0},{"not_picked":["Go for the Eyes+1","Scrape+1"],"picked":"Gash+1","floor":19.0},{"not_picked":["Turbo","Steam+1","Beam Cell"],"picked":"SKIP","floor":20.0},{"not_picked":["Cold Snap","Steam","Ball Lightning+1"],"picked":"SKIP","floor":22.0},{"not_picked":["Cold Snap","Machine Learning"],"picked":"Coolheaded+1","floor":24.0},{"not_picked":["Barrage","Darkness"],"picked":"Redo+1","floor":28.0},{"not_picked":["Leap+1","Melter","Coolheaded"],"picked":"SKIP","floor":29.0},{"not_picked":["Force Field","Beam Cell","Coolheaded"],"picked":"SKIP","floor":30.0},{"not_picked":["Turbo","Hologram"],"picked":"Defragment+1","floor":31.0},{"not_picked":["Creative AI","Multi-Cast"],"picked":"Fission","floor":33.0},{"not_picked":["Compile Driver","Redo"],"picked":"Gash+1","floor":35.0},{"not_picked":["Turbo+1","Barrage+1"],"picked":"Coolheaded+1","floor":41.0},{"not_picked":["Go for the Eyes+1","Self Repair"],"picked":"Redo+1","floor":45.0},{"not_picked":["Blizzard","Cold Snap+1","Ball Lightning+1"],"picked":"SKIP","floor":46.0},{"not_picked":["Go for the Eyes","Turbo+1","Leap"],"picked":"SKIP","floor":48.0}],"player_experience":370632,"relics_obtained":[{"floor":7.0,"key":"MawBank"},{"floor":9.0,"key":"Gremlin Horn"},{"floor":14.0,"key":"Bird Faced Urn"},{"floor":28.0,"key":"Ornamental Fan"},{"floor":41.0,"key":"Shovel"},{"floor":43.0,"key":"Girya"}],"event_choices":[{"damage_healed":0.0,"max_hp_gain":0.0,"max_hp_loss":0.0,"gold_gain":0.0,"cards_transformed":["Strike_B"],"event_name":"Transmorgrifier","player_choice":"Transformed","floor":2.0,"gold_loss":0.0,"damage_taken":0.0,"cards_obtained":["Fission"]},{"damage_healed":0.0,"max_hp_gain":0.0,"max_hp_loss":0.0,"gold_gain":0.0,"event_name":"Lab","player_choice":"Got Potions","floor":27.0,"gold_loss":0.0,"damage_taken":0.0},{"damage_healed":0.0,"max_hp_gain":0.0,"max_hp_loss":0.0,"gold_gain":0.0,"event_name":"Winding Halls","player_choice":"Embrace Madness","floor":36.0,"gold_loss":0.0,"damage_taken":9.0,"cards_obtained":["Madness","Madness"]},{"cards_removed":["Beam Cell"],"damage_healed":0.0,"max_hp_gain":0.0,"max_hp_loss":0.0,"gold_gain":0.0,"event_name":"Falling","player_choice":"Removed Attack","floor":38.0,"gold_loss":0.0,"damage_taken":0.0},{"damage_healed":0.0,"max_hp_gain":0.0,"max_hp_loss":0.0,"gold_gain":0.0,"event_name":"Accursed Blacksmith","player_choice":"Forge","floor":39.0,"gold_loss":0.0,"damage_taken":0.0,"cards_upgraded":["Fission"]}],"is_beta":false,"boss_relics":[{"not_picked":["Nuclear Battery","Coffee Dripper"],"picked":"FrozenCore"},{"not_picked":["Fusion Hammer","Cursed Key"],"picked":"Pandora\u0027s Box"}],"items_purged_floors":[21,44,47],"is_endless":false,"potions_floor_spawned":[1,3,11,16,18,22,24,29,30,41,46,48],"ascension_level":1}}