{"host":"i73ch23exsqar74a","time":1614459255,"event":{"mods":["AchievementEnabler","Act Like it!","Arknights","Aspiration","Astrologer","Bard","BaseMod","Beaked The Cultist","Better Sensory Stone","CCEM2","CapriCore","Challenge The Spire","ChefMod","Chen","Colored Map","Colored Powertips","Conjunction","Conspire","Downfall","Fireblade Mod","FutureSeer","GifTheSpireLib","Glutton Mod","Gremlin Mod","Halation","Hermit","Highlight Path","HololiveMod","Hubris","Infinite Spire","Jedi Mod","Library of Ruina","Library of Ruina Extra","Lobotomy","LobotomyExtend","Luminous","Marked Mod","Minty Spire (QoL Compilation)","Prisma Mod","Quarter Circle Forward PUNCH!","Quick Restart","Random Character Button","RatMod","Relic Sorter","Reliquary","Replay The Spire","Ruina","SOS???????","Shade Mod","Spicy Shops","Spikes Relics","Spire Arcade","StSLib","Stuff the Spire","The Alterego","The Animator","The Bug Knight","The Construct","The Cursed","The Druid","The Exalted","The Immortal","The Judge","The Poker Player","The Sage","The Wild Card","TheHero","TheSwordswoman","TheVacant","TheVelvet","Thieving Mod","Yuri Mod","???Mod??????Boss","???mod?????"],"gold_per_floor":[120,120,120,70,84,84,114,75,75,85,118,118,137,164,164,265,265,279,290,310,329,30,65,65,100,100,100,100,38,38,67,67,67,67],"floor_reached":33,"language":"ENG","playtime":1266,"items_purged":[],"score":362,"play_id":"864bb0b9-e82e-455c-a982-62ba74aa1863","local_time":"20210228005415","is_ascension_mode":true,"campfire_choices":[{"data":"SomberProcuration","floor":6.0,"key":"SMITH"},{"floor":12.0,"key":"REST"},{"data":"RipSpace","floor":15,"key":"SMITH"},{"data":"GuardingStance","floor":24,"key":"SMITH"},{"floor":27,"key":"REST"},{"data":"AGoldenOpportunity","floor":30,"key":"SMITH"},{"floor":32,"key":"REST"}],"circlet_count":0,"master_deck":["Dodge","LightDefense","LightAttack","LightAttack","LightAttack","LightDefense","LightDefense","LightDefense","ChargeAndCover","FocusedStrikes","MindCrush","RushDown","GrazeTheGrass","SomberProcuration+1","SunsetBlade","RipSpace+1","FleetEdge","Rewind","FrontalAssault","BalefulBrand","Disposal","Parry2","AGoldenOpportunity+1","Unlock1","ruina:Thirst","GuardingStance+1","ruina:Lumber","Decay","BackAttack"],"relics":["PageOfLibrarian","PageOfNothingThere","hubris:Icosahedron","LetterFromLob","hubris:MedicalManual","Guardian:PocketSentry","Centennial Puzzle","PageOfSnowWhitesApple","Ginger","CCEMRelics:FryingPan","StuffTheSpire:Experiment12","reliquary:RoseTintedGlasses"],"acts_visited":["Exordium","Exordium"],"potions_floor_usage":[19,31,31],"damage_taken":[{"damage":0.0,"enemies":"conspire:RoseBush","floor":1.0,"turns":4.0},{"damage":0.0,"enemies":"ats:Genji","floor":5.0,"turns":2.0},{"damage":38.0,"enemies":"Lagavulin","floor":7.0,"turns":7.0},{"damage":0.0,"enemies":"2 Louse","floor":8.0,"turns":3.0},{"damage":0.0,"enemies":"Gremlin Gang","floor":10.0,"turns":4.0},{"damage":4.0,"enemies":"3 Sentries","floor":11.0,"turns":4.0},{"damage":0.0,"enemies":"Red Slaver","floor":13.0,"turns":1.0},{"damage":4,"enemies":"Lagavulin","floor":14,"turns":6},{"damage":25,"enemies":"Hexaghost","floor":16,"turns":4},{"damage":0,"enemies":"ruina:Nosferatu","floor":18,"turns":3},{"damage":9,"enemies":"ruina:2_Scarecrows","floor":19,"turns":2},{"damage":0,"enemies":"ruina:KnightOfDespair","floor":20,"turns":3},{"damage":6,"enemies":"ruina:KingOfGreed","floor":21,"turns":3},{"damage":40,"enemies":"ruina:RoadHome","floor":23,"turns":6},{"damage":0,"enemies":"ruina:ServantOfWrath","floor":25,"turns":4},{"damage":41,"enemies":"ruina:RoadHome","floor":31,"turns":6},{"damage":25,"enemies":"ruina:Red_and_Wolf","floor":33,"turns":5}],"seed_played":"-2527279181730181473","potions_obtained":[{"floor":1.0,"key":"Swift Potion"},{"floor":5.0,"key":"BlessingOfTheForge"},{"floor":10.0,"key":"SkillPotion"},{"floor":21,"key":"ColorlessPotion"}],"is_trial":false,"path_per_floor":["M","?","?","$","M","R","E","M","T","M","E","R","M","E","R","B",null,"M","M","M","M","$","E","R","E","T","R","?","$","R","E","R","B"],"character_chosen":"Librarian","items_purchased":["GrazeTheGrass","Ginger","ruina:Thirst","StuffTheSpire:Experiment12"],"campfire_rested":3,"item_purchase_floors":[4,22,22,29],"current_hp_per_floor":[60,60,60,60,60,60,22,22,22,22,18,41,41,74,74,49,78,78,69,69,63,63,23,23,23,23,46,46,46,46,5,26,1,1],"gold":67,"neow_bonus":"ONE_RANDOM_RARE_CARD","is_daily":false,"chose_seed":false,"campfire_upgraded":4,"win_rate":0.0,"timestamp":1614459255,"path_taken":["M","?","?","$","M","R","E","?","T","M","E","R","M","E","R","BOSS","M","M","M","?","?","E","R","E","T","R","?","$","R","E","R","BOSS"],"items_purchased_type":["Card","Relic","Card","Relic"],"build_version":"2020-12-22","purchased_purges":0,"victory":false,"max_hp_per_floor":[78,78,78,78,78,78,78,78,78,78,78,78,78,78,78,78,78,78,78,78,78,78,78,78,78,78,78,72,72,72,72,72,72,72],"card_choices":[{"not_picked":["PinpointShot","BiAn","ForcefulGesture","AGoldenOpportunity","ProselytesBlade","Pound","SharpSwipe","OminousPower"],"picked":"RushDown","floor":1.0},{"not_picked":["GuidanceOfTheGears","Duel_lor","UpbeatPerformance","TheRedNotes","StructuralAnalysis","SharpSwipe","BiXi","Eject"],"picked":"SomberProcuration","floor":5.0},{"not_picked":["HandlingWork","SuppressingShot","HighKick","Multislash","IngredientHunt","PreemptiveStrike","ButterflySlash","SerpentineBarrier"],"picked":"SunsetBlade","floor":7.0},{"not_picked":["Reload","UncannyStrike","SkitterAway","Standoff","DesperateStruggle","Feast","Parry","QuickAttack"],"picked":"RipSpace","floor":8.0},{"not_picked":["Zzzzzap","AssaultOrder","PinpointShot","TraceOfFumes","EnergyShield","PreparedMind","Duel_lor","MindPrepared"],"picked":"FleetEdge","floor":10.0},{"not_picked":["Quickness","TheWillOfTheCity","AlloutWar","PreemptiveStrike","SinglePointStab","QuickAttack","SilentNight","EnergyShield"],"picked":"Rewind","floor":11.0},{"not_picked":["Zzzzzap","DesperateStruggle","GuardingStance","ToWhereThePrescriptPoints","Wallop_lor","FleetFootsteps","AsThePrescriptOrders","Eject"],"picked":"FrontalAssault","floor":13.0},{"not_picked":["GuidanceOfTheGears","SnakesPrey","Decapitation","ConcentratedFire","SturdyDefense","UnavoidableGaze","DarkCloud","WillOfThePrescript"],"picked":"BalefulBrand","floor":14},{"not_picked":["Cruelty","Observe"],"picked":"Disposal","floor":16},{"not_picked":["UnavoidableGaze+1","FierceOnslaught+1","CutIn+1","UpbeatPerformance","Brawl+1","TheWillOfTheCity","FaintMemories","DeepDrag+1"],"picked":"Parry2","floor":18},{"not_picked":["Crush","GuardingStance+1","TheWillOfTheCity","Wallop_lor","Unlock1","Eradication","HandleRequest","SunsetBlade"],"picked":"AGoldenOpportunity","floor":19},{"not_picked":["AsThePrescriptOrders+1","SnakesPrey","ViolentFlame+1","GuardingStance+1","StayCalm","Slice_lor","SummaryJudgment","PuppetBlockade"],"picked":"Unlock1","floor":20},{"not_picked":["UpbeatPerformance","ShockingBlow","Slice_lor","QuickAttack","SearingSword","DesperateStruggle","SharpSwipe+1","Parry2","PinpointShot+1"],"picked":"SKIP","floor":21},{"not_picked":["ToWhereThePrescriptPoints","TrashDisposal","DarkCloud","KeepItFresh","Crush+1","BizarreAttack","NightInTheBackstreets","ClassAndRespect+1"],"picked":"GuardingStance","floor":23},{"not_picked":["Punishment","HiddenBlade+1","TrimTheIngredients","Fence+1","Execute_lor","MultiBlock","MindPrepared","GuardingStance+1","Deflect_lor"],"picked":"SKIP","floor":25},{"not_picked":["ruina:GoldRush","ruina:FadedMemories","ruina:CobaltScar","ruina:Nihil","ruina:Smile","ruina:Mimicry","ruina:Harvest","ruina:Thirst"],"picked":"ruina:Lumber","floor":28},{"not_picked":["Juggling","Unlock1+1","MirageStorm","Execute_lor","StructuralAnalysis+1","MultiBlock","FleetEdge+1","Deflect_lor"],"picked":"BackAttack","floor":31}],"player_experience":1492676,"relics_obtained":[{"floor":1.0,"key":"LetterFromLob"},{"floor":7.0,"key":"hubris:MedicalManual"},{"floor":9.0,"key":"Guardian:PocketSentry"},{"floor":11.0,"key":"Centennial Puzzle"},{"floor":14,"key":"PageOfSnowWhitesApple"},{"floor":23,"key":"PageOfNothingThere"},{"floor":25,"key":"CCEMRelics:FryingPan"},{"floor":31,"key":"reliquary:RoseTintedGlasses"}],"event_choices":[{"damage_healed":0.0,"max_hp_gain":0.0,"max_hp_loss":0.0,"gold_gain":0.0,"event_name":"The Cleric","player_choice":"Leave","floor":3.0,"gold_loss":0.0,"damage_taken":0.0}],"is_beta":false,"boss_relics":[{"not_picked":["halation:SmartPhone","hubris:CrackedHourglass","halation:Yufonium"]}],"items_purged_floors":[],"is_endless":false,"potions_floor_spawned":[1,5,10,14,21,23],"killed_by":"ruina:Red_and_Wolf","ascension_level":1}}