{"host":"75labscqqrd170u0","time":1614392081,"event":{"mods":["BaseMod","Marisa????????","Minty Spire (QoL Compilation)","Replay The Spire","StSLib"],"gold_per_floor":[109,125,145,158,158,187,197,197,224,243,276,288,288,288,288,288,288],"floor_reached":16,"language":"ENG","playtime":444,"items_purged":[],"score":114,"play_id":"e447e0fd-272b-4c9d-80ea-56d0dfeec4cd","local_time":"20210226211441","is_ascension_mode":false,"campfire_choices":[{"floor":8,"key":"REST"},{"data":"Ball Lightning","floor":15,"key":"SMITH"}],"circlet_count":0,"master_deck":["Strike_B","Strike_B","Strike_B","Defend_B","Defend_B+1","Defend_B","Defend_B","Zap","Dualcast","Streamline","Ball Lightning+1","Ball Lightning+1","Ball Lightning","Sweeping Beam","Injury","ReplaySort+1"],"relics":["Cracked Core","ReplayTheSpireMod:Shallot","Anchor","Golden Idol"],"acts_visited":["Exordium"],"potions_floor_usage":[10],"damage_taken":[{"damage":0,"enemies":"Cultist","floor":1,"turns":3},{"damage":1,"enemies":"2 Louse","floor":2,"turns":2},{"damage":0,"enemies":"Small Slimes","floor":3,"turns":3},{"damage":10,"enemies":"Looter","floor":4,"turns":2},{"damage":12,"enemies":"Gremlin Nob","floor":6,"turns":3},{"damage":4,"enemies":"Large Slime","floor":7,"turns":4},{"damage":0,"enemies":"3 Louse","floor":10,"turns":2},{"damage":11,"enemies":"Lagavulin","floor":11,"turns":4},{"damage":3,"enemies":"Exordium Thugs","floor":12,"turns":3},{"damage":0,"enemies":"The Guardian","floor":16,"turns":1}],"seed_played":"8149194466362952475","potions_obtained":[{"floor":4,"key":"Energy Potion"},{"floor":6,"key":"Weak Potion"},{"floor":7,"key":"Energy Potion"},{"floor":12,"key":"Explosive Potion"}],"is_trial":false,"path_per_floor":["M","M","M","M","?","E","M","R","T","M","E","M","?","?","R","B"],"character_chosen":"DEFECT","items_purchased":[],"campfire_rested":1,"item_purchase_floors":[],"current_hp_per_floor":[82,81,81,71,55,43,39,63,63,63,52,49,49,49,49,49,49],"gold":288,"neow_bonus":"TEN_PERCENT_HP_BONUS","is_daily":false,"chose_seed":false,"campfire_upgraded":1,"win_rate":0.0,"timestamp":1614392081,"path_taken":["M","M","M","M","?","E","M","R","T","M","E","M","?","?","R","BOSS"],"items_purchased_type":[],"build_version":"2020-12-13","purchased_purges":0,"victory":false,"max_hp_per_floor":[82,82,82,82,82,82,82,82,82,82,82,82,82,82,82,82,82],"card_choices":[{"not_picked":["Panic Button","Chaos"],"picked":"Streamline","floor":1},{"not_picked":["Coolheaded","Go for the Eyes","Heatsinks"],"picked":"SKIP","floor":2},{"not_picked":["Melter","Coolheaded"],"picked":"Ball Lightning","floor":3},{"not_picked":["ReplaySolidLightProjector","Redo"],"picked":"Ball Lightning","floor":4},{"not_picked":["Crystallizer","Chaos","Rip and Tear"],"picked":"SKIP","floor":6},{"not_picked":["Beam Cell","Melter"],"picked":"Ball Lightning","floor":7},{"not_picked":["ReplaySort","ReplaySolidLightProjector","Coolheaded"],"picked":"SKIP","floor":10},{"not_picked":["Doom and Gloom","Turbo","Steam"],"picked":"SKIP","floor":11},{"not_picked":["Multi-Cast","Auto Shields"],"picked":"Sweeping Beam","floor":12}],"player_experience":121303,"relics_obtained":[{"floor":6,"key":"ReplayTheSpireMod:Shallot"},{"floor":11,"key":"Anchor"}],"event_choices":[{"damage_healed":0,"gold_gain":0,"player_choice":"Entered Light","damage_taken":16,"max_hp_gain":0,"max_hp_loss":0,"event_name":"Shining Light","floor":5,"gold_loss":0,"cards_upgraded":["Ball Lightning","Defend_B"]},{"damage_healed":0,"gold_gain":0,"player_choice":"Take Wound","damage_taken":0,"relics_obtained":["Golden Idol"],"max_hp_gain":0,"max_hp_loss":0,"event_name":"Golden Idol","floor":13,"gold_loss":0,"cards_obtained":["Injury"]}],"is_beta":false,"boss_relics":[],"items_purged_floors":[],"is_endless":false,"potions_floor_spawned":[4,6,7,12],"killed_by":"The Guardian","ascension_level":0}}