{"host":"3l94tha3a4jgu0q4","time":1614403604,"event":{"mods":["2.2 Compatiblity","AchievementEnabler","Aspiration","BaseMod","Better Altar","Better Match","Better Note","Better Sensory Stone","Better Skull","Better Third Choice","Colored Map","Colored Powertips","Fox Events","Hermit","Highlight Path","Hubris","Humility","Minty Spire (QoL Compilation)","Monster B Gone","Permanent Neow","Relic Stats","Replay The Spire","StSLib","SuperFastMode","The IronCluck","Wandering Minibosses","slay the spire mod where everything is the same but ironclad has a cowboy hat"],"gold_per_floor":[160,170,19,0,26,26,26,26,26],"floor_reached":8,"language":"ENG","playtime":169,"items_purged":["Strike_P"],"score":86,"play_id":"7800e6e5-c213-4597-89ed-c6609b7c85dd","local_time":"20210226212644","is_ascension_mode":true,"campfire_choices":[{"data":"Eruption","floor":6,"key":"SMITH"}],"circlet_count":0,"master_deck":["AscendersBane","Strike_P","Strike_P","Strike_P","Defend_P","Defend_P","Defend_P","Defend_P","Eruption+1","Vigilance+1","EmptyFist","Evaluate","Halt","MentalFortress"],"relics":["Tiny House","foxEvents:LuckyCharm"],"acts_visited":["Exordium"],"potions_floor_usage":[5,8,8],"damage_taken":[{"damage":17,"enemies":"Jaw Worm","floor":1,"turns":6},{"damage":0,"enemies":"2 Louse","floor":2,"turns":4},{"damage":24,"enemies":"Colosseum Slavers","floor":5,"turns":6},{"damage":43,"enemies":"Gremlin Nob","floor":8,"turns":3}],"seed_played":"6126105283145012919","potions_obtained":[{"floor":0,"key":"Toxic Potion"},{"floor":1,"key":"Elixir"},{"floor":5,"key":"EssenceOfSteel"}],"is_trial":false,"path_per_floor":["M","M","$","?","?","R","$","E"],"character_chosen":"WATCHER","items_purchased":["MentalFortress"],"campfire_rested":0,"item_purchase_floors":[3],"current_hp_per_floor":[49,49,49,49,25,25,25,0,0],"gold":26,"neow_bonus":"BOSS_RELIC","is_daily":false,"chose_seed":false,"campfire_upgraded":1,"win_rate":0.0,"timestamp":1614403604,"path_taken":["M","M","$","?","?","R","?","E"],"items_purchased_type":["Card"],"build_version":"2020-12-22","purchased_purges":1,"victory":false,"max_hp_per_floor":[73,73,73,73,73,73,73,73,73],"relic_stats":{"counters":[4,19],"obtain_stats":[{"Tiny House":0,"foxEvents:LuckyCharm":5,"PureWater":0},{"Tiny House":0,"foxEvents:LuckyCharm":3,"PureWater":0},{"Tiny House":0,"foxEvents:LuckyCharm":16,"PureWater":0}]},"card_choices":[{"not_picked":["Consecrate","PathToVictory"],"picked":"EmptyFist","floor":0},{"not_picked":["Ragnarok","Protect"],"picked":"Evaluate","floor":1},{"not_picked":["BowlingBash","WreathOfFlame"],"picked":"Halt","floor":2}],"player_experience":2000153,"relics_obtained":[{"floor":5,"key":"foxEvents:LuckyCharm"}],"event_choices":[{"damage_healed":0,"gold_gain":0,"player_choice":"Left","damage_taken":0,"max_hp_gain":0,"max_hp_loss":0,"event_name":"betterThird:BetterGoop","floor":4,"gold_loss":19}],"is_beta":false,"boss_relics":[],"items_purged_floors":[3],"is_endless":false,"potions_floor_spawned":[1,5],"killed_by":"Gremlin Nob","ascension_level":19,"is_humility":true}}