{"host":"dbkc9h3etq50r1dq","time":1614454811,"event":{"mods":["100% Spire Juice","AchievementEnabler","BaseMod","Block Reminder","Colored Powertips","Curses Come First","Dark Map","Highlight Path","Keyboard Shortcuts","Minty Spire (QoL Compilation)","Permanent Neow","Potion Indicator Mod","Random Character Button","Rare Cards Sparkle","StSLib","SuperFastMode","Weighted Paths"],"gold_per_floor":[113,188,188,212,59,99,99,178,178,202,22,65,65,81,81,81,81],"floor_reached":16,"language":"ZHS","playtime":429,"items_purged":[],"score":193,"play_id":"c570fd1a-40c8-45c8-b8a8-c4c7b36bb16d","local_time":"20210228034011","is_ascension_mode":true,"campfire_choices":[{"floor":7.0,"key":"REST"},{"floor":13,"key":"REST"},{"floor":15,"key":"REST"}],"circlet_count":0,"master_deck":["Strike_R","Strike_R","Strike_R","Strike_R","Strike_R","Defend_R","Defend_R","Defend_R","Defend_R","Bash","Shrug It Off","Whirlwind","Shrug It Off","Flex","Battle Trance","Flex","Armaments","Bloodletting"],"relics":["Burning Blood","Potion Belt","Golden Idol","Juzu Bracelet","Blue Candle","Shovel","Torii","The Courier"],"acts_visited":["Exordium"],"potions_floor_usage":[12,12,16,16],"damage_taken":[{"damage":7.0,"enemies":"Jaw Worm","floor":1.0,"turns":3.0},{"damage":0.0,"enemies":"2 Louse","floor":4.0,"turns":2.0},{"damage":65.0,"enemies":"Lagavulin","floor":6.0,"turns":8.0},{"damage":20.0,"enemies":"Gremlin Nob","floor":8.0,"turns":4.0},{"damage":8.0,"enemies":"Small Slimes","floor":10.0,"turns":3.0},{"damage":0,"enemies":"3 Sentries","floor":12,"turns":1},{"damage":2,"enemies":"Blue Slaver","floor":14,"turns":5},{"damage":52,"enemies":"Hexaghost","floor":16,"turns":9}],"seed_played":"2530549239514426872","potions_obtained":[{"floor":1.0,"key":"Fire Potion"},{"floor":10.0,"key":"ColorlessPotion"},{"floor":12,"key":"FearPotion"},{"floor":14,"key":"LiquidBronze"}],"is_trial":false,"path_per_floor":["M","?","?","M","$","E","R","?","T","M","$","E","R","M","R","B"],"character_chosen":"IRONCLAD","items_purchased":["Juzu Bracelet","Battle Trance","Flex","Swift Potion"],"campfire_rested":3,"item_purchase_floors":[5,11,11,11],"current_hp_per_floor":[71,60,60,66,66,7,29,15,15,13,13,19,41,45,67,15,15],"gold":81,"neow_bonus":"RANDOM_COMMON_RELIC","is_daily":false,"chose_seed":false,"campfire_upgraded":0,"win_rate":0.0,"timestamp":1614454811,"path_taken":["M","?","?","M","?","E","R","?","T","M","$","E","R","M","R","BOSS"],"items_purchased_type":["Relic","Card","Card","Potion"],"build_version":"2020-12-22","purchased_purges":0,"victory":false,"max_hp_per_floor":[80,80,74,74,74,74,74,74,74,74,74,74,74,74,74,74,74],"card_choices":[{"not_picked":["Reckless Charge","Perfected Strike","Pommel Strike"],"picked":"SKIP","floor":1.0},{"not_picked":["Feel No Pain","Thunderclap"],"picked":"Shrug It Off","floor":4.0},{"not_picked":["True Grit","Headbutt"],"picked":"Whirlwind","floor":6.0},{"not_picked":["Pommel Strike","Reckless Charge"],"picked":"Shrug It Off","floor":8.0},{"not_picked":["Feed","Uppercut"],"picked":"Flex","floor":10.0},{"not_picked":["Clothesline","Immolate"],"picked":"Armaments","floor":12},{"not_picked":["Combust","Shrug It Off"],"picked":"Bloodletting","floor":14}],"player_experience":217024,"relics_obtained":[{"floor":6.0,"key":"Blue Candle"},{"floor":8.0,"key":"Shovel"},{"floor":9.0,"key":"Torii"},{"floor":12,"key":"The Courier"}],"event_choices":[{"damage_healed":0.0,"max_hp_gain":0.0,"max_hp_loss":0.0,"gold_gain":75.0,"event_name":"World of Goop","player_choice":"Gather Gold","floor":2.0,"gold_loss":0.0,"damage_taken":11.0},{"damage_healed":0.0,"max_hp_gain":0.0,"max_hp_loss":6.0,"gold_gain":0.0,"event_name":"Golden Idol","player_choice":"Lose Max HP","floor":3.0,"gold_loss":0.0,"damage_taken":0.0,"relics_obtained":["Golden Idol"]},{"damage_healed":0.0,"max_hp_gain":0.0,"max_hp_loss":0.0,"gold_gain":0.0,"event_name":"Dead Adventurer","player_choice":"Searched \u00271\u0027 times","floor":8.0,"gold_loss":0.0,"damage_taken":0.0}],"is_beta":false,"boss_relics":[],"items_purged_floors":[],"is_endless":false,"potions_floor_spawned":[1,10,12,14],"killed_by":"Hexaghost","ascension_level":9}}