{"host":"nihqlga4zpmrcpl9","time":1614460874,"event":{"mods":["BaseMod","Downfall","LagranYue(拉格朗・月)","Marisa（F雨　魔理沙）","Minty Spire (QoL Compilation)","Replay The Spire","Shop Mod","StSLib","The Bug Knight","The Cursed","The Hierophant","The Servant 0.9.4"],"gold_per_floor":[99,112,125,140,140,140,140,240,251,279,294,310,210,225,238,340,340,340,358,378,391,18,18,18,34,134,134,84,96,96,106,122,217,217,17,31,41,52,67,67,67,67,67,67],"floor_reached":42,"language":"ZHS","playtime":3338,"items_purged":[],"score":433,"play_id":"5809dfcb-1c19-4997-9e1d-59402fa409b1","local_time":"20210228052114","is_ascension_mode":false,"campfire_choices":[{"floor":1,"key":"DIG"},{"data":"Guardian:TemporalShield","floor":6,"key":"SMITH"},{"data":"Guardian:Planning","floor":13,"key":"SMITH"},{"floor":18,"key":"RECALL"},{"data":"Guardian:ConstructionForm","floor":23,"key":"SMITH"},{"data":"Guardian:PrismaticBarrier","floor":27,"key":"SMITH"},{"data":"Guardian:TimeCapacitor","floor":30,"key":"SMITH"},{"data":"Guardian:ConstructionForm","floor":35,"key":"SMITH"}],"circlet_count":0,"master_deck":["Guardian:Strike_Guardian","Guardian:Strike_Guardian","Guardian:Strike_Guardian","Guardian:Strike_Guardian","Guardian:Defend_Guardian","Guardian:Defend_Guardian","Guardian:Defend_Guardian","Guardian:Defend_Guardian","Guardian:CurlUp","Guardian:TwinSlam","Guardian:Planning+1","Guardian:TemporalShield+1","Guardian:TimeSifter","Guardian:PrimingBeam","Guardian:BronzeOrb","Guardian:ConstructionForm+1","Guardian:TemporalStrike","Guardian:TimeCapacitor+1","Guardian:ShieldCharger+1","Guardian:PrismaticBarrier+1","Guardian:PrismaticBarrier","Guardian:ConstructionForm+1","Guardian:Gem_Red","Guardian:Gem_White","Guardian:DecasProtection","Guardian:Gem_Cyan"],"relics":["Guardian:ModeShifter","LagranYue:RandomDrawCardRelic","HollowMod:PaleOreRelic","Sundial","downfall:HeartBlessingGreen","Guardian:StasisSlotReductionRelic","MerchantsRug","Shuriken","Gambling Chip","Bottled Lightning","Sozu","downfall:HeartBlessingRed","downfall:HeartBlessingBlue","Mercury Hourglass","Blue Doll"],"acts_visited":["Exordium","TheCity","TheBeyond"],"potions_floor_usage":[16,16,16,16,31,33],"damage_taken":[{"damage":1,"enemies":"Jaw Worm","floor":2,"turns":4},{"damage":0,"enemies":"Small Slimes","floor":3,"turns":3},{"damage":0,"enemies":"Cultist","floor":4,"turns":3},{"damage":7,"enemies":"2 Fungi Beasts","floor":9,"turns":4},{"damage":17,"enemies":"3 Sentries","floor":10,"turns":16},{"damage":0,"enemies":"3 Louse","floor":11,"turns":4},{"damage":2,"enemies":"downfall:LooterAlt","floor":12,"turns":5},{"damage":0,"enemies":"2 Fungi Beasts","floor":14,"turns":5},{"damage":4,"enemies":"Blue Slaver","floor":15,"turns":3},{"damage":53,"enemies":"WA_ARCHETYPE_RETAIN","floor":16,"turns":19},{"damage":2,"enemies":"Shell Parasite","floor":19,"turns":7},{"damage":5,"enemies":"downfall:LooterAlt2","floor":20,"turns":7},{"damage":6,"enemies":"Sentry and Sphere","floor":21,"turns":8},{"damage":0,"enemies":"downfall:FleeingMerchant","floor":22,"turns":4},{"damage":28,"enemies":"Snake Plant","floor":25,"turns":5},{"damage":10,"enemies":"IC_STATUS_ARCHETYPE","floor":26,"turns":11},{"damage":5,"enemies":"Snecko","floor":29,"turns":7},{"damage":0,"enemies":"3 Cultists","floor":31,"turns":7},{"damage":25,"enemies":"Chosen and Byrds","floor":32,"turns":9},{"damage":31,"enemies":"DF_ARCHETYPE_CLAW","floor":33,"turns":11},{"damage":17,"enemies":"3 Darklings","floor":36,"turns":7},{"damage":0,"enemies":"3 Shapes","floor":37,"turns":9},{"damage":28,"enemies":"3 Darklings","floor":38,"turns":9},{"damage":8,"enemies":"4 Shapes","floor":39,"turns":8},{"damage":46,"enemies":"Sphere and 2 Shapes","floor":42,"turns":3}],"seed_played":"383413896327656816","potions_obtained":[{"floor":3,"key":"EntropicBrew"},{"floor":10,"key":"CultistPotion"},{"floor":12,"key":"Ancient Potion"},{"floor":16,"key":"Ancient Potion"},{"floor":25,"key":"champ:CounterPotion"},{"floor":26,"key":"Explosive Potion"},{"floor":29,"key":"Milkshake"},{"floor":32,"key":"Slimebound:ThreeZeroPotion"}],"is_trial":false,"path_per_floor":["R","M","M","M","?","R","T","?","M","E","M","M","R","M","M","B",null,"R","M","M","M","$","R","T","M","?","R","?","M","R","M","M","B",null,"R","M","M","M","M","?","T","M"],"character_chosen":"GUARDIAN","items_purchased":["MerchantsRug","Shuriken","Guardian:TimeCapacitor","Guardian:ShieldCharger+1"],"campfire_rested":0,"item_purchase_floors":[22,22,22,22],"current_hp_per_floor":[88,87,87,87,87,87,87,87,80,63,63,61,61,61,57,4,88,88,86,81,75,75,75,75,47,37,37,69,64,64,64,39,8,88,98,81,81,53,45,45,45,0,0,0],"gold":67,"neow_bonus":"TEN_PERCENT_HP_BONUS","is_daily":false,"chose_seed":false,"campfire_upgraded":6,"win_rate":0.0,"timestamp":1614460874,"path_taken":["R","M","M","M","?","R","T","?","M","E","M","M","R","M","M","BOSS","R","M","M","M","?","R","T","M","?","R","?","M","R","M","M","BOSS","R","M","M","M","M","?","T","M"],"items_purchased_type":["Relic","Relic","Card","Card"],"build_version":"2020-12-22","purchased_purges":0,"victory":false,"max_hp_per_floor":[88,88,88,88,88,88,88,88,88,88,88,88,88,88,88,88,88,88,88,88,88,88,88,88,88,88,88,88,88,88,88,88,88,88,98,98,98,98,98,98,98,98,98,98],"card_choices":[{"not_picked":["Guardian:CrystalBeam","Guardian:Suspension"],"picked":"Guardian:Planning","floor":2},{"not_picked":["Guardian:Reroute","Guardian:ShieldCharger"],"picked":"Guardian:TemporalShield","floor":3},{"not_picked":["Guardian:ShieldCharger","Guardian:ChargeCore"],"picked":"Guardian:TimeSifter","floor":4},{"not_picked":["Guardian:BronzeOrb","Guardian:PrimingBeam"],"picked":"Guardian:Gem_Cyan","floor":9},{"not_picked":["Guardian:CrystalBeam","Guardian:Reroute"],"picked":"Guardian:PrimingBeam","floor":10},{"not_picked":["Guardian:Harden","Guardian:Recover"],"picked":"Guardian:Gem_Green","floor":11},{"not_picked":["Guardian:Suspension","Guardian:BodySlam"],"picked":"Guardian:Gem_Green","floor":12},{"not_picked":["Guardian:Incinerate","Guardian:Reroute"],"picked":"Guardian:Gem_Cyan","floor":14},{"not_picked":["Guardian:WalkerClaw","Guardian:VentSteam"],"picked":"Guardian:BronzeOrb","floor":15},{"not_picked":["Guardian:Gem_Orange","Guardian:BaubleBeam"],"picked":"Guardian:ConstructionForm","floor":16},{"not_picked":["Guardian:Harden","Guardian:RollAttack+1"],"picked":"Guardian:TemporalStrike","floor":19},{"not_picked":["Guardian:CrystalBeam","Guardian:RollAttack"],"picked":"Guardian:Gem_Fragmented","floor":20},{"not_picked":["Guardian:RollAttack","Guardian:Emergency"],"picked":"Guardian:Gem_Blue","floor":21},{"not_picked":["Guardian:Emergency","Guardian:CrystalBeam"],"picked":"Guardian:Gem_Lightblue","floor":22},{"not_picked":["Guardian:TemporalStrike","Guardian:Suspension"],"picked":"Guardian:PrismaticBarrier","floor":25},{"not_picked":["Guardian:ArmoredProtocol+1","Guardian:Incinerate+1"],"picked":"Guardian:Gem_Green","floor":26},{"not_picked":["Guardian:DecasProtection+1","Guardian:TemporalStrike+1"],"picked":"Guardian:Gem_Purple","floor":29},{"not_picked":["Guardian:CrystalBeam","Guardian:Gem_Red"],"picked":"Guardian:PrismaticBarrier","floor":31},{"not_picked":["Guardian:ExploitGems","Guardian:RollAttack","Guardian:Harden"],"picked":"SKIP","floor":32},{"not_picked":["Guardian:TimeSifter","Guardian:BaubleBeam"],"picked":"Guardian:ConstructionForm","floor":33},{"not_picked":["Guardian:Reroute+1","Guardian:BronzeArmor+1"],"picked":"Guardian:Gem_Red","floor":36},{"not_picked":["Guardian:TimeCapacitor","Guardian:Gem_Red"],"picked":"Guardian:Gem_White","floor":37},{"not_picked":["Guardian:DonusPower","Guardian:Gem_Red"],"picked":"Guardian:DecasProtection","floor":38},{"not_picked":["Guardian:RefractedBeam+1","Guardian:VentSteam"],"picked":"Guardian:Gem_Cyan","floor":39}],"player_experience":926464,"relics_obtained":[{"floor":1,"key":"HollowMod:PaleOreRelic"},{"floor":7,"key":"Sundial"},{"floor":10,"key":"Bottled Tornado"},{"floor":26,"key":"Gambling Chip"},{"floor":26,"key":"Bottled Lightning"},{"floor":40,"key":"Mercury Hourglass"},{"floor":41,"key":"Blue Doll"}],"event_choices":[],"is_beta":false,"boss_relics":[{"not_picked":["Replay:Grab Bag","Busted Crown"],"picked":"Guardian:StasisSlotReductionRelic"},{"not_picked":["Cursed Key","Velvet Choker"],"picked":"Sozu"}],"items_purged_floors":[],"is_endless":false,"potions_floor_spawned":[3,10,12,14,16,21,25,26,29,32,37,39],"killed_by":"Sphere and 2 Shapes","ascension_level":0}}