{"host":"q8ewzd1tf4mqkgtb","time":1614418317,"event":{"mods":["Ascension Unlocker","BaseMod","Colored Map","Faster Ascension Climbing","Minty Spire (QoL Compilation)","Relic Stats","StSLib","UnlockEverythingMod"],"gold_per_floor":[113,128,143,156,156,182,198,198,270,285,285,285,285,295,295,295,295],"floor_reached":16,"language":"ENG","playtime":6906,"items_purged":[],"score":233,"play_id":"948c62b3-d5a6-4df3-ba6d-b1b1ca17acac","local_time":"20210227033157","is_ascension_mode":true,"campfire_choices":[{"data":"Feed","floor":8,"key":"SMITH"},{"data":"Bash","floor":11,"key":"SMITH"},{"data":"Armaments","floor":15,"key":"SMITH"}],"circlet_count":0,"master_deck":["AscendersBane","Strike_R","Strike_R","Strike_R","Defend_R","Defend_R","Defend_R","Defend_R","Bash+1","Feed+1","Armaments+1","Headbutt","Battle Trance","Bludgeon","Rupture","Second Wind","Burning Pact"],"relics":["Burning Blood","Molten Egg 2"],"acts_visited":["Exordium"],"potions_floor_usage":[6,16,16],"damage_taken":[{"damage":6,"enemies":"Cultist","floor":1,"turns":3},{"damage":13,"enemies":"Jaw Worm","floor":2,"turns":5},{"damage":9,"enemies":"2 Louse","floor":3,"turns":7},{"damage":18,"enemies":"Large Slime","floor":4,"turns":10},{"damage":27,"enemies":"3 Sentries","floor":6,"turns":9},{"damage":11,"enemies":"3 Louse","floor":7,"turns":4},{"damage":24,"enemies":"Lots of Slimes","floor":10,"turns":6},{"damage":0,"enemies":"2 Fungi Beasts","floor":14,"turns":3},{"damage":52,"enemies":"Hexaghost","floor":16,"turns":9}],"seed_played":"8296032143672467935","potions_obtained":[{"floor":4,"key":"DuplicationPotion"},{"floor":6,"key":"BloodPotion"},{"floor":14,"key":"Dexterity Potion"}],"is_trial":false,"path_per_floor":["M","M","M","M","?","E","M","R","T","M","R","?","?","M","R","B"],"character_chosen":"IRONCLAD","items_purchased":[],"campfire_rested":0,"item_purchase_floors":[],"current_hp_per_floor":[71,68,68,60,60,43,42,42,42,28,28,28,21,31,31,0,0],"gold":295,"neow_bonus":"THREE_RARE_CARDS","is_daily":false,"chose_seed":false,"campfire_upgraded":3,"win_rate":0.0,"timestamp":1614418317,"path_taken":["M","?","M","M","?","E","M","R","T","M","R","?","?","M","R","BOSS"],"items_purchased_type":[],"build_version":"2020-12-22","purchased_purges":0,"victory":false,"max_hp_per_floor":[71,75,78,82,82,86,90,90,90,94,94,94,94,98,98,98,98],"relic_stats":{"counters":[9,56],"obtain_stats":[{"Molten Egg 2":6,"Burning Blood":0},{"Molten Egg 2":5,"Burning Blood":0},{"Molten Egg 2":34,"Burning Blood":0}],"Burning Blood":48},"card_choices":[{"not_picked":["Limit Break","Berserk"],"picked":"Feed","floor":0},{"not_picked":["Heavy Blade","Sword Boomerang"],"picked":"Armaments","floor":1},{"not_picked":["Twin Strike","True Grit"],"picked":"Headbutt","floor":2},{"not_picked":["Anger","Iron Wave"],"picked":"Battle Trance","floor":3},{"not_picked":["Clash","Sentinel"],"picked":"Bludgeon","floor":4},{"not_picked":["Armaments","Anger+1"],"picked":"Second Wind","floor":6},{"not_picked":["Headbutt+1","Rupture","Thunderclap+1"],"picked":"SKIP","floor":7},{"not_picked":["Rage","Metallicize"],"picked":"Burning Pact","floor":10},{"not_picked":["Perfected Strike+1","Iron Wave+1","Pommel Strike+1"],"picked":"SKIP","floor":14}],"player_experience":614346,"relics_obtained":[{"floor":6,"key":"Molten Egg 2"}],"event_choices":[{"damage_healed":0,"gold_gain":0,"cards_transformed":["Strike_R"],"player_choice":"Change","damage_taken":0,"max_hp_gain":0,"max_hp_loss":0,"event_name":"Living Wall","floor":5,"gold_loss":0,"cards_obtained":["Rupture"]},{"damage_healed":0,"gold_gain":0,"player_choice":"Ignored","damage_taken":0,"max_hp_gain":0,"max_hp_loss":0,"event_name":"Liars Game","floor":12,"gold_loss":0},{"cards_removed":["Strike_R"],"damage_healed":0,"gold_gain":0,"player_choice":"Card Removal","damage_taken":7,"max_hp_gain":0,"max_hp_loss":0,"event_name":"Golden Wing","floor":13,"gold_loss":0}],"is_beta":false,"boss_relics":[],"items_purged_floors":[],"is_endless":false,"potions_floor_spawned":[4,6,14],"killed_by":"Hexaghost","ascension_level":20}}