{"host":"3498uni0c31c9bdm","time":1614396200,"event":{"mods":["BaseMod","Better Match","Better Note","Better Sensory Stone","Better Skull","Better Third Choice","Colored Map","Minty Spire (QoL Compilation)","Quick Restart","RNG Fix","Random Character Button","Replay The Spire","Shop Mod","Smile Girya","StSLib","Unceasing Turn Reminder"],"gold_per_floor":[113,163,185,258,305,357,369,381,441,471,425,457,103,103,103,196,196,224,224,262,289,289,289,289],"floor_reached":23,"language":"ENG","playtime":571,"items_purged":[],"score":444,"play_id":"8cd5dfdb-f112-4385-a40a-6c3e1ad7a94d","local_time":"20210227142320","is_ascension_mode":true,"campfire_choices":[{"floor":7,"key":"REST"},{"floor":15,"key":"REST"}],"circlet_count":0,"master_deck":["AscendersBane","Strike_P","Strike_P","Strike_P","Strike_P","Defend_P","Defend_P","Defend_P","Defend_P","Eruption","Vigilance","Consecrate","CommonCold","CrushJoints","FlurryOfBlows","Hallucinations","EmptyFist","SashWhip","Injury","Decay","SpiritShield+1","Replay:DivineShield+1","PathToVictory+1","PathToVictory+1","DevaForm+1","SashWhip","Protect"],"relics":["PureWater","NeowsBlessing","ReplayTheSpireMod:Ring of Challenge","Ring of Greed","MawBank","Golden Egg","Letter Opener","Golden Idol","Replay:Mystery Machine","betterThird:SlimedRelic","Lizard Tail","Omamori","VioletLotus"],"acts_visited":["Exordium","TheCity"],"potions_floor_usage":[6,16,16],"damage_taken":[{"damage":0,"enemies":"2 Louse","floor":1,"turns":2},{"damage":0,"enemies":"Small Slimes","floor":3,"turns":1},{"damage":0,"enemies":"Jaw Worm","floor":4,"turns":1},{"damage":10,"enemies":"Large Slime","floor":5,"turns":4},{"damage":35,"enemies":"3 Sentries","floor":6,"turns":10},{"damage":23,"enemies":"3 Louse","floor":10,"turns":4},{"damage":0,"enemies":"Looter","floor":12,"turns":2},{"damage":13,"enemies":"Slime Boss","floor":16,"turns":7},{"damage":25,"enemies":"Chosen","floor":18,"turns":6},{"damage":42,"enemies":"Spheric Guardian","floor":20,"turns":7},{"damage":27,"enemies":"Slavers","floor":23,"turns":1}],"seed_played":"-7868122805592740723","potions_obtained":[{"floor":4,"key":"Strength Potion"},{"floor":5,"key":"Languid Potion"},{"floor":6,"key":"LiquidMemories"},{"floor":12,"key":"Cursed Concoction"}],"is_trial":false,"path_per_floor":["M","?","M","M","M","E","R","?","T","M","?","M","$","T","R","B",null,"M","?","M","T","?","E"],"character_chosen":"WATCHER","items_purchased":["Lizard Tail","PathToVictory"],"campfire_rested":2,"item_purchase_floors":[13,13],"current_hp_per_floor":[61,61,61,61,51,16,36,36,36,13,2,2,2,2,22,9,53,28,28,24,24,24,0,0],"gold":289,"neow_bonus":"THREE_ENEMY_KILL","is_daily":false,"chose_seed":false,"campfire_upgraded":0,"win_rate":0.0,"timestamp":1614396200,"path_taken":["M","?","M","?","?","E","R","?","T","M","?","?","$","?","R","BOSS","M","?","M","?","?","E"],"items_purchased_type":["Relic","Card"],"build_version":"2020-12-22","purchased_purges":0,"victory":false,"max_hp_per_floor":[68,68,68,68,68,68,68,68,68,68,68,68,68,68,68,68,68,68,68,68,68,68,68,68],"card_choices":[{"not_picked":["Swivel","CarveReality"],"picked":"Consecrate","floor":1},{"not_picked":["LikeWater","Consecrate"],"picked":"CrushJoints","floor":3},{"not_picked":["CutThroughFate","Worship"],"picked":"FlurryOfBlows","floor":4},{"not_picked":["Conclude","SashWhip"],"picked":"EmptyFist","floor":5},{"not_picked":["Swivel","ClearTheMind"],"picked":"SashWhip","floor":6},{"not_picked":["Consecrate","Prostrate"],"picked":"SpiritShield","floor":10},{"not_picked":["Prostrate","ThirdEye"],"picked":"Replay:DivineShield","floor":12},{"not_picked":["Blasphemy","ConjureBlade"],"picked":"DevaForm","floor":16},{"not_picked":["Halt","Consecrate"],"picked":"SashWhip","floor":18},{"not_picked":["ClearTheMind","Replay:AtTheReady"],"picked":"Protect","floor":20}],"player_experience":949908,"relics_obtained":[{"floor":2,"key":"ReplayTheSpireMod:Ring of Challenge"},{"floor":2,"key":"Ring of Greed"},{"floor":2,"key":"MawBank"},{"floor":2,"key":"Golden Egg"},{"floor":6,"key":"Letter Opener"},{"floor":9,"key":"Replay:Mystery Machine"},{"floor":14,"key":"Omamori"}],"event_choices":[{"damage_healed":0,"gold_gain":0,"player_choice":"Take Wound","damage_taken":0,"relics_obtained":["Golden Idol"],"max_hp_gain":0,"max_hp_loss":0,"event_name":"Golden Idol","floor":8,"gold_loss":0,"cards_obtained":["Injury"]},{"damage_healed":0,"gold_gain":0,"player_choice":"Slimed","damage_taken":11,"max_hp_gain":0,"max_hp_loss":0,"event_name":"betterThird:BetterGoop","floor":11,"gold_loss":58},{"damage_healed":0,"gold_gain":0,"player_choice":"Upgraded","damage_taken":0,"max_hp_gain":0,"max_hp_loss":0,"event_name":"Upgrade Shrine","floor":19,"gold_loss":0,"cards_upgraded":["Replay:DivineShield"]},{"damage_healed":0,"gold_gain":0,"player_choice":"Ignored","damage_taken":0,"max_hp_gain":0,"max_hp_loss":0,"event_name":"Cursed Tome","floor":22,"gold_loss":0}],"is_beta":false,"boss_relics":[{"not_picked":["Replay:Wanted Poster","Snecko Eye"],"picked":"VioletLotus"}],"items_purged_floors":[],"is_endless":false,"potions_floor_spawned":[4,5,6,12],"killed_by":"Slavers","ascension_level":16}}