{"host":"7k2a2omxz3voj5ax","time":1614444314,"event":{"mods":["BaseMod","Marisa£¨ìFÓê¡¡Ä§ÀíÉ³£©","Minty Spire (QoL Compilation)","Quick Restart","Spicy Shops","StSLib","Starting Relic: Pandora\u0027s Box","Yakumo Yukari mod","¡¾ÒÅÎï¿¨ÅÆ¡¿REMEMod","óô»ðÖ¸ÄÏ"],"gold_per_floor":[109,119,45,45,10,10,33,66,66,99,99,99,134,159,188,204,258,661,714,714,152,372,372,399,399,440,538,538,88,152,28,63,162,226,369,369,625,418,441,356,356,607,607,1023,1023,1172,1417,1417,980,653,205,605,605,605,605,605,1636,1636,1636,394,811,811,811,1811,1811,1686,1548,1588,1588],"floor_reached":70,"language":"ZHS","playtime":2583,"items_purged":["MysteriousBeam","UpSweep","GrandCross","GalacticHalo","EventHorizon","GasGiant","Burning Pact","Robbery+1","BlazeAway+1"],"score":2335,"play_id":"4c6e4d0a-0eb5-4f92-b538-feed0d9d76c5","local_time":"20210228014514","is_ascension_mode":true,"campfire_choices":[{"data":"EarthLightRay","floor":9.0,"key":"SMITH"},{"data":"EscapeVelocity","floor":20.0,"key":"SMITH"},{"data":"BlazeAway","floor":41.0,"key":"SMITH"},{"data":"MilkyWay","floor":43.0,"key":"SMITH"},{"floor":58.0,"key":"RECALL"},{"data":"REME_FirmDetermination","floor":63,"key":"SMITH"}],"circlet_count":2,"master_deck":["Burning Pact","EarthLightRay+1","PowerUp","EscapeVelocity+1","MilkyWay+1","GasGiant+1","Parasite","Parasite","REME_ShortnessOfBreath+1","REME_FirmDetermination+1","Singularity","ChargeUpSpray+1"],"relics":["MiniHakkero","REME_ComplimentaryCards","Toy Ornithopter","Golden Idol","BreadOfAWashokuLover","The Courier","Gremlin Horn","Meat on the Bone","Bag of Preparation","WingedGreaves","Old Coin","SimpleLauncher","Calipers","Incense Burner","REME_ChargedStone","Membership Card","Art of War","Chemical X","Potion Belt","Molten Egg 2","ShroomBag","Whetstone","Darkstone Periapt","Boot","FossilizedHelix","DollysMirror","Vajra","MealTicket","SlaversCollar","Lantern","Torii","Orichalcum","Nunchaku","TheAbacus","Akabeko","Bottled Lightning","Bottled Tornado","Ornamental Fan","War Paint","Sundial","Bird Faced Urn","AmplifyWand","InkBottle","CaptainsWheel","Mango","Thread and Needle","Medical Kit","Ice Cream","MagicBroom","SproutingBranch","Lizard Tail","TungstenRod","Ginger","Unceasing Top","Turnip","OrangePellets","Circlet"],"acts_visited":["Exordium","TheCity","TheBeyond","TheEnding"],"potions_floor_usage":[69,69,69,69],"damage_taken":[{"damage":8.0,"enemies":"Small Slimes","floor":1.0,"turns":2.0},{"damage":0.0,"enemies":"2 Louse","floor":2.0,"turns":1.0},{"damage":12.0,"enemies":"Jaw Worm","floor":7.0,"turns":2.0},{"damage":6.0,"enemies":"Lagavulin","floor":8.0,"turns":3.0},{"damage":0.0,"enemies":"Gremlin Nob","floor":10.0,"turns":2.0},{"damage":28.0,"enemies":"Lagavulin","floor":13.0,"turns":4.0},{"damage":11.0,"enemies":"Looter","floor":14.0,"turns":2.0},{"damage":9.0,"enemies":"2 Fungi Beasts","floor":15.0,"turns":2.0},{"damage":0.0,"enemies":"Exordium Thugs","floor":16.0,"turns":1.0},{"damage":0.0,"enemies":"Gremlin Nob","floor":17.0,"turns":2.0},{"damage":12.0,"enemies":"Gremlin Nob","floor":18.0,"turns":3.0},{"damage":12.0,"enemies":"Exordium Wildlife","floor":19.0,"turns":2.0},{"damage":5.0,"enemies":"The Guardian","floor":22.0,"turns":6.0},{"damage":12.0,"enemies":"Shell Parasite","floor":24.0,"turns":3.0},{"damage":12.0,"enemies":"Chosen","floor":26.0,"turns":3.0},{"damage":4.0,"enemies":"Centurion and Healer","floor":27.0,"turns":4.0},{"damage":14.0,"enemies":"Shelled Parasite and Fungi","floor":30.0,"turns":3.0},{"damage":14.0,"enemies":"Book of Stabbing","floor":32.0,"turns":3.0},{"damage":3.0,"enemies":"Gremlin Leader","floor":34.0,"turns":3.0},{"damage":32.0,"enemies":"Slavers","floor":35.0,"turns":3.0},{"damage":61.0,"enemies":"Gremlin Leader","floor":37.0,"turns":5.0},{"damage":6.0,"enemies":"3 Cultists","floor":42.0,"turns":3.0},{"damage":0.0,"enemies":"Collector","floor":44.0,"turns":4.0},{"damage":0.0,"enemies":"3 Shapes","floor":46.0,"turns":2.0},{"damage":22.0,"enemies":"3 Darklings","floor":47.0,"turns":3.0},{"damage":0.0,"enemies":"Reptomancer","floor":52.0,"turns":1.0},{"damage":0.0,"enemies":"Giant Head","floor":57.0,"turns":1.0},{"damage":0,"enemies":"Reptomancer","floor":61,"turns":1},{"damage":0,"enemies":"Donu and Deca","floor":64,"turns":1},{"damage":0,"enemies":"Shield and Spear","floor":68,"turns":1},{"damage":0,"enemies":"The Heart","floor":69,"turns":3}],"seed_played":"8908634335861941294","potions_obtained":[{"floor":2.0,"key":"Fire Potion"},{"floor":7.0,"key":"Strength Potion"},{"floor":13.0,"key":"FairyPotion"},{"floor":17.0,"key":"Dexterity Potion"},{"floor":30.0,"key":"BlessingOfTheForge"},{"floor":35.0,"key":"SteroidPotion"},{"floor":37.0,"key":"Regen Potion"},{"floor":47.0,"key":"Block Potion"},{"floor":57.0,"key":"LiquidMemories"},{"floor":68,"key":"CultistPotion"}],"is_trial":false,"path_per_floor":["M","M","$","?","?","?","M","E","R","E","T","T","E","M","M","M","E","?","M","R","R","B",null,"M","?","M","M","?","$","M","$","E","?","E","E","T","E","R","T","?","R","M","R","B",null,"M","M","?","$","$","R","E","T","?","T","T","E","R","?","R","E","$","R","B",null,"R","$","E","B",null],"character_chosen":"MARISA","items_purchased":["Toy Ornithopter","SimpleLauncher","Calipers","Incense Burner","Membership Card","Art of War","Chemical X","Potion Belt","Molten Egg 2","ShroomBag","DollysMirror","Singularity","Lantern","Torii","Orichalcum","Nunchaku","TheAbacus","Akabeko","Bottled Lightning","Bottled Tornado","Ornamental Fan","War Paint","Sundial","Bird Faced Urn","Medical Kit","Ice Cream","MagicBroom","SproutingBranch","Lizard Tail","TungstenRod","Ginger","Unceasing Top","Turnip","OrangePellets","Fruit Juice","LiquidMemories","ChargeUpSpray+1"],"campfire_rested":0,"item_purchase_floors":[3,21,21,21,29,29,29,29,29,31,38,49,49,49,49,49,50,50,50,50,51,51,51,51,60,60,60,60,60,60,60,60,60,60,60,60,60],"current_hp_per_floor":[46,50,50,50,68,68,57,60,60,69,69,69,41,36,45,46,52,40,46,46,46,54,65,60,60,55,72,72,72,64,64,60,60,67,45,45,36,36,36,36,36,52,52,62,77,82,60,50,65,80,80,82,82,82,82,96,96,96,96,101,101,101,101,101,101,101,101,101,101],"gold":1588,"neow_bonus":"REMOVE_TWO","is_daily":false,"chose_seed":false,"campfire_upgraded":5,"win_rate":0.0,"timestamp":1614444314,"path_taken":["M","M","$","?","?","?","M","E","R","E","T","T","E","M","M","M","E","?","M","R","R","BOSS","M","?","M","M","?","?","M","$","E","?","E","E","T","E","R","?","?","R","M","R","BOSS","M","M","?","?","$","R","E","?","?","T","T","E","R","?","R","E","$","R","BOSS","R","$","E","BOSS"],"items_purchased_type":["Relic","Relic","Relic","Relic","Relic","Relic","Relic","Relic","Relic","Relic","Relic","Card","Relic","Relic","Relic","Relic","Relic","Relic","Relic","Relic","Relic","Relic","Relic","Relic","Relic","Relic","Relic","Relic","Relic","Relic","Relic","Relic","Relic","Relic","Potion","Potion","Card"],"build_version":"2020-12-22","purchased_purges":9,"victory":true,"max_hp_per_floor":[75,75,75,75,75,69,69,69,69,69,69,69,69,69,69,69,69,69,69,69,69,69,69,69,69,69,82,82,82,82,82,82,82,82,82,82,82,82,82,82,82,82,82,82,82,82,82,82,82,82,82,82,82,82,82,96,96,96,96,101,101,101,101,101,101,101,101,101,101],"card_choices":[{"not_picked":["MachineGunSpark","NonDirectionalLaser"],"picked":"EarthLightRay","floor":1.0},{"not_picked":["GalacticHalo","WitchLeyline","FairyDestructionRay"],"picked":"SKIP","floor":2.0},{"not_picked":["Orbital","GravityBeat","DoubleSpark"],"picked":"SKIP","floor":7.0},{"not_picked":["MagicChant","PropBag","SporeBomb"],"picked":"SKIP","floor":8.0},{"not_picked":["OortCloud","GasGiant"],"picked":"BlazeAway","floor":10.0},{"not_picked":["OpenUniverse","Acceleration","DC"],"picked":"SKIP","floor":13.0},{"not_picked":["WitchLeyline","IllusionStar"],"picked":"Robbery","floor":14.0},{"not_picked":["NonDirectionalLaser","MeteoricShower","BlazeAway"],"picked":"SKIP","floor":15.0},{"not_picked":["Acceleration","BigCrunch"],"picked":"PowerUp","floor":16.0},{"not_picked":["UnstableBomb","DC"],"picked":"EscapeVelocity","floor":17.0},{"not_picked":["GrandCross","IllusionStar","ShootingEcho"],"picked":"SKIP","floor":19.0},{"not_picked":["SprinkleStarSeal","Acceleration","WitchOfGreed"],"picked":"SKIP","floor":24.0},{"not_picked":["NonDirectionalLaser","6A"],"picked":"MilkyWay","floor":26.0},{"not_picked":["DeepEcoloBomb","StarBarrage","Acceleration"],"picked":"SKIP","floor":27.0},{"not_picked":["DoubleSpark+1","FairyDestructionRay+1","WitchLeyline+1"],"picked":"SKIP","floor":30.0},{"not_picked":["OpenUniverse","IllusionStar","EnergyRecoil"],"picked":"SKIP","floor":32.0},{"not_picked":["IllusionStar+1","BlazingStar+1","EnergyRecoil"],"picked":"SKIP","floor":34.0},{"not_picked":["MachineGunSpark+1","EnergyFlow","MysteriousBeam+1"],"picked":"SKIP","floor":35.0},{"not_picked":["GrandCross+1","DarkMatter","DeepEcoloBomb+1"],"picked":"SKIP","floor":37.0},{"not_picked":["OneTimeOff","Acceleration","UnstableBomb+1"],"picked":"SKIP","floor":42.0},{"not_picked":["GrandCross+1","Acceleration+1","DC+1"],"picked":"SKIP","floor":46.0},{"not_picked":["RefractionSpark+1","ChargingUp+1","MysteriousBeam+1"],"picked":"SKIP","floor":47.0},{"not_picked":["Bandage Up","REME_BattleFury"],"picked":"REME_ShortnessOfBreath","floor":48.0},{"not_picked":["REME_EyeOfCthun+1","Enlightenment"],"picked":"REME_FirmDetermination","floor":48.0},{"not_picked":["IllusionStar","RefractionSpark+1","EarthLightRay+1"],"picked":"SKIP","floor":52.0},{"not_picked":["GasGiant+1","BigCrunch","DeepEcoloBomb+1"],"picked":"SKIP","floor":57.0},{"not_picked":["EnergyRecoil+1","WitchOfGreed+1","WitchLeyline+1"],"picked":"SKIP","floor":61},{"not_picked":["DC+1","PowerUp","AsteroidBelt"],"picked":"SKIP","floor":68}],"player_experience":280732,"relics_obtained":[{"floor":8.0,"key":"BreadOfAWashokuLover"},{"floor":10.0,"key":"The Courier"},{"floor":11.0,"key":"Gremlin Horn"},{"floor":12.0,"key":"Meat on the Bone"},{"floor":13.0,"key":"Bag of Preparation"},{"floor":17.0,"key":"WingedGreaves"},{"floor":18.0,"key":"Old Coin"},{"floor":32.0,"key":"Whetstone"},{"floor":34.0,"key":"Darkstone Periapt"},{"floor":35.0,"key":"Boot"},{"floor":37.0,"key":"FossilizedHelix"},{"floor":39.0,"key":"Vajra"},{"floor":52.0,"key":"AmplifyWand"},{"floor":53.0,"key":"InkBottle"},{"floor":55.0,"key":"CaptainsWheel"},{"floor":56.0,"key":"Mango"},{"floor":57.0,"key":"Thread and Needle"},{"floor":61,"key":"Circlet"},{"floor":68,"key":"Circlet"}],"event_choices":[{"damage_healed":0.0,"max_hp_gain":0.0,"max_hp_loss":0.0,"gold_gain":0.0,"event_name":"Liars Game","player_choice":"Ignored","floor":4.0,"gold_loss":0.0,"damage_taken":0.0},{"damage_healed":18.0,"max_hp_gain":0.0,"max_hp_loss":0.0,"gold_gain":0.0,"event_name":"The Cleric","player_choice":"Healed","floor":5.0,"gold_loss":35.0,"damage_taken":0.0},{"damage_healed":0.0,"max_hp_gain":0.0,"max_hp_loss":6.0,"gold_gain":0.0,"event_name":"Golden Idol","player_choice":"Lose Max HP","floor":6.0,"gold_loss":0.0,"damage_taken":0.0,"relics_obtained":["Golden Idol"]},{"damage_healed":0.0,"max_hp_gain":0.0,"max_hp_loss":0.0,"gold_gain":30.0,"event_name":"Dead Adventurer","player_choice":"Searched \u00273\u0027 times","floor":18.0,"gold_loss":0.0,"damage_taken":0.0},{"damage_healed":0.0,"max_hp_gain":0.0,"max_hp_loss":0.0,"gold_gain":0.0,"event_name":"Vampires","player_choice":"Ignored","floor":25.0,"gold_loss":0.0,"damage_taken":0.0},{"damage_healed":0.0,"max_hp_gain":0.0,"max_hp_loss":0.0,"gold_gain":0.0,"cards_transformed":["DC","LuminesStrike"],"event_name":"Drug Dealer","player_choice":"Became Test Subject","floor":28.0,"gold_loss":0.0,"damage_taken":0.0,"cards_obtained":["GasGiant","EventHorizon"]},{"damage_healed":0.0,"max_hp_gain":0.0,"max_hp_loss":0.0,"gold_gain":99.0,"event_name":"Nest","player_choice":"Stole From Cult","floor":33.0,"gold_loss":0.0,"damage_taken":0.0},{"damage_healed":0.0,"max_hp_gain":0.0,"max_hp_loss":0.0,"gold_gain":0.0,"event_name":"Addict","player_choice":"Obtained Relic","floor":40.0,"gold_loss":85.0,"damage_taken":0.0,"relics_obtained":["MealTicket"]},{"damage_healed":0.0,"max_hp_gain":0.0,"max_hp_loss":0.0,"gold_gain":0.0,"event_name":"SensoryStone","player_choice":"Memory 3","floor":48.0,"gold_loss":0.0,"damage_taken":10.0},{"cards_removed":["MeteoricShower"],"damage_healed":0.0,"max_hp_gain":0.0,"max_hp_loss":0.0,"gold_gain":0.0,"event_name":"Falling","player_choice":"Removed Attack","floor":54.0,"gold_loss":0.0,"damage_taken":0.0},{"damage_healed":0.0,"max_hp_gain":0.0,"max_hp_loss":0.0,"gold_gain":0.0,"event_name":"Tomb of Lord Red Mask","player_choice":"Ignored","floor":59.0,"gold_loss":0.0,"damage_taken":0.0}],"is_beta":false,"boss_relics":[{"not_picked":["Velvet Choker","REME_LowDesire"],"picked":"REME_ChargedStone"},{"not_picked":["Philosopher\u0027s Stone","Empty Cage"],"picked":"SlaversCollar"}],"items_purged_floors":[21,29,31,38,38,49,51,66,67],"is_endless":false,"potions_floor_spawned":[2,7,13,17,27,30,35,37,47,57,68],"ascension_level":5}}