{"host":"z39atn33tyek63fd","time":1614396893,"event":{"mods":["BaseMod","Minty Spire (QoL Compilation)","everything is the same but u backflip on backflip"],"gold_per_floor":[116,116,116,134,152,181,181,31,31,66,66,66,66,84,84,182,182,202,202,202],"floor_reached":19,"language":"ENG","playtime":643,"items_purged":[],"score":271,"play_id":"a2f2c9bf-2808-4ea0-b912-aef52085b1e4","local_time":"20210226213453","is_ascension_mode":true,"campfire_choices":[{"data":"Immolate","floor":7,"key":"SMITH"},{"data":"Armaments","floor":13,"key":"SMITH"},{"data":"Flex","floor":15,"key":"SMITH"}],"circlet_count":0,"master_deck":["AscendersBane","Strike_R","Strike_R","Defend_R","Defend_R","Defend_R","Defend_R","Bash","Spot Weakness+1","Headbutt","Clothesline","Immolate+1","Armaments+1","Flex+1","Double Tap","Shrug It Off+1","Blood for Blood+1","Seeing Red+1","Evolve"],"relics":["Burning Blood","NeowsBlessing","Ornamental Fan","Strawberry","Oddly Smooth Stone","PreservedInsect","Eternal Feather","Astrolabe"],"acts_visited":["Exordium","TheCity"],"potions_floor_usage":[6,16,19],"damage_taken":[{"damage":0,"enemies":"2 Louse","floor":1,"turns":2},{"damage":0,"enemies":"Jaw Worm","floor":4,"turns":1},{"damage":0,"enemies":"Cultist","floor":5,"turns":1},{"damage":40,"enemies":"Lagavulin","floor":6,"turns":7},{"damage":14,"enemies":"3 Sentries","floor":10,"turns":3},{"damage":0,"enemies":"2 Fungi Beasts","floor":14,"turns":3},{"damage":46,"enemies":"Slime Boss","floor":16,"turns":10},{"damage":9,"enemies":"Shell Parasite","floor":18,"turns":6},{"damage":72,"enemies":"Masked Bandits","floor":19,"turns":3}],"seed_played":"2664000489662611919","potions_obtained":[{"floor":4,"key":"LiquidBronze"},{"floor":6,"key":"DuplicationPotion"},{"floor":10,"key":"Regen Potion"}],"is_trial":false,"path_per_floor":["M","?","?","M","M","E","R","$","T","E","?","?","R","M","R","B",null,"M","?"],"character_chosen":"IRONCLAD","items_purchased":["Oddly Smooth Stone"],"campfire_rested":0,"item_purchase_floors":[8],"current_hp_per_floor":[78,78,66,72,78,51,51,51,51,43,43,43,52,58,67,36,74,71,0,0],"gold":202,"neow_bonus":"THREE_ENEMY_KILL","is_daily":false,"chose_seed":false,"campfire_upgraded":3,"win_rate":0.0,"timestamp":1614396893,"path_taken":["M","?","?","M","?","E","R","?","T","E","?","?","R","M","R","BOSS","M","?"],"items_purchased_type":["Relic"],"build_version":"2020-12-22","purchased_purges":0,"victory":false,"max_hp_per_floor":[80,80,80,80,80,87,87,87,87,87,87,87,87,87,87,87,87,87,87,87],"card_choices":[{"not_picked":["Clash","Havoc"],"picked":"Spot Weakness","floor":1},{"not_picked":["Body Slam","Sentinel"],"picked":"Headbutt","floor":4},{"not_picked":["Headbutt","Pommel Strike"],"picked":"Clothesline","floor":5},{"not_picked":["Clash","Rupture"],"picked":"Immolate","floor":6},{"not_picked":["Havoc","Heavy Blade"],"picked":"Armaments","floor":10},{"not_picked":["Spot Weakness","Headbutt"],"picked":"Flex","floor":14},{"not_picked":["Feed","Exhume"],"picked":"Double Tap","floor":16},{"not_picked":["Carnage","Headbutt"],"picked":"Evolve","floor":18}],"player_experience":830387,"relics_obtained":[{"floor":6,"key":"Strawberry"},{"floor":9,"key":"PreservedInsect"},{"floor":10,"key":"Eternal Feather"}],"event_choices":[{"damage_healed":0,"gold_gain":0,"player_choice":"Grow","damage_taken":0,"max_hp_gain":0,"max_hp_loss":0,"event_name":"Living Wall","floor":2,"gold_loss":0,"cards_upgraded":["Spot Weakness"]},{"damage_healed":0,"gold_gain":0,"player_choice":"Success","damage_taken":12,"relics_obtained":["Ornamental Fan"],"max_hp_gain":0,"max_hp_loss":0,"event_name":"Scrap Ooze","floor":3,"gold_loss":0},{"damage_healed":0,"gold_gain":0,"player_choice":"Ignored","damage_taken":0,"max_hp_gain":0,"max_hp_loss":0,"event_name":"Liars Game","floor":11,"gold_loss":0},{"damage_healed":0,"gold_gain":0,"player_choice":"Ignored","damage_taken":0,"max_hp_gain":0,"max_hp_loss":0,"event_name":"Shining Light","floor":12,"gold_loss":0},{"damage_healed":0,"gold_gain":0,"player_choice":"Fought Bandits","damage_taken":0,"max_hp_gain":0,"max_hp_loss":0,"event_name":"Masked Bandits","floor":19,"gold_loss":0}],"is_beta":false,"boss_relics":[{"not_picked":["Runic Dome","Empty Cage"],"picked":"Astrolabe"}],"items_purged_floors":[],"is_endless":false,"potions_floor_spawned":[4,6,10,14],"killed_by":"Masked Bandits","ascension_level":11}}