{"host":"prxrhpgaxnj4om9r","time":1614405708,"event":{"mods":["AchievementEnabler","BaseMod","Colored Map","DeckTracker","Keyboard Shortcuts","Minty Spire (QoL Compilation)"],"gold_per_floor":[119,69,69,69,84,109,119,119,170,170,170,196,214,231,231,335,335,353,353,353,371,217,251,251,251,251,263,282,38,56,73,73,178,178,194,94,94,112,128,128,128,148,148,159,169,12,12,24,24,24,24,24,24,55,55,55],"floor_reached":55,"language":"KOR","playtime":2920,"items_purged":["Strike_B","Reboot"],"score":651,"play_id":"5bb3d672-26f9-4123-b9f8-5ae997051fa3","local_time":"20210227150148","is_ascension_mode":false,"campfire_choices":[{"data":"Zap","floor":10.0,"key":"SMITH"},{"data":"White Noise","floor":15.0,"key":"SMITH"},{"floor":24,"key":"REST"},{"floor":32,"key":"REST"},{"floor":40,"key":"RECALL"},{"data":"Buffer","floor":49,"key":"SMITH"},{"data":"Scrape","floor":52,"key":"SMITH"}],"circlet_count":0,"master_deck":["Defend_B+1","Zap+1","Dualcast+1","Echo Form","Cold Snap","Self Repair","Steam Power","Hyperbeam","White Noise+1","Coolheaded","Electrodynamics","Gash","Gash","Scrape+1","Buffer+1","Hologram+1","Coolheaded+1","Capacitor+1","Reboot+1","Loop+1","Gash+1","Writhe","Turbo","Go for the Eyes+1","Melter","BootSequence","Turbo+1","All For One"],"relics":["Cracked Core","Ancient Tea Set","Potion Belt","Question Card","SlaversCollar","War Paint","Emotion Chip","InkBottle","Astrolabe","Strawberry","DataDisk","Blue Candle","Bottled Flame"],"acts_visited":["Exordium","TheCity","TheBeyond","TheEnding"],"potions_floor_usage":[23,23,27,30,39,45,48,50,55],"damage_taken":[{"damage":5.0,"enemies":"Small Slimes","floor":1.0,"turns":3.0},{"damage":0.0,"enemies":"2 Louse","floor":5.0,"turns":2.0},{"damage":15.0,"enemies":"Gremlin Nob","floor":6.0,"turns":4.0},{"damage":13.0,"enemies":"Cultist","floor":7.0,"turns":4.0},{"damage":9.0,"enemies":"3 Sentries","floor":12.0,"turns":4.0},{"damage":11.0,"enemies":"Large Slime","floor":13.0,"turns":3.0},{"damage":14.0,"enemies":"3 Louse","floor":14.0,"turns":2.0},{"damage":15.0,"enemies":"The Guardian","floor":16.0,"turns":9.0},{"damage":10,"enemies":"3 Byrds","floor":18,"turns":2},{"damage":30,"enemies":"2 Thieves","floor":21,"turns":3},{"damage":41,"enemies":"Slavers","floor":23,"turns":4},{"damage":4,"enemies":"Sentry and Sphere","floor":27,"turns":3},{"damage":30,"enemies":"Shelled Parasite and Fungi","floor":28,"turns":5},{"damage":6,"enemies":"3 Cultists","floor":30,"turns":3},{"damage":12,"enemies":"Centurion and Healer","floor":31,"turns":2},{"damage":9,"enemies":"Collector","floor":33,"turns":7},{"damage":30,"enemies":"3 Darklings","floor":35,"turns":5},{"damage":5,"enemies":"Orb Walker","floor":38,"turns":4},{"damage":14,"enemies":"3 Darklings","floor":39,"turns":3},{"damage":16,"enemies":"Sphere and 2 Shapes","floor":42,"turns":4},{"damage":0,"enemies":"Maw","floor":44,"turns":7},{"damage":12,"enemies":"3 Darklings","floor":45,"turns":3},{"damage":14,"enemies":"Jaw Worm Horde","floor":48,"turns":4},{"damage":58,"enemies":"Donu and Deca","floor":50,"turns":8},{"damage":65,"enemies":"Shield and Spear","floor":54,"turns":7},{"damage":50,"enemies":"The Heart","floor":55,"turns":2}],"seed_played":"5151862944566591258","potions_obtained":[{"floor":1.0,"key":"Weak Potion"},{"floor":3.0,"key":"ColorlessPotion"},{"floor":3.0,"key":"AttackPotion"},{"floor":12.0,"key":"Strength Potion"},{"floor":13.0,"key":"SteroidPotion"},{"floor":14.0,"key":"BlessingOfTheForge"},{"floor":21,"key":"LiquidBronze"},{"floor":27,"key":"Fire Potion"},{"floor":33,"key":"Weak Potion"},{"floor":35,"key":"Block Potion"},{"floor":42,"key":"GamblersBrew"},{"floor":48,"key":"Ancient Potion"},{"floor":54,"key":"DistilledChaos"}],"is_trial":false,"path_per_floor":["M","?","?","$","M","E","M","$","T","R","?","E","M","M","R","B",null,"M","?","?","M","$","E","R","?","T","M","M","$","M","M","R","B",null,"M","$","?","M","M","R","$","M","T","M","M","$","T","M","R","B",null,"R","$","E","B"],"character_chosen":"DEFECT","items_purchased":["Scrape","InkBottle","DataDisk"],"campfire_rested":2,"item_purchase_floors":[22,29,46],"current_hp_per_floor":[70,70,70,70,70,62,63,63,63,63,68,66,62,55,55,47,80,70,70,70,47,47,16,40,40,40,43,20,20,21,9,33,24,80,64,64,80,80,73,73,73,64,71,85,80,80,80,66,66,8,87,87,87,36,0,0],"gold":55,"neow_bonus":"TRANSFORM_CARD","is_daily":false,"chose_seed":false,"campfire_upgraded":4,"win_rate":0.0,"timestamp":1614405708,"path_taken":["M","?","?","$","M","E","?","$","T","R","?","E","M","M","R","BOSS","M","?","?","M","$","E","R","?","T","M","M","$","?","M","R","BOSS","M","?","?","?","M","R","?","M","T","M","M","$","?","?","R","BOSS","R","$","E","BOSS"],"items_purchased_type":["Card","Relic","Relic"],"build_version":"2020-12-22","purchased_purges":2,"victory":false,"max_hp_per_floor":[75,75,75,75,75,75,75,75,75,75,80,80,80,80,80,80,80,80,80,80,80,80,80,80,80,80,80,80,80,80,80,80,80,80,80,80,80,80,80,80,80,80,87,87,87,87,87,87,87,87,87,87,87,87,87,87],"card_choices":[{"not_picked":["FTL","Go for the Eyes"],"picked":"Cold Snap","floor":1.0},{"not_picked":["Turbo","Ball Lightning"],"picked":"Self Repair","floor":5.0},{"not_picked":["Stack","Consume"],"picked":"Steam Power","floor":6.0},{"not_picked":["Tempest","Steam Power"],"picked":"Hyperbeam","floor":7.0},{"not_picked":["Steam","Rebound"],"picked":"White Noise","floor":12.0},{"not_picked":["Auto Shields","Darkness","Gash","Redo"],"picked":"SKIP","floor":13.0},{"not_picked":["Go for the Eyes","Rebound","Darkness"],"picked":"Coolheaded","floor":14.0},{"not_picked":["Multi-Cast","Biased Cognition","Buffer"],"picked":"Electrodynamics","floor":16.0},{"not_picked":["Sweeping Beam","Go for the Eyes","Stack+1"],"picked":"Gash","floor":18},{"not_picked":["Coolheaded","Ball Lightning","Barrage"],"picked":"Gash","floor":21},{"not_picked":["Hologram","Sweeping Beam","Hello World+1"],"picked":"Buffer","floor":23},{"not_picked":["Rebound","Cold Snap","Go for the Eyes","Streamline"],"picked":"SKIP","floor":27},{"not_picked":["Static Discharge","Blizzard","Sunder","Rebound"],"picked":"SKIP","floor":28},{"not_picked":["Sunder+1","Go for the Eyes","Turbo+1"],"picked":"Hologram+1","floor":30},{"not_picked":["Turbo","Ball Lightning","Leap"],"picked":"Coolheaded+1","floor":31},{"not_picked":["Multi-Cast","Meteor Strike","Machine Learning"],"picked":"Reboot","floor":33},{"not_picked":["Chaos+1","Genetic Algorithm","Coolheaded"],"picked":"Gash+1","floor":35},{"not_picked":["Chill","Conserve Battery","Sweeping Beam","Fission"],"picked":"SKIP","floor":38},{"not_picked":["Go for the Eyes+1","Static Discharge","Redo"],"picked":"Turbo","floor":39},{"not_picked":["Multi-Cast","Blizzard","Rebound+1"],"picked":"Go for the Eyes+1","floor":42},{"not_picked":["Steam Power","Consume","Stack"],"picked":"Melter","floor":44},{"not_picked":["Cold Snap+1","Redo+1","Chaos+1"],"picked":"BootSequence","floor":45},{"not_picked":["Cold Snap+1","Steam Power","Hologram+1"],"picked":"Turbo+1","floor":48},{"not_picked":["Amplify","Aggregate","Go for the Eyes+1"],"picked":"All For One","floor":54}],"player_experience":684699,"relics_obtained":[{"floor":6.0,"key":"Ancient Tea Set"},{"floor":9.0,"key":"Potion Belt"},{"floor":12.0,"key":"Question Card"},{"floor":23,"key":"Emotion Chip"},{"floor":43,"key":"Strawberry"},{"floor":47,"key":"Blue Candle"},{"floor":54,"key":"Bottled Flame"}],"event_choices":[{"cards_removed":["Defend_B"],"damage_healed":0.0,"max_hp_gain":0.0,"max_hp_loss":0.0,"gold_gain":0.0,"event_name":"The Cleric","player_choice":"Card Removal","floor":2.0,"gold_loss":50.0,"damage_taken":0.0},{"damage_healed":0.0,"max_hp_gain":0.0,"max_hp_loss":0.0,"gold_gain":0.0,"event_name":"Lab","player_choice":"Got Potions","floor":3.0,"gold_loss":0.0,"damage_taken":0.0},{"damage_healed":0.0,"max_hp_gain":5.0,"max_hp_loss":0.0,"gold_gain":0.0,"event_name":"Big Fish","player_choice":"Donut","floor":11.0,"gold_loss":0.0,"damage_taken":0.0},{"damage_healed":0,"gold_gain":0,"player_choice":"Opened","damage_taken":0,"relics_obtained":["War Paint"],"max_hp_gain":0,"max_hp_loss":0,"event_name":"The Mausoleum","floor":19,"gold_loss":0},{"cards_removed":["Strike_B"],"damage_healed":0,"gold_gain":0,"player_choice":"Elegance","damage_taken":0,"max_hp_gain":0,"max_hp_loss":0,"event_name":"Back to Basics","floor":20,"gold_loss":0},{"damage_healed":0,"gold_gain":0,"player_choice":"Ignored","damage_taken":0,"max_hp_gain":0,"max_hp_loss":0,"event_name":"Ghosts","floor":25,"gold_loss":0},{"damage_healed":20,"gold_gain":0,"player_choice":"Writhe","damage_taken":0,"max_hp_gain":0,"max_hp_loss":0,"event_name":"Winding Halls","floor":37,"gold_loss":0,"cards_obtained":["Writhe"]}],"is_beta":false,"boss_relics":[{"not_picked":["Fusion Hammer","Cursed Key"],"picked":"SlaversCollar"},{"not_picked":["Coffee Dripper","Empty Cage"],"picked":"Astrolabe"}],"items_purged_floors":[22,36],"is_endless":false,"potions_floor_spawned":[1,5,12,13,14,21,27,33,35,42,48,54],"killed_by":"The Heart","ascension_level":0}}