{"host":"rmsq46plbpwfbxcc","time":1614388524,"event":{"mods":["AchievementEnabler","BaseMod","Colored Map","Colored Powertips","DeckTracker","KOR Keyword Fix","Minty Spire (QoL Compilation)","Permanent Neow","Quick Restart","SuperFastMode"],"gold_per_floor":[118,118,118,136,146,146,179,179,233,258,274,292,308,85,85,163,163,178,188,205,105,120,120,120,120,120],"floor_reached":25,"language":"KOR","playtime":622,"items_purged":["Strike_G","Defend_G"],"score":432,"play_id":"f62623a7-14f1-45ae-bec6-9c412c1b962f","local_time":"20210227101524","is_ascension_mode":true,"campfire_choices":[{"data":"Blade Dance","floor":6,"key":"SMITH"},{"data":"Die Die Die","floor":8,"key":"SMITH"},{"data":"Cloak And Dagger","floor":15,"key":"SMITH"},{"data":"Finisher","floor":23,"key":"SMITH"}],"circlet_count":0,"master_deck":["AscendersBane","Strike_G","Strike_G","Strike_G","Defend_G","Defend_G","Defend_G","Defend_G","Survivor","Neutralize","Blade Dance+1","Terror","Blur","Die Die Die+1","Expertise","Acrobatics","Cloak And Dagger+1","Flash of Steel","Burst","Well Laid Plans","Finisher+1"],"relics":["Coffee Dripper","Bronze Scales","Vajra","Pantograph","Philosopher\u0027s Stone"],"acts_visited":["Exordium","TheCity"],"potions_floor_usage":[7,18,19],"damage_taken":[{"damage":2.0,"enemies":"Small Slimes","floor":1.0,"turns":5.0},{"damage":0,"enemies":"2 Louse","floor":4,"turns":3},{"damage":2,"enemies":"Jaw Worm","floor":5,"turns":5},{"damage":0,"enemies":"Lagavulin","floor":7,"turns":9},{"damage":7,"enemies":"3 Sentries","floor":10,"turns":4},{"damage":3,"enemies":"Lots of Slimes","floor":11,"turns":2},{"damage":11,"enemies":"Exordium Thugs","floor":12,"turns":3},{"damage":6,"enemies":"Exordium Wildlife","floor":13,"turns":3},{"damage":8,"enemies":"Hexaghost","floor":16,"turns":8},{"damage":6,"enemies":"Shell Parasite","floor":18,"turns":4},{"damage":8,"enemies":"2 Thieves","floor":19,"turns":2},{"damage":29,"enemies":"Snake Plant","floor":20,"turns":4},{"damage":2,"enemies":"3 Cultists","floor":22,"turns":4},{"damage":23,"enemies":"Gremlin Leader","floor":25,"turns":2}],"seed_played":"-8731527447826959836","potions_obtained":[{"floor":4,"key":"PowerPotion"},{"floor":5,"key":"FearPotion"},{"floor":16,"key":"DistilledChaos"},{"floor":18,"key":"Ancient Potion"}],"is_trial":false,"path_per_floor":["M","?","?","M","M","R","E","R","T","E","M","M","M","$","R","B",null,"M","M","M","$","M","R","$","E"],"character_chosen":"THE_SILENT","items_purchased":["Cloak And Dagger","Flash of Steel"],"campfire_rested":0,"item_purchase_floors":[14,14],"current_hp_per_floor":[57,57,57,57,55,55,55,55,55,48,45,34,28,28,28,45,61,55,47,18,18,16,16,16,0,0],"gold":120,"neow_bonus":"BOSS_RELIC","is_daily":false,"chose_seed":false,"campfire_upgraded":4,"win_rate":0.0,"timestamp":1614388524,"path_taken":["M","?","?","M","M","R","E","R","T","E","M","M","M","?","R","BOSS","M","M","?","$","M","R","$","E"],"items_purchased_type":["Card","Card"],"build_version":"2020-12-22","purchased_purges":2,"victory":false,"max_hp_per_floor":[66,66,66,66,66,66,66,66,66,66,66,66,66,66,66,66,66,66,66,66,66,66,66,66,66,66],"card_choices":[{"not_picked":["Distraction","Acrobatics"],"picked":"Blade Dance","floor":1.0},{"not_picked":["PiercingWail","Backflip"],"picked":"Terror","floor":4},{"not_picked":["Prepared","Expertise"],"picked":"Blur","floor":5},{"not_picked":["Footwork","Dodge and Roll"],"picked":"Die Die Die","floor":7},{"not_picked":["Heel Hook","Deflect"],"picked":"Expertise","floor":10},{"not_picked":["Dagger Spray","Sucker Punch"],"picked":"Acrobatics","floor":11},{"not_picked":["Acrobatics","Dodge and Roll","Sucker Punch"],"picked":"SKIP","floor":12},{"not_picked":["Poisoned Stab","Flying Knee","Bane"],"picked":"SKIP","floor":13},{"not_picked":["Glass Knife","Grand Finale"],"picked":"Burst","floor":16},{"not_picked":["Terror","Calculated Gamble","Dodge and Roll"],"picked":"SKIP","floor":18},{"not_picked":["Setup","Flechettes"],"picked":"Well Laid Plans","floor":19},{"not_picked":["Bane","Quick Slash"],"picked":"Finisher","floor":20},{"not_picked":["Dagger Throw+1","Dodge and Roll","Sucker Punch"],"picked":"SKIP","floor":22}],"player_experience":669327,"relics_obtained":[{"floor":7,"key":"Bronze Scales"},{"floor":9,"key":"Vajra"},{"floor":10,"key":"Pantograph"}],"event_choices":[{"damage_healed":0,"gold_gain":0,"player_choice":"Ignored","damage_taken":0,"max_hp_gain":0,"max_hp_loss":0,"event_name":"Shining Light","floor":2,"gold_loss":0},{"cards_removed":["Strike_G"],"damage_healed":0,"gold_gain":0,"player_choice":"Forget","damage_taken":0,"max_hp_gain":0,"max_hp_loss":0,"event_name":"Living Wall","floor":3,"gold_loss":0}],"is_beta":false,"boss_relics":[{"not_picked":["Ectoplasm","Velvet Choker"],"picked":"Philosopher\u0027s Stone"}],"items_purged_floors":[14,21],"is_endless":false,"potions_floor_spawned":[4,5,16,18],"killed_by":"Gremlin Leader","ascension_level":16}}