{"host":"pifa3o3uv2a0m12r","time":1614406166,"event":{"mods":["AchievementEnabler","BaseMod","Colored Map","Minty Spire (QoL Compilation)","Quick Restart","StSLib","SuperFastMode"],"gold_per_floor":[115,127,140,151,151,180,180,180,180],"floor_reached":8,"language":"FRA","playtime":199,"items_purged":[],"score":64,"play_id":"352e36ed-5b76-4895-b295-68a50e9088a7","local_time":"20210226200926","is_ascension_mode":true,"campfire_choices":[{"data":"Eruption","floor":7,"key":"SMITH"}],"circlet_count":0,"master_deck":["Strike_P","Strike_P","Strike_P","Strike_P","Defend_P","Defend_P","Defend_P","Defend_P","Eruption+1","Vigilance","Prostrate","ClearTheMind","EmptyFist","DeusExMachina"],"relics":["PureWater","NeowsBlessing","Shovel","GoldenEye"],"acts_visited":["Exordium"],"potions_floor_usage":[],"damage_taken":[{"damage":0,"enemies":"2 Louse","floor":1,"turns":1},{"damage":0,"enemies":"Small Slimes","floor":2,"turns":1},{"damage":0,"enemies":"Cultist","floor":3,"turns":1},{"damage":18,"enemies":"3 Louse","floor":4,"turns":5},{"damage":26,"enemies":"Lagavulin","floor":6,"turns":7},{"damage":6,"enemies":"Gremlin Nob","floor":8,"turns":3}],"seed_played":"1314065171329547933","potions_obtained":[{"floor":3,"key":"Dexterity Potion"}],"is_trial":false,"path_per_floor":["M","M","M","M","?","E","R","E"],"character_chosen":"WATCHER","items_purchased":[],"campfire_rested":0,"item_purchase_floors":[],"current_hp_per_floor":[72,72,72,54,47,21,21,15,15],"gold":180,"neow_bonus":"THREE_ENEMY_KILL","is_daily":false,"chose_seed":false,"campfire_upgraded":1,"win_rate":0.0,"timestamp":1614406166,"path_taken":["M","M","M","M","?","E","R","E"],"items_purchased_type":[],"build_version":"2020-12-22","purchased_purges":0,"victory":false,"max_hp_per_floor":[72,72,72,72,72,72,72,72,72],"card_choices":[{"not_picked":["FollowUp","SashWhip"],"picked":"Prostrate","floor":1},{"not_picked":["Wireheading","Indignation"],"picked":"ClearTheMind","floor":2},{"not_picked":["Swivel","FollowUp"],"picked":"EmptyFist","floor":3},{"not_picked":["CrushJoints","Perseverance","SandsOfTime"],"picked":"SKIP","floor":4},{"not_picked":["Protect","FlyingSleeves"],"picked":"DeusExMachina","floor":6}],"player_experience":156467,"relics_obtained":[{"floor":6,"key":"GoldenEye"}],"event_choices":[{"damage_healed":0,"gold_gain":0,"player_choice":"Success","damage_taken":7,"relics_obtained":["Shovel"],"max_hp_gain":0,"max_hp_loss":0,"event_name":"Scrap Ooze","floor":5,"gold_loss":0}],"is_beta":false,"boss_relics":[],"items_purged_floors":[],"is_endless":false,"potions_floor_spawned":[3],"killed_by":"Gremlin Nob","ascension_level":2}}