{"host":"40e4adzyl212zebh","time":1614429583,"event":{"mods":["Act Like it!","BaseMod","Beaked The Cultist","Colored Map","Colored Powertips","Gensokyo","Minty Spire (QoL Compilation)","Quick Restart","Random Character Button","Relic Stats","StSLib","The Disciple"],"gold_per_floor":[119,135,17,32,42,74,74,74,99,99,99,99,99,124,124,324,324],"floor_reached":16,"language":"JPN","playtime":696,"items_purged":[],"score":98,"play_id":"d4ba63d0-9f29-46cd-9e5a-eccd66c6c7f1","local_time":"20210227213943","is_ascension_mode":false,"campfire_choices":[{"data":"beaked:Ceremony","floor":11,"key":"SMITH"},{"data":"beaked:Ceremony","floor":15,"key":"SMITH"}],"circlet_count":0,"master_deck":["beaked:Strike_Y","beaked:Strike_Y","beaked:Strike_Y","beaked:Strike_Y","beaked:Strike_Y","beaked:Strike_Y","beaked:Defend_Y","beaked:Defend_Y","beaked:Defend_Y","beaked:Defend_Y","beaked:Ceremony+1","beaked:Ceremony+1","beaked:Ceremony","beaked:MaddeningMurmurs","beaked:Pecker","Gensokyo:BlemishedSteel","beaked:Evade","Gensokyo:CrescentMoonSlash+1"],"relics":["beaked:MendingPlumage","NeowsBlessing","Vajra","Bronze Scales","Happy Flower","Tiny Chest","Molten Egg 2","Gensokyo:OccultBall","Potion Belt"],"acts_visited":["Exordium"],"potions_floor_usage":[16,16],"damage_taken":[{"damage":0,"enemies":"Gensokyo:2_Kodama","floor":1,"turns":1},{"damage":0,"enemies":"Gensokyo:3_Fairies","floor":2,"turns":1},{"damage":0,"enemies":"Gensokyo:Python","floor":4,"turns":1},{"damage":30,"enemies":"Gensokyo:Kitsune","floor":5,"turns":5},{"damage":41,"enemies":"Gensokyo:Cirno","floor":6,"turns":10},{"damage":33,"enemies":"Gensokyo:Kokoro","floor":16,"turns":5}],"seed_played":"3141380091953290637","potions_obtained":[{"floor":1,"key":"ColorlessPotion"},{"floor":2,"key":"Explosive Potion"},{"floor":6,"key":"DuplicationPotion"}],"is_trial":false,"path_per_floor":["M","M","COS","M","M","E","T","?","T","?","R","?","?","T","R","B"],"character_chosen":"BEAKED_THE_CULTIST","items_purchased":[],"campfire_rested":0,"item_purchase_floors":[],"current_hp_per_floor":[50,50,50,50,36,28,28,28,28,17,17,17,10,10,10,0,0],"gold":324,"neow_bonus":"THREE_ENEMY_KILL","is_daily":false,"chose_seed":false,"campfire_upgraded":2,"win_rate":0.0,"timestamp":1614429583,"path_taken":["M","M","COS","?","?","E","?","?","T","?","R","?","?","?","R","BOSS"],"items_purchased_type":[],"build_version":"2020-12-22","purchased_purges":0,"victory":false,"max_hp_per_floor":[50,50,50,50,55,55,55,55,55,55,55,50,50,50,50,50,50],"relic_stats":{"Happy Flower":[1],"counters":[6,23],"Bronze Scales":[15],"Tiny Chest":1,"obtain_stats":[{"Potion Belt":14,"NeowsBlessing":0,"Happy Flower":8,"Bronze Scales":7,"Vajra":6,"Tiny Chest":9,"Molten Egg 2":10,"Gensokyo:OccultBall":12,"beaked:MendingPlumage":0},{"Potion Belt":5,"NeowsBlessing":0,"Happy Flower":5,"Bronze Scales":5,"Vajra":5,"Tiny Chest":5,"Molten Egg 2":5,"Gensokyo:OccultBall":5,"beaked:MendingPlumage":0},{"Potion Belt":18,"NeowsBlessing":0,"Happy Flower":18,"Bronze Scales":18,"Vajra":18,"Tiny Chest":18,"Molten Egg 2":18,"Gensokyo:OccultBall":18,"beaked:MendingPlumage":0}]},"card_choices":[{"not_picked":["beaked:StickSmack","beaked:Daydream"],"picked":"beaked:MaddeningMurmurs","floor":1},{"not_picked":["beaked:TuckingFeathers","beaked:DigDeep"],"picked":"beaked:Pecker","floor":2},{"not_picked":["beaked:BounceBack","beaked:DigDeep"],"picked":"beaked:StunningBlow","floor":4},{"not_picked":["beaked:Poke","beaked:SacrificialAttack"],"picked":"beaked:VigorBurst","floor":5},{"not_picked":["beaked:Redirect","beaked:TuckingFeathers"],"picked":"beaked:Evade","floor":6}],"player_experience":658583,"relics_obtained":[{"floor":6,"key":"Vajra"},{"floor":7,"key":"Bronze Scales"},{"floor":9,"key":"Tiny Chest"},{"floor":14,"key":"Potion Belt"}],"event_choices":[],"is_beta":false,"boss_relics":[],"items_purged_floors":[],"is_endless":false,"potions_floor_spawned":[1,2,6],"killed_by":"Gensokyo:Kokoro","ascension_level":0}}