{"host":"cdbhaz9p3iutjbyx","time":1614460090,"event":{"mods":["AchievementEnabler","BaseMod","Downfall","GifTheSpireLib","Hubris","Minty Spire (QoL Compilation)","Rare Cards Sparkle","StSLib","The Disciple","The Senshi"],"gold_per_floor":[112,126,6,16,32,32,45,79,79,79,79,97,115,134,134,263,263,287,287,307,76,95,95,95,95],"floor_reached":24,"language":"ENG","playtime":2385,"items_purged":["Strike_P"],"score":202,"play_id":"69474825-f7c7-41da-a5fa-0b71a614c17f","local_time":"20210227220810","is_ascension_mode":false,"campfire_choices":[{"data":"Conclude","floor":6.0,"key":"SMITH"},{"floor":10.0,"key":"REST"},{"floor":15.0,"key":"REST"},{"floor":23,"key":"REST"}],"circlet_count":0,"master_deck":["Strike_P","Strike_P","Defend_P","Defend_P","Defend_P","Defend_P","Eruption","Vigilance","BowlingBash","BowlingBash","EmptyBody","Conclude+1","WreathOfFlame","SashWhip","Consecrate","Ragnarok","TalkToTheHand","SashWhip","PathToVictory","Swivel","Swivel","ConjureBlade","DeusExMachina","PathToVictory","WindmillStrike","CarveReality+1","Vengeance","Ragnarok"],"relics":["PureWater","Dream Catcher","Boot","Golden Idol","hubris:HollowSoul","Chemical X"],"acts_visited":["Exordium","TheCity"],"potions_floor_usage":[22,24,24],"damage_taken":[{"damage":0.0,"enemies":"Small Slimes","floor":1.0,"turns":5.0},{"damage":0.0,"enemies":"2 Louse","floor":2.0,"turns":3.0},{"damage":1.0,"enemies":"Jaw Worm","floor":4.0,"turns":3.0},{"damage":0.0,"enemies":"2 Fungi Beasts","floor":5.0,"turns":2.0},{"damage":0.0,"enemies":"3 Louse","floor":7.0,"turns":1.0},{"damage":41.0,"enemies":"Lagavulin","floor":8.0,"turns":5.0},{"damage":2.0,"enemies":"Looter","floor":12.0,"turns":3.0},{"damage":2.0,"enemies":"Large Slime","floor":13.0,"turns":3.0},{"damage":0.0,"enemies":"2 Fungi Beasts","floor":14.0,"turns":2.0},{"damage":39.0,"enemies":"Hexaghost","floor":16.0,"turns":14.0},{"damage":32,"enemies":"Chosen","floor":18,"turns":7},{"damage":19,"enemies":"Shell Parasite","floor":20,"turns":7},{"damage":4,"enemies":"Snake Plant","floor":22,"turns":2},{"damage":13,"enemies":"Sentry and Sphere","floor":24,"turns":3}],"seed_played":"-2953956378208728038","potions_obtained":[{"floor":1.0,"key":"Block Potion"},{"floor":2.0,"key":"StancePotion"},{"floor":5.0,"key":"LiquidBronze"},{"floor":8.0,"key":"SkillPotion"},{"floor":18,"key":"Block Potion"}],"is_trial":false,"path_per_floor":["M","M","$","M","M","R","M","E","T","R","?","M","M","M","R","B",null,"M","?","M","$","M","R","M"],"character_chosen":"WATCHER","items_purchased":["Conclude","WreathOfFlame","Chemical X"],"campfire_rested":3,"item_purchase_floors":[3,3,21],"current_hp_per_floor":[72,72,72,71,71,71,71,30,30,51,51,49,47,47,67,28,67,35,35,16,16,12,32,0,0],"gold":95,"neow_bonus":"TRANSFORM_CARD","is_daily":false,"chose_seed":false,"campfire_upgraded":1,"win_rate":0.0,"timestamp":1614460090,"path_taken":["M","M","$","M","M","R","M","E","T","R","?","M","M","M","R","BOSS","M","?","M","$","M","R","M"],"items_purchased_type":["Card","Card","Relic"],"build_version":"2020-12-22","purchased_purges":1,"victory":false,"max_hp_per_floor":[72,72,72,72,72,72,72,72,72,72,67,67,67,67,67,67,67,67,67,67,67,67,67,67,67],"card_choices":[{"not_picked":["ThirdEye","CutThroughFate"],"picked":"BowlingBash","floor":1.0},{"not_picked":["Evaluate","ThirdEye"],"picked":"EmptyBody","floor":2.0},{"not_picked":["Crescendo","Tantrum"],"picked":"SashWhip","floor":4.0},{"not_picked":["JustLucky","InnerPeace"],"picked":"Consecrate","floor":5.0},{"not_picked":["Vengeance","Swivel"],"picked":"Ragnarok","floor":7.0},{"not_picked":["WheelKick","EmptyBody"],"picked":"TalkToTheHand","floor":8.0},{"not_picked":["Collect","FlyingSleeves"],"picked":"SashWhip","floor":10.0},{"not_picked":["WaveOfTheHand","Halt"],"picked":"PathToVictory","floor":12.0},{"not_picked":["JustLucky","BowlingBash"],"picked":"Swivel","floor":13.0},{"not_picked":["InnerPeace","LikeWater"],"picked":"Swivel","floor":14.0},{"not_picked":["Crescendo","SashWhip"],"picked":"ConjureBlade","floor":15.0},{"not_picked":["Establishment","Judgement"],"picked":"DeusExMachina","floor":16.0},{"not_picked":["EmptyMind+1","EmptyFist"],"picked":"PathToVictory","floor":18},{"not_picked":["FlurryOfBlows+1","EmptyFist"],"picked":"CarveReality+1","floor":20},{"not_picked":["FlurryOfBlows","Halt"],"picked":"Vengeance","floor":22},{"not_picked":["Meditate","InnerPeace"],"picked":"Ragnarok","floor":23}],"player_experience":23248,"relics_obtained":[{"floor":8.0,"key":"Dream Catcher"},{"floor":9.0,"key":"Boot"}],"event_choices":[{"damage_healed":0.0,"max_hp_gain":0.0,"max_hp_loss":5.0,"gold_gain":0.0,"event_name":"Golden Idol","player_choice":"Lose Max HP","floor":11.0,"gold_loss":0.0,"damage_taken":0.0,"relics_obtained":["Golden Idol"]}],"is_beta":false,"boss_relics":[{"not_picked":["VioletLotus","Runic Pyramid"],"picked":"hubris:HollowSoul"}],"items_purged_floors":[21],"is_endless":false,"potions_floor_spawned":[1,2,5,8,12,18],"killed_by":"Sentry and Sphere","ascension_level":0}}