{"host":"xltyy2z8nrfiikj5","time":1614394688,"event":{"mods":["BaseMod","Colored Map","Downfall","Minty Spire (QoL Compilation)","StSLib"],"gold_per_floor":[99,115,133,143,243,153,222,222,240,252,252,277,287,287,300,404,404,404,189,207,482,497,516,516,548,548,548,548,558,578,590,602,602,602,602],"floor_reached":33,"language":"ENG","playtime":2520,"items_purged":["Slimebound:Defend_Slimebound","Parasite"],"score":328,"play_id":"75cec5b7-fd35-406e-9446-45578b735104","local_time":"20210226215808","is_ascension_mode":true,"campfire_choices":[{"data":"Slimebound:CorrosiveSpit","floor":1.0,"key":"SMITH"},{"data":"Slimebound:Grow","floor":8.0,"key":"SMITH"},{"data":"Slimebound:SpikyOuterGoop","floor":11.0,"key":"SMITH"},{"data":"Slimebound:WasteNot","floor":18,"key":"SMITH"},{"data":"Slimebound:ProtectTheBoss","floor":28,"key":"SMITH"}],"circlet_count":0,"master_deck":["Slimebound:Tackle","Slimebound:Defend_Slimebound","Slimebound:Defend_Slimebound","Slimebound:Defend_Slimebound","Slimebound:Split","Slimebound:CorrosiveSpit+1","Slimebound:MegaLick","Slimebound:SpikyOuterGoop+1","Slimebound:Grow+1","Slimebound:LivingWall","Slimebound:RainOfGoop","Slimebound:TongueLash","Slimebound:ItLooksTasty","Slimebound:Replication","Slimebound:HauntingLick","Slimebound:WasteNot+1","Slimebound:SplitBruiser","Slimebound:ProtectTheBoss+1","Slimebound:Schlurp","Regret","Slimebound:TongueLash+1","Slimebound:LevelUp+1","Slimebound:SplitBruiser+1","Slimebound:Tackle+1","Slimebound:Tackle+1","Slimebound:Tackle+1","Slimebound:MegaLick+1","Slimebound:Prepare+1","Slimebound:LeechingTouch"],"relics":["Slimebound:AbsorbEndCombat","Toy Ornithopter","Sundial","StrikeDummy","Philosopher\u0027s Stone","Singing Bowl","FossilizedHelix"],"acts_visited":["Exordium","TheCity"],"potions_floor_usage":[16,16,25,25,31],"damage_taken":[{"damage":10.0,"enemies":"Jaw Worm","floor":2.0,"turns":3.0},{"damage":4.0,"enemies":"Cultist","floor":3.0,"turns":3.0},{"damage":0.0,"enemies":"2 Louse","floor":4.0,"turns":2.0},{"damage":19.0,"enemies":"downfall:LadyInBlue","floor":5.0,"turns":8.0},{"damage":0.0,"enemies":"downfall:FleeingMerchant","floor":6.0,"turns":4.0},{"damage":11.0,"enemies":"Large Slime","floor":9.0,"turns":5.0},{"damage":19.0,"enemies":"Gremlin Gang","floor":10.0,"turns":3.0},{"damage":22.0,"enemies":"Gremlin Nob","floor":12.0,"turns":4.0},{"damage":17.0,"enemies":"Red Slaver","floor":13.0,"turns":3.0},{"damage":9,"enemies":"2 Fungi Beasts","floor":15,"turns":3},{"damage":32,"enemies":"WA_ARCHETYPE_RETAIN","floor":16,"turns":7},{"damage":8,"enemies":"downfall:FleeingMerchant","floor":19,"turns":4},{"damage":13,"enemies":"Chosen","floor":20,"turns":5},{"damage":10,"enemies":"downfall:LooterAlt2","floor":22,"turns":5},{"damage":25,"enemies":"Cultist and Chosen","floor":23,"turns":5},{"damage":27,"enemies":"Book of Stabbing","floor":25,"turns":4},{"damage":0,"enemies":"Snake Plant","floor":29,"turns":3},{"damage":17,"enemies":"Chosen and Byrds","floor":30,"turns":7},{"damage":16,"enemies":"Snecko","floor":31,"turns":5},{"damage":4,"enemies":"Centurion and Healer","floor":32,"turns":6},{"damage":44,"enemies":"SI_MIRROR_ARCHETYPE","floor":33,"turns":6}],"seed_played":"-2655191061317575511","potions_obtained":[{"floor":2.0,"key":"AttackPotion"},{"floor":3.0,"key":"Regen Potion"},{"floor":5.0,"key":"SpeedPotion"},{"floor":5.0,"key":"Dexterity Potion"},{"floor":5.0,"key":"Dexterity Potion"},{"floor":9.0,"key":"AttackPotion"},{"floor":12.0,"key":"BlessingOfTheForge"},{"floor":13.0,"key":"SkillPotion"},{"floor":20,"key":"Energy Potion"},{"floor":23,"key":"Slimebound:SlimyTonguePotion"},{"floor":30,"key":"BlessingOfTheForge"},{"floor":32,"key":"BlessingOfTheForge"}],"is_trial":false,"path_per_floor":["R","M","M","M","?","$","T","R","M","M","R","E","M","?","M","B",null,"R","$","M","?","M","M","T","E","?","?","R","M","M","M","M","B"],"character_chosen":"SLIMEBOUND","items_purchased":["Slimebound:SplitBruiser","Slimebound:ProtectTheBoss"],"campfire_rested":0,"item_purchase_floors":[19,19],"current_hp_per_floor":[71,65,63,67,69,71,71,71,68,59,59,51,38,55,48,34,71,71,65,58,58,54,37,37,22,44,44,44,50,39,34,38,0,0,0],"gold":602,"neow_bonus":"TEN_PERCENT_HP_BONUS","is_daily":false,"chose_seed":false,"campfire_upgraded":5,"win_rate":0.0,"timestamp":1614394688,"path_taken":["R","M","M","M","?","$","T","R","?","M","R","E","?","?","M","BOSS","R","$","M","?","?","M","T","E","?","?","R","M","M","M","M","BOSS"],"items_purchased_type":["Card","Card"],"build_version":"2020-12-22","purchased_purges":2,"victory":false,"max_hp_per_floor":[71,71,71,71,71,71,71,71,71,71,71,71,71,71,71,71,71,71,68,68,68,68,68,68,68,68,68,68,70,70,70,70,70,70,70],"card_choices":[{"not_picked":["Slimebound:GrowthPunch","Slimebound:Chomp"],"picked":"Slimebound:MegaLick","floor":2.0},{"not_picked":["Slimebound:SplitBruiser","Slimebound:HauntingLick"],"picked":"Slimebound:SpikyOuterGoop","floor":3.0},{"not_picked":["Slimebound:LeechingTouch","Slimebound:SamplingLick"],"picked":"Slimebound:Grow","floor":4.0},{"not_picked":["Slimebound:SamplingLick","Slimebound:LevelUp"],"picked":"Slimebound:LivingWall","floor":5.0},{"not_picked":["Slimebound:Grow","Slimebound:BestDefense"],"picked":"Slimebound:RainOfGoop","floor":6.0},{"not_picked":["Slimebound:SplitAcid","Slimebound:ItLooksTasty"],"picked":"Slimebound:TongueLash","floor":9.0},{"not_picked":["Slimebound:GrowthPunch","Slimebound:FinishingTackle"],"picked":"Slimebound:ItLooksTasty","floor":10.0},{"not_picked":["Slimebound:GoopSpray","Slimebound:FirmFortitude"],"picked":"Slimebound:Replication","floor":12.0},{"not_picked":["Slimebound:FinishingTackle","Slimebound:Repurpose","Slimebound:PressTheAttack"],"picked":"SKIP","floor":13.0},{"not_picked":["Slimebound:SlimeSpikes","Slimebound:GoopSpray"],"picked":"Slimebound:HauntingLick","floor":15},{"not_picked":["Slimebound:MassRepurpose","Slimebound:Teamwork"],"picked":"Slimebound:WasteNot","floor":16},{"not_picked":["Slimebound:ForwardTackle","Slimebound:LeadByExample","Slimebound:SplitBruiser"],"picked":"SKIP","floor":19},{"not_picked":["Slimebound:FlameTackle","Slimebound:PressTheAttack+1"],"picked":"Slimebound:Schlurp","floor":20},{"not_picked":["Slimebound:GoopSpray+1","Slimebound:SplitMire"],"picked":"Slimebound:TongueLash+1","floor":22},{"not_picked":["Slimebound:SlimeBarrage","Slimebound:FlameTackle"],"picked":"Slimebound:LevelUp+1","floor":23},{"not_picked":["Slimebound:RollThrough+1","Slimebound:ComboTackle"],"picked":"Slimebound:SplitBruiser+1","floor":25},{"not_picked":["Slimebound:LeechEnergy","Slimebound:ProtectTheBoss","Slimebound:DisruptingSlam"],"picked":"Singing Bowl","floor":29},{"not_picked":["Slimebound:Prepare","Slimebound:LeechingTouch"],"picked":"Slimebound:MegaLick+1","floor":30},{"not_picked":["Slimebound:SplitAcid","Slimebound:TagTeam"],"picked":"Slimebound:Prepare+1","floor":31},{"not_picked":["Slimebound:FormOfPuddle","Slimebound:SlimeTap"],"picked":"Slimebound:LeechingTouch","floor":32}],"player_experience":1575228,"relics_obtained":[{"floor":5.0,"key":"Toy Ornithopter"},{"floor":7.0,"key":"Sundial"},{"floor":12.0,"key":"StrikeDummy"},{"floor":24,"key":"Singing Bowl"},{"floor":25,"key":"FossilizedHelix"}],"event_choices":[{"damage_healed":17,"gold_gain":0,"player_choice":"Healed and dodged fight","damage_taken":0,"max_hp_gain":0,"max_hp_loss":0,"event_name":"Mushrooms","floor":14,"gold_loss":0,"cards_obtained":["Parasite"]},{"damage_healed":22,"gold_gain":0,"player_choice":"Heal","damage_taken":0,"max_hp_gain":0,"max_hp_loss":0,"event_name":"The Library","floor":26,"gold_loss":0}],"is_beta":false,"boss_relics":[{"not_picked":["SacredBark","Slimebound:AbsorbEndCombatUpgraded"],"picked":"Philosopher\u0027s Stone"}],"items_purged_floors":[6,19],"is_endless":false,"potions_floor_spawned":[2,3,9,12,13,20,23,30,32],"killed_by":"SI_MIRROR_ARCHETYPE","ascension_level":2}}