{"host":"nc5h38ikqn8wm1xg","time":1614402010,"event":{"mods":["Act Like it!","BaseMod","BetterRewards","Colored Map","Colored Powertips","Downfall","Gensokyo","Hallownest","Highlight Path","Koishi","Marisa£®ÏF”Í°°ƒß¿Ì…≥£©","Minty Spire (QoL Compilation)","Quick Restart","READ ME - Guardian Mod","READ ME - Snecko Mod","Reimu£®≤©¿ˆ¡È√Œ£©","Remilia£®¿Ÿ√◊¿Ú—«£©","Replay The Spire","StSLib","The Administrix","The Animator","The Construct","The Servant 0.9.4","Waifu the Spire","Youmu£®ªÍ∆«—˝√Œ£©"],"gold_per_floor":[110,124,137,212,212,242,242,262,262,288,305,323,342,362,362,463,463,474,488,169,180,196,212,212,247,272,304,304,304,304,317,317,414,414,425,72,83,100,100,126,144,144,199,225,236,256,285,299,299,299,299,299,17,49,73],"floor_reached":56,"language":"ZHS","playtime":6573,"items_purged":["Strike_YM"],"score":1247,"play_id":"ad366816-a3f7-4884-8ecb-41ec1af3d050","local_time":"20210227130010","is_ascension_mode":false,"campfire_choices":[{"floor":15.0,"key":"REST"},{"floor":29.0,"key":"RECALL"},{"data":"HeartExcerptSlash","floor":32.0,"key":"SMITH"},{"data":"HeartExcerptSlash","floor":42.0,"key":"SMITH"},{"floor":49.0,"key":"DIG"},{"data":"SuddenPhantomFormationSlashOfKarmicWind","floor":52.0,"key":"SMITH"}],"circlet_count":0,"master_deck":["Strike_YM+1","Strike_YM+1","Defend_YM","Defend_YM+1","Defend_YM","Defend_YM","SlashOfPresentWorld","WheelOfPainOfLivingAndDead","DispleasureOfTheSevenHakus","HeavenlyHaloSlash","LightFlashOfTheNetherworld","HumanGodSword","LotusPostureSlash","LifeCuttingSword","RapidSlash","SlashOfAscensionToBuddhahood","PreachingAvici+1","HellFireSword","SpiritCuttingSword","ThreeKonsSevenHakus","HellRealmSword","SwordOfBindingDesires+1","TwoHundredYojanaInOneSlash+1","SuddenPhantomFormationSlashOfKarmicWind+1","PhosphoricSlash+1","SlashOfMeditation+1","HellGodSword","Gluttony_TH","HeartExcerptSlash+1","HeartExcerptSlash+1","FiveSignsOfTheDyingDeva+1","SlashOfSaigyouSpringWind","HellGodSword+1","TenKingsRetributionOnThePreta+1","HellFireSword","LightFlashOfTheNetherworld+1","SwordOfBindingDesires+1","PreachingAvici+1","Parasite","HumanKnowledgeSword+1","HiganSword+1","FlashingScatteredFlowers+1","CrescentMoonSlash+1","KarmicPunishmentOfTheIdleAndUnfocused+1","FantasyOfEnteringEnlightenment","Trip"],"relics":["HalfPhantom","NeowsBlessing","Torii","ChestCloth","Shuriken","Coffee Dripper","Matryoshka","Strawberry","Bottled Flame","Letter Opener","Philosopher\u0027s Stone","Membership Card","Quantum Egg","Mango","Juzu Bracelet","War Paint","Regal Pillow","RuthlessExorcism:ReiMu","Simple Rune","Mirror","TentaclePot:ReiMu","Replay:Bandana"],"acts_visited":["Exordium","TheCity","TheBeyond","TheEnding"],"potions_floor_usage":[55,55,55],"damage_taken":[{"damage":0.0,"enemies":"Jaw Worm","floor":1.0,"turns":1.0},{"damage":0.0,"enemies":"Small Slimes","floor":2.0,"turns":1.0},{"damage":0.0,"enemies":"2 Louse","floor":3.0,"turns":1.0},{"damage":33.0,"enemies":"Lagavulin","floor":6.0,"turns":9.0},{"damage":0.0,"enemies":"Lots of Slimes","floor":8.0,"turns":3.0},{"damage":7.0,"enemies":"3 Sentries","floor":10.0,"turns":9.0},{"damage":0.0,"enemies":"3 Louse","floor":11.0,"turns":1.0},{"damage":0.0,"enemies":"Looter","floor":12.0,"turns":3.0},{"damage":0.0,"enemies":"Large Slime","floor":13.0,"turns":5.0},{"damage":0.0,"enemies":"Gremlin Gang","floor":14.0,"turns":1.0},{"damage":0.0,"enemies":"Slime Boss","floor":16.0,"turns":4.0},{"damage":0.0,"enemies":"Chosen","floor":18.0,"turns":4.0},{"damage":10.0,"enemies":"2 Thieves","floor":19.0,"turns":3.0},{"damage":11.0,"enemies":"Sentry and Sphere","floor":21.0,"turns":4.0},{"damage":6.0,"enemies":"Snecko","floor":22.0,"turns":5.0},{"damage":0.0,"enemies":"Snake Plant","floor":23.0,"turns":2.0},{"damage":0.0,"enemies":"Replay:Snechameleon","floor":25.0,"turns":5.0},{"damage":21.0,"enemies":"Book of Stabbing","floor":27.0,"turns":3.0},{"damage":0.0,"enemies":"Centurion and Healer","floor":31.0,"turns":3.0},{"damage":9.0,"enemies":"Automaton","floor":33.0,"turns":7.0},{"damage":1.0,"enemies":"3 Darklings","floor":35.0,"turns":3.0},{"damage":0.0,"enemies":"Orb Walker","floor":37.0,"turns":1.0},{"damage":0.0,"enemies":"4 Shapes","floor":38.0,"turns":2.0},{"damage":0.0,"enemies":"Reptomancer","floor":40.0,"turns":3.0},{"damage":0.0,"enemies":"Writhing Mass","floor":41.0,"turns":3.0},{"damage":0.0,"enemies":"Nemesis","floor":44.0,"turns":1.0},{"damage":0.0,"enemies":"Spire Growth","floor":45.0,"turns":1.0},{"damage":0.0,"enemies":"Sphere and 2 Shapes","floor":46.0,"turns":2.0},{"damage":2.0,"enemies":"Giant Head","floor":47.0,"turns":6.0},{"damage":0.0,"enemies":"Transient","floor":48.0,"turns":5.0},{"damage":80.0,"enemies":"Replay:Hell Engine","floor":50.0,"turns":9.0},{"damage":7.0,"enemies":"Shield and Spear","floor":54.0,"turns":2.0},{"damage":16,"enemies":"The Heart","floor":55,"turns":5}],"seed_played":"8094907298416842006","potions_obtained":[{"floor":3.0,"key":"GamblersBrew"},{"floor":8.0,"key":"AttackPotion"},{"floor":11.0,"key":"Swift Potion"},{"floor":12.0,"key":"Energy Potion"},{"floor":14.0,"key":"BlessingOfTheForge"},{"floor":18.0,"key":"Fire Potion"},{"floor":19.0,"key":"PowerPotion"},{"floor":25.0,"key":"CultistPotion"},{"floor":33.0,"key":"ColorlessPotion"},{"floor":38.0,"key":"LiquidBronze"},{"floor":40.0,"key":"Ancient Potion"},{"floor":45.0,"key":"Fire Potion"},{"floor":46.0,"key":"LiquidMemories"},{"floor":47.0,"key":"Milkshake"}],"is_trial":false,"path_per_floor":["M","M","M","?","?","E","?","M","T","E","M","M","M","M","R","B",null,"M","M","$","M","M","M","?","E","T","E","?","R","?","M","R","B",null,"M","$","M","M","?","E","M","R","T","E","M","M","E","M","R_BF","B",null,"R","$","E","B",null],"character_chosen":"YOUMU","items_purchased":["Matryoshka","SuddenPhantomFormationSlashOfKarmicWind","Membership Card","Quantum Egg","TenKingsRetributionOnThePreta+1","HellFireSword","Mirror","Trip","TentaclePot:ReiMu"],"campfire_rested":1,"item_purchase_floors":[20,20,36,36,36,36,53,53,53],"current_hp_per_floor":[75,75,75,64,57,24,24,24,24,17,17,17,17,17,39,39,75,75,65,65,54,48,48,63,70,70,49,81,81,81,81,81,72,97,96,96,96,96,96,110,110,110,110,110,110,110,108,108,108,28,111,111,111,104,88],"gold":73,"neow_bonus":"THREE_ENEMY_KILL","is_daily":false,"chose_seed":false,"campfire_upgraded":3,"win_rate":0.0,"timestamp":1614402010,"path_taken":["M","M","M","?","?","E","?","M","T","E","M","M","M","M","R","BOSS","M","M","$","M","?","M","?","E","T","E","?","R","?","M","R","BOSS","M","$","M","?","?","E","M","R","T","E","M","M","E","M","R_BF","BOSS","R","$","E","BOSS"],"items_purchased_type":["Relic","Card","Relic","Relic","Card","Card","Relic","Card","Relic"],"build_version":"2020-12-22","purchased_purges":1,"victory":true,"max_hp_per_floor":[75,75,75,75,75,75,75,75,75,75,75,75,75,75,75,75,75,75,75,75,75,75,75,90,97,97,97,97,97,97,97,97,97,97,97,97,97,97,97,111,111,111,111,111,111,111,111,111,111,111,111,111,111,111,111],"card_choices":[{"not_picked":["FourBirthsSword","SlashOfDepartureFromHesitation"],"picked":"DispleasureOfTheSevenHakus","floor":1.0},{"not_picked":["SpiritCuttingSword","ThreeKonsSevenHakus"],"picked":"HeavenlyHaloSlash","floor":2.0},{"not_picked":["FantasyOfEnteringEnlightenment","CherryBlossomFlashing"],"picked":"LightFlashOfTheNetherworld","floor":3.0},{"not_picked":["SlashOfMeditation","BizarrenessOfSixRealms"],"picked":"HumanGodSword","floor":6.0},{"not_picked":["GhostSword","SpiderLilyBurial"],"picked":"RapidSlash","floor":8.0},{"not_picked":["SanzenSekai","DispleasureOfTheSevenHakus"],"picked":"SlashOfAscensionToBuddhahood","floor":10.0},{"not_picked":["ASingleThoughtAndInfiniteKalpas","ObsessionWithThePresentWorld"],"picked":"PreachingAvici","floor":11.0},{"not_picked":["DispleasureOfTheSevenHakus","CrescentMoonSlash"],"picked":"HellFireSword","floor":12.0},{"not_picked":["DispleasureOfTheSevenHakus","SwordExtraction"],"picked":"SpiritCuttingSword","floor":13.0},{"not_picked":["CherryBlossomFlashing","SlashOfMeditation"],"picked":"ThreeKonsSevenHakus","floor":14.0},{"not_picked":["CherryBlossomSword","SuddenDivineSeveringOfKarmicWind"],"picked":"HellRealmSword","floor":16.0},{"not_picked":["PhosphoricSlash","HumanKnowledgeSword"],"picked":"SwordOfBindingDesires+1","floor":18.0},{"not_picked":["ThreeKonsSevenHakus","HeavenlyHaloSlash"],"picked":"TwoHundredYojanaInOneSlash+1","floor":19.0},{"not_picked":["ConstancyOfTheConventionalTruth","SlashOfAscensionToBuddhahood"],"picked":"PhosphoricSlash+1","floor":21.0},{"not_picked":["BloodOfAsura","TwoHundredYojanaInOneSlash+1"],"picked":"SlashOfMeditation+1","floor":22.0},{"not_picked":["SlashOfAscensionToBuddhahood","SlashClearingTheSixSenses"],"picked":"HellGodSword","floor":23.0},{"not_picked":["ReincarnationSword","SlashClearingTheSixSenses"],"picked":"HeartExcerptSlash","floor":25.0},{"not_picked":["LowerRealmReflectionSlash","TwoHundredYojanaInOneSlash","SanzenSekai"],"picked":"SKIP","floor":27.0},{"not_picked":["TwoHundredYojanaInOneSlash","LowerRealmReflectionSlash+1"],"picked":"FiveSignsOfTheDyingDeva+1","floor":31.0},{"not_picked":["WickedSoul","HeavenSword"],"picked":"SlashOfSaigyouSpringWind","floor":33.0},{"not_picked":["SpiritCuttingSword","SwordOfBindingDesires"],"picked":"HellGodSword+1","floor":35.0},{"not_picked":["SanzenSekai+1","ConstancyOfTheConventionalTruth"],"picked":"LightFlashOfTheNetherworld+1","floor":37.0},{"not_picked":["SwordExtraction","CrescentMoonSlash"],"picked":"SwordOfBindingDesires+1","floor":38.0},{"not_picked":["FlashingScatteredFlowers","PhosphoricSlash+1"],"picked":"PreachingAvici+1","floor":40.0},{"not_picked":["LowerRealmReflectionSlash+1","SpiritCuttingSword"],"picked":"HumanKnowledgeSword+1","floor":41.0},{"not_picked":["LifeCuttingSword+1","ThreeKonsSevenHakus"],"picked":"HiganSword+1","floor":44.0},{"not_picked":["DeadlyForm","DispleasureOfTheSevenHakus+1"],"picked":"FlashingScatteredFlowers+1","floor":45.0},{"not_picked":["FiveSignsOfTheDyingDeva+1","PhosphoricSlash+1"],"picked":"CrescentMoonSlash+1","floor":46.0},{"not_picked":["VoidnessSword","RapidSlash"],"picked":"KarmicPunishmentOfTheIdleAndUnfocused+1","floor":47.0},{"not_picked":["ConstancyOfTheConventionalTruth+1","CherryBlossomFlashing"],"picked":"FantasyOfEnteringEnlightenment","floor":48.0},{"not_picked":["SpiritCuttingSword","CrescentMoonSlash","TwoHundredYojanaInOneSlash+1"],"picked":"SKIP","floor":54.0}],"player_experience":88719,"relics_obtained":[{"floor":6.0,"key":"Torii"},{"floor":9.0,"key":"ChestCloth"},{"floor":10.0,"key":"Shuriken"},{"floor":25.0,"key":"Strawberry"},{"floor":26.0,"key":"Bottled Flame"},{"floor":27.0,"key":"Letter Opener"},{"floor":40.0,"key":"Mango"},{"floor":43.0,"key":"Juzu Bracelet"},{"floor":43.0,"key":"War Paint"},{"floor":44.0,"key":"Regal Pillow"},{"floor":47.0,"key":"RuthlessExorcism:ReiMu"},{"floor":49.0,"key":"Simple Rune"},{"floor":54.0,"key":"Replay:Bandana"}],"event_choices":[{"damage_healed":0.0,"max_hp_gain":0.0,"max_hp_loss":0.0,"gold_gain":75.0,"event_name":"World of Goop","player_choice":"Gather Gold","floor":4.0,"gold_loss":0.0,"damage_taken":11.0},{"cards_removed":["Strike_YM"],"damage_healed":0.0,"max_hp_gain":0.0,"max_hp_loss":0.0,"gold_gain":0.0,"event_name":"Golden Wing","player_choice":"Card Removal","floor":5.0,"gold_loss":0.0,"damage_taken":7.0},{"damage_healed":0.0,"max_hp_gain":0.0,"max_hp_loss":0.0,"gold_gain":0.0,"event_name":"Match and Keep!","player_choice":"2 cards matched","floor":7.0,"gold_loss":0.0,"damage_taken":0.0,"cards_obtained":["LotusPostureSlash","LifeCuttingSword"]},{"damage_healed":32.0,"max_hp_gain":0.0,"max_hp_loss":0.0,"gold_gain":0.0,"event_name":"The Library","player_choice":"Heal","floor":28.0,"gold_loss":0.0,"damage_taken":0.0},{"damage_healed":0.0,"max_hp_gain":0.0,"max_hp_loss":0.0,"gold_gain":0.0,"event_name":"Duplicator","player_choice":"Copied","floor":30.0,"gold_loss":0.0,"damage_taken":0.0,"cards_obtained":["HeartExcerptSlash"]},{"damage_healed":0.0,"max_hp_gain":0.0,"max_hp_loss":0.0,"gold_gain":0.0,"event_name":"The Woman in Blue","player_choice":"Bought 0 Potions","floor":39.0,"gold_loss":0.0,"damage_taken":0.0}],"is_beta":false,"boss_relics":[{"not_picked":["Astrolabe","construct:WeddingRing"],"picked":"Coffee Dripper"},{"not_picked":["Replay:Wanted Poster","Runic Pyramid"],"picked":"Philosopher\u0027s Stone"}],"items_purged_floors":[53],"is_endless":false,"potions_floor_spawned":[3,8,11,12,13,14,18,19,25,33,38,40,45,46,47],"ascension_level":0}}