{"host":"avslt7aiq2nxuk8h","time":1614409891,"event":{"mods":["AchievementEnabler","BaseMod","Better Match","Better Skull","Colored Map","Colored Powertips","Downfall","GifTheSpireLib","Minty Spire (QoL Compilation)","Quick Restart","Random Character Button","Rare Cards Sparkle","Relic Stats","StSLib","SuperFastMode"],"gold_per_floor":[99,99,99,99,99,199,199,199,99,177,177,192,34,59,78,178,178,178,197,217,233,24,53,77,96,109,109,109,109,138,138,156,156,156,156],"floor_reached":33,"language":"ENG","playtime":1937,"items_purged":["Slimebound:Strike_Slimebound"],"score":306,"play_id":"33e15714-7cb8-426b-8c8a-c46843cc356c","local_time":"20210227021131","is_ascension_mode":false,"campfire_choices":[{"data":"Slimebound:Split","floor":1,"key":"SMITH"},{"data":"Slimebound:RainOfGoop","floor":11,"key":"SMITH"},{"data":"Slimebound:DuplicatedForm","floor":18,"key":"SMITH"},{"data":"Slimebound:RejuvenatingLick","floor":29,"key":"SMITH"}],"circlet_count":0,"master_deck":["Slimebound:Strike_Slimebound","Slimebound:Tackle","Slimebound:Defend_Slimebound","Slimebound:Defend_Slimebound","Slimebound:Defend_Slimebound","Slimebound:Defend_Slimebound","Slimebound:Split+1","Slimebound:CorrosiveSpit","Slimebound:ItLooksTasty","Slimebound:RejuvenatingLick","Slimebound:Schlurp","Slimebound:HauntingLick","Slimebound:RainOfGoop+1","Slimebound:FinishingTackle","Slimebound:SamplingLick","Slimebound:LeechEnergy","Slimebound:ViciousTackle","Slimebound:SplitAcid","Slimebound:TongueLash","Slimebound:DuplicatedForm+1","Slimebound:ComboTackle+1","Slimebound:GrowthPunch+1","Slimebound:LivingWall","Slimebound:SpikyOuterGoop","Slimebound:RollThrough","Slimebound:RejuvenatingLick+1","Slimebound:SlimeTap+1","Slimebound:SplitLeeching","Slimebound:GrowthPunch"],"relics":["Slimebound:AbsorbEndCombat","downfall:HeartsMalice","Tiny Chest","Gremlin Horn","Mercury Hourglass","Ginger","Slimebound:TarBlob","Vajra","Nunchaku","InkBottle","Frozen Egg 2"],"acts_visited":["Exordium","TheCity"],"potions_floor_usage":[23,25,26,33],"damage_taken":[{"damage":0,"enemies":"Jaw Worm","floor":2,"turns":1},{"damage":0,"enemies":"2 Louse","floor":4,"turns":1},{"damage":0,"enemies":"Cultist","floor":8,"turns":1},{"damage":5,"enemies":"downfall:FleeingMerchant","floor":9,"turns":4},{"damage":3,"enemies":"Red Slaver","floor":12,"turns":2},{"damage":15,"enemies":"downfall:FleeingMerchant","floor":13,"turns":4},{"damage":4,"enemies":"3 Sentries","floor":14,"turns":3},{"damage":0,"enemies":"downfall:LooterAlt","floor":15,"turns":2},{"damage":16,"enemies":"SI_SHIV_ARCHETYPE","floor":16,"turns":4},{"damage":8,"enemies":"downfall:LooterAlt2","floor":19,"turns":3},{"damage":14,"enemies":"Spheric Guardian","floor":20,"turns":4},{"damage":10,"enemies":"Cultist and Chosen","floor":21,"turns":4},{"damage":21,"enemies":"downfall:FleeingMerchant","floor":22,"turns":4},{"damage":0,"enemies":"Gremlin Leader","floor":23,"turns":3},{"damage":14,"enemies":"Snake Plant","floor":25,"turns":2},{"damage":13,"enemies":"Shelled Parasite and Fungi","floor":26,"turns":3},{"damage":14,"enemies":"Slavers","floor":30,"turns":4},{"damage":7,"enemies":"Snecko","floor":32,"turns":5},{"damage":48,"enemies":"IC_MUSHROOM_ARCHETYPE","floor":33,"turns":4}],"seed_played":"-2524590169740799069","potions_obtained":[{"floor":12,"key":"DuplicationPotion"},{"floor":14,"key":"Energy Potion"},{"floor":16,"key":"LiquidBronze"},{"floor":23,"key":"Explosive Potion"},{"floor":30,"key":"Ancient Potion"}],"is_trial":false,"path_per_floor":["R","M","?","M","?","?","T","M","$","T","R","M","$","E","M","B",null,"R","M","M","M","$","E","T","M","M","?","T","R","E","?","M","B"],"character_chosen":"SLIMEBOUND","items_purchased":["Slimebound:RainOfGoop","Slimebound:FinishingTackle","Slimebound:ViciousTackle","Slimebound:RollThrough","Vajra"],"campfire_rested":0,"item_purchase_floors":[9,9,13,22,22],"current_hp_per_floor":[65,65,65,65,65,65,65,65,64,64,64,63,52,56,58,50,65,65,61,51,49,49,57,57,51,42,42,42,42,34,34,33,0,0,0],"gold":156,"neow_bonus":"THREE_ENEMY_KILL","is_daily":false,"chose_seed":false,"campfire_upgraded":4,"win_rate":0.0,"timestamp":1614409891,"path_taken":["R","M","?","M","?","?","T","?","$","?","R","M","$","E","M","BOSS","R","M","M","M","?","E","T","M","?","?","?","R","E","?","M","BOSS"],"items_purchased_type":["Card","Card","Card","Card","Relic"],"build_version":"2020-12-22","purchased_purges":1,"victory":false,"max_hp_per_floor":[65,65,65,65,65,65,65,65,65,65,65,65,65,65,65,65,65,65,65,65,65,65,65,65,65,65,65,65,65,65,65,65,65,65,65],"relic_stats":{"Nunchaku":[2],"Gremlin Horn":[13,13],"counters":[19,55],"Tiny Chest":2,"Ginger":[5],"obtain_stats":[{"Nunchaku":24,"Gremlin Horn":7,"Vajra":22,"downfall:HeartsMalice":0,"Tiny Chest":3,"Slimebound:AbsorbEndCombat":0,"Ginger":14,"Frozen Egg 2":30,"InkBottle":28,"Mercury Hourglass":10,"Slimebound:TarBlob":17},{"Nunchaku":14,"Gremlin Horn":2,"Vajra":13,"downfall:HeartsMalice":0,"Tiny Chest":1,"Slimebound:AbsorbEndCombat":0,"Ginger":7,"Frozen Egg 2":17,"InkBottle":16,"Mercury Hourglass":4,"Slimebound:TarBlob":9},{"Nunchaku":37,"Gremlin Horn":0,"Vajra":34,"downfall:HeartsMalice":0,"Tiny Chest":0,"Slimebound:AbsorbEndCombat":0,"Ginger":13,"Frozen Egg 2":46,"InkBottle":42,"Mercury Hourglass":4,"Slimebound:TarBlob":19}],"InkBottle":[6],"Mercury Hourglass":[167]},"card_choices":[{"not_picked":["Slimebound:HauntingLick","Slimebound:Dissolve"],"picked":"Slimebound:ItLooksTasty","floor":2},{"not_picked":["Slimebound:Schlurp","Slimebound:Nibble"],"picked":"Slimebound:RejuvenatingLick","floor":4},{"not_picked":["Slimebound:OozeBath","Slimebound:ProtectTheBoss"],"picked":"Slimebound:Schlurp","floor":8},{"not_picked":["Slimebound:ComboTackle","Slimebound:GoopTackle"],"picked":"Slimebound:HauntingLick","floor":9},{"not_picked":["Slimebound:SplitAcid","Slimebound:BestDefense"],"picked":"Slimebound:SamplingLick","floor":12},{"not_picked":["Slimebound:LeechingTouch","Slimebound:SlimeBrawl"],"picked":"Slimebound:LeechEnergy","floor":13},{"not_picked":["Slimebound:LeechingTouch","Slimebound:FlameTackle"],"picked":"Slimebound:SplitAcid","floor":14},{"not_picked":["Slimebound:CheckThePlaybook","Slimebound:ComboTackle"],"picked":"Slimebound:TongueLash","floor":15},{"not_picked":["Slimebound:TagTeam","Slimebound:MinionMaster"],"picked":"Slimebound:DuplicatedForm","floor":16},{"not_picked":["Slimebound:GoopSpray","Slimebound:SplitMire"],"picked":"Slimebound:ComboTackle+1","floor":19},{"not_picked":["Slimebound:FlameTackle","Slimebound:LeechingTouch+1"],"picked":"Slimebound:GrowthPunch+1","floor":20},{"not_picked":["Slimebound:SplitMire","Slimebound:SplitSpecialist+1"],"picked":"Slimebound:LivingWall","floor":21},{"not_picked":["Slimebound:LeechEnergy","Slimebound:SplitMire"],"picked":"Slimebound:SpikyOuterGoop","floor":22},{"not_picked":["Slimebound:Prepare+1","Slimebound:ItLooksTasty"],"picked":"Slimebound:RejuvenatingLick","floor":23},{"not_picked":["Slimebound:FormOfPuddle","Slimebound:Recycling"],"picked":"Slimebound:SlimeTap+1","floor":25},{"not_picked":["Slimebound:RollThrough","Slimebound:TongueLash"],"picked":"Slimebound:SplitLeeching","floor":26},{"not_picked":["Slimebound:ServeAndProtect","Slimebound:DivideAndConquer","Slimebound:Dissolve"],"picked":"SKIP","floor":30},{"not_picked":["Slimebound:RollThrough","Slimebound:HauntingLick+1"],"picked":"Slimebound:GrowthPunch","floor":32}],"player_experience":591748,"relics_obtained":[{"floor":7,"key":"Gremlin Horn"},{"floor":10,"key":"Mercury Hourglass"},{"floor":14,"key":"Ginger"},{"floor":24,"key":"Nunchaku"},{"floor":28,"key":"InkBottle"},{"floor":30,"key":"Frozen Egg 2"}],"event_choices":[{"damage_healed":0,"gold_gain":0,"player_choice":"Ignored","damage_taken":0,"max_hp_gain":0,"max_hp_loss":0,"event_name":"Vampires","floor":27,"gold_loss":0}],"is_beta":false,"boss_relics":[{"not_picked":["Tiny House","Runic Dome"],"picked":"Slimebound:TarBlob"}],"items_purged_floors":[13],"is_endless":false,"potions_floor_spawned":[12,14,16,19,23,30],"killed_by":"IC_MUSHROOM_ARCHETYPE","ascension_level":0}}