{"host":"ur8591ivwt16uwtw","time":1614388423,"event":{"mods":["BaseMod","Hubris","Minty Spire (QoL Compilation)","Rare Cards Sparkle","Replay The Spire","StSLib","The Disciple","The Necromancer","The Runesmith","The Servant 0.9.4"],"gold_per_floor":[113,113,63,82,105,140,140,175,175,210,225,225,225],"floor_reached":12,"language":"ENG","playtime":441,"items_purged":[],"score":106,"play_id":"6b6bf1b6-86a1-485e-91b7-38c44d08e106","local_time":"20210227021343","is_ascension_mode":true,"campfire_choices":[],"circlet_count":0,"master_deck":["Strike_W","Strike_W","Defend_W","Defend_W","Defend_W","Negative_Energy_Arrows","Bone_Wall","Thousand_Bone_Knives","Summon_Lich","Bone_Armory","Blood_Whip","Thousand_Bone_Knives","Summon_Undead_Army"],"relics":["Vampire_Amulet","Potion Belt","Regal Pillow","Shovel","Bag of Preparation","Mercury Hourglass","Tiny Chest"],"acts_visited":["Exordium"],"potions_floor_usage":[6,10],"damage_taken":[{"damage":3,"enemies":"2 Louse","floor":1,"turns":3},{"damage":1,"enemies":"Jaw Worm","floor":4,"turns":3},{"damage":13,"enemies":"Lagavulin","floor":6,"turns":9},{"damage":31,"enemies":"3 Sentries","floor":8,"turns":7},{"damage":6,"enemies":"Lagavulin","floor":10,"turns":6},{"damage":6,"enemies":"Cultist","floor":11,"turns":4},{"damage":7,"enemies":"3 Sentries","floor":12,"turns":2}],"seed_played":"-4027041048480861960","potions_obtained":[{"floor":4,"key":"BlessingOfTheForge"},{"floor":8,"key":"Cursed Concoction"}],"is_trial":false,"path_per_floor":["M","?","?","M","T","E","?","E","T","E","M","E"],"character_chosen":"NECROMANCER","items_purchased":[],"campfire_rested":0,"item_purchase_floors":[],"current_hp_per_floor":[75,50,50,51,51,40,40,15,15,11,7,0,0],"gold":225,"neow_bonus":"RANDOM_EVENT","is_daily":false,"chose_seed":false,"campfire_upgraded":0,"win_rate":0.0,"timestamp":1614388423,"path_taken":["M","?","?","M","?","E","?","E","T","E","M","E"],"items_purchased_type":[],"build_version":"2020-12-22","purchased_purges":0,"victory":false,"max_hp_per_floor":[75,75,75,75,75,75,75,75,75,75,75,75,75],"card_choices":[{"not_picked":["Negative_Energy_Mist","Bone_Bullets"],"picked":"Thousand_Bone_Knives","floor":1},{"not_picked":["Exploit","Finger_Of_Death"],"picked":"Summon_Lich","floor":4},{"not_picked":["Shackles_Of_Pain","Bones_to_Steel"],"picked":"Bone_Armory","floor":6},{"not_picked":["Finger_Of_Death","Life_Tap"],"picked":"Thousand_Bone_Knives","floor":8},{"not_picked":["Whirlwind_of_Bones","Negative_Energy_Javelin"],"picked":"Summon_Undead_Army","floor":10},{"not_picked":["Scare","Blood_Wake","Negative_Energy_Shield"],"picked":"SKIP","floor":11}],"player_experience":2359005,"relics_obtained":[{"floor":5,"key":"Regal Pillow"},{"floor":6,"key":"Shovel"},{"floor":8,"key":"Bag of Preparation"},{"floor":9,"key":"Mercury Hourglass"},{"floor":10,"key":"Tiny Chest"}],"event_choices":[{"damage_healed":0,"gold_gain":0,"player_choice":"Success","damage_taken":25,"relics_obtained":["Potion Belt"],"max_hp_gain":0,"max_hp_loss":0,"event_name":"Scrap Ooze","floor":2,"gold_loss":0},{"cards_removed":["Defend_W"],"damage_healed":0,"gold_gain":0,"player_choice":"Card Removal","damage_taken":0,"max_hp_gain":0,"max_hp_loss":0,"event_name":"The Cleric","floor":3,"gold_loss":50},{"damage_healed":0,"gold_gain":0,"cards_transformed":["Strike_W"],"player_choice":"Transformed","damage_taken":0,"max_hp_gain":0,"max_hp_loss":0,"event_name":"Transmorgrifier","floor":7,"gold_loss":0,"cards_obtained":["Blood_Whip"]}],"is_beta":false,"boss_relics":[],"items_purged_floors":[],"is_endless":false,"potions_floor_spawned":[4,8],"killed_by":"3 Sentries","ascension_level":2}}