{"host":"seyebgsfkenzddlz","time":1614413497,"event":{"mods":["AchievementEnabler","BaseMod","Bestiary","Block Reminder","Colored Powertips","Minty Spire (QoL Compilation)","Practice Mode","Relic Stats"],"gold_per_floor":[115,125,5,5,29,29,69,69,95,35,85,113,113,137,146,284,284,314,330,330,380,380],"floor_reached":21,"language":"RUS","playtime":571,"items_purged":["Strike_B"],"score":217,"play_id":"b489562a-3ff6-4f92-a985-7c1e27201d47","local_time":"20210227181137","is_ascension_mode":true,"campfire_choices":[{"data":"Dualcast","floor":6.0,"key":"SMITH"},{"floor":15,"key":"REST"}],"circlet_count":0,"master_deck":["Strike_B","Strike_B","Strike_B","Defend_B","Defend_B","Defend_B","Defend_B","Zap","Dualcast+1","Gash","Gash","Gash","Sweeping Beam","Scrape","Skim","Melter","Reinforced Body","White Noise","Reboot","Beam Cell"],"relics":["Cracked Core","NeowsBlessing","Golden Idol","MealTicket","CeramicFish","Dream Catcher","Pen Nib","Black Star","SsserpentHead"],"acts_visited":["Exordium","TheCity"],"potions_floor_usage":[18,21],"damage_taken":[{"damage":0.0,"enemies":"Cultist","floor":1.0,"turns":1.0},{"damage":0.0,"enemies":"Small Slimes","floor":2.0,"turns":1.0},{"damage":0.0,"enemies":"2 Louse","floor":5.0,"turns":1.0},{"damage":45.0,"enemies":"Gremlin Nob","floor":7.0,"turns":4.0},{"damage":25.0,"enemies":"3 Sentries","floor":11.0,"turns":5.0},{"damage":2,"enemies":"Exordium Wildlife","floor":12,"turns":3},{"damage":2,"enemies":"2 Fungi Beasts","floor":14,"turns":2},{"damage":18,"enemies":"Hexaghost","floor":16,"turns":6},{"damage":35,"enemies":"2 Thieves","floor":18,"turns":4},{"damage":27,"enemies":"3 Byrds","floor":19,"turns":5},{"damage":3,"enemies":"Snake Plant","floor":21,"turns":3}],"seed_played":"1716137958687462628","potions_obtained":[{"floor":11.0,"key":"SkillPotion"},{"floor":12,"key":"SteroidPotion"},{"floor":14,"key":"Energy Potion"},{"floor":16,"key":"SkillPotion"},{"floor":19,"key":"EssenceOfSteel"}],"is_trial":false,"path_per_floor":["M","M","$","?","M","R","E","?","T","$","E","M","?","M","R","B",null,"M","M","?","M"],"character_chosen":"DEFECT","items_purchased":["Gash","Scrape"],"campfire_rested":1,"item_purchase_floors":[3,10],"current_hp_per_floor":[75,75,75,69,69,69,24,24,24,39,14,12,12,10,30,12,69,34,7,7,4,4],"gold":380,"neow_bonus":"THREE_ENEMY_KILL","is_daily":false,"chose_seed":false,"campfire_upgraded":1,"win_rate":0.0,"timestamp":1614413497,"path_taken":["M","?","$","?","M","R","E","?","T","?","E","M","?","M","R","BOSS","M","?","?","?"],"items_purchased_type":["Card","Card"],"build_version":"2020-12-22","purchased_purges":1,"victory":false,"max_hp_per_floor":[75,75,75,69,69,69,69,69,69,69,69,69,69,69,69,69,69,69,69,69,69,69],"relic_stats":{"SsserpentHead":50,"Dream Catcher":1,"counters":[11,35],"Golden Idol":61,"CeramicFish":63,"MealTicket":15,"Pen Nib":[5],"Black Star":0,"obtain_stats":[{"SsserpentHead":20,"Dream Catcher":11,"NeowsBlessing":0,"Golden Idol":4,"CeramicFish":9,"MealTicket":7,"Pen Nib":13,"Black Star":17,"Cracked Core":0},{"SsserpentHead":10,"Dream Catcher":5,"NeowsBlessing":0,"Golden Idol":2,"CeramicFish":4,"MealTicket":4,"Pen Nib":6,"Black Star":8,"Cracked Core":0},{"SsserpentHead":32,"Dream Catcher":12,"NeowsBlessing":0,"Golden Idol":2,"CeramicFish":7,"MealTicket":7,"Pen Nib":15,"Black Star":23,"Cracked Core":0}]},"card_choices":[{"not_picked":["Heatsinks","Defragment"],"picked":"Gash","floor":1.0},{"not_picked":["Recycle","Conserve Battery"],"picked":"Gash","floor":2.0},{"not_picked":["Glacier","Storm"],"picked":"Static Discharge","floor":5.0},{"not_picked":["Hello World","Storm"],"picked":"Sweeping Beam","floor":7.0},{"not_picked":["Core Surge","Streamline"],"picked":"Skim","floor":11.0},{"not_picked":["Ball Lightning","Steam"],"picked":"Melter","floor":12},{"not_picked":["Ball Lightning","Compile Driver"],"picked":"Reinforced Body","floor":14},{"not_picked":["Redo","Auto Shields"],"picked":"White Noise","floor":15},{"not_picked":["Fission","Thunder Strike"],"picked":"Reboot","floor":16},{"not_picked":["Cold Snap+1","Barrage+1"],"picked":"Beam Cell","floor":18},{"not_picked":["Barrage","Auto Shields","Sweeping Beam"],"picked":"SKIP","floor":19}],"player_experience":144764,"relics_obtained":[{"floor":7.0,"key":"MealTicket"},{"floor":9.0,"key":"CeramicFish"},{"floor":11.0,"key":"Dream Catcher"}],"event_choices":[{"damage_healed":0.0,"max_hp_gain":0.0,"max_hp_loss":6.0,"gold_gain":0.0,"event_name":"Golden Idol","player_choice":"Lose Max HP","floor":4.0,"gold_loss":0.0,"damage_taken":0.0,"relics_obtained":["Golden Idol"]},{"damage_healed":0.0,"max_hp_gain":0.0,"max_hp_loss":0.0,"gold_gain":0.0,"event_name":"Shining Light","player_choice":"Ignored","floor":8.0,"gold_loss":0.0,"damage_taken":0.0},{"cards_removed":["Static Discharge"],"damage_healed":0,"gold_gain":0,"player_choice":"Gave Card","damage_taken":0,"relics_obtained":["Pen Nib"],"max_hp_gain":0,"max_hp_loss":0,"event_name":"WeMeetAgain","floor":13,"gold_loss":0},{"damage_healed":0,"gold_gain":0,"player_choice":"Trade","damage_taken":0,"relics_obtained":["SsserpentHead"],"max_hp_gain":0,"max_hp_loss":0,"event_name":"FaceTrader","floor":20,"gold_loss":0}],"is_beta":false,"boss_relics":[{"not_picked":["Velvet Choker","Philosopher\u0027s Stone"],"picked":"Black Star"}],"items_purged_floors":[3],"is_endless":false,"potions_floor_spawned":[11,12,14,16,19],"killed_by":"Snake Plant","ascension_level":3}}