{"host":"76n1didplu2laqh4","time":1614433684,"event":{"mods":["BaseMod","Downfall","Good Game Mod","Marisa£®ÏF”Í°°ƒß¿Ì…≥£©","Minty Spire (QoL Compilation)","Prisma Mod","Quick Restart","READ ME - Guardian Mod","Replay The Spire","Shop Mod","StSLib","The Hierophant","The Senshi","The Servant 0.9.4","UnlockEverythingMod","Youmu£®ªÍ∆«—˝√Œ£©","Yuri Mod"],"gold_per_floor":[156,156,213,258,258,258,258],"floor_reached":6,"language":"ZHS","playtime":456,"items_purged":[],"score":36,"play_id":"1da68209-776b-4bfb-bf6b-373d27ccce90","local_time":"20210227214804","daily_mods":["Draft","Vintage","Colorless Cards","Heirloom","Time Dilation","Cursed Run","Elite Swarm","Midas"],"is_ascension_mode":false,"campfire_choices":[],"circlet_count":0,"master_deck":["Demon Form","Wraith Form v2","Echo Form","DevaForm","bronze:Verify","sneckomod:SerpentMind","FlawlessForm","Guardian:ConstructionForm","Slimebound:DuplicatedForm","yuri:DragonForm","yuri:GhostForm","hexamod:HexaLevel","theSenshi:WarriorOfTheMoon","theSenshi:SupersonicWaves","theSenshi:LateForSchool","theSenshi:MoonPunch","theSenshi:MoonKick","theSenshi:Sidestep","theSenshi:MoonTiaraMagic","theSenshi:PlutosSolemnity","theSenshi:EncouragingSpeech","theSenshi:PlutosSolemnity","theSenshi:TallSilhouette","theSenshi:MoonTwilightFlash","theSenshi:TallSilhouette","theSenshi:Sidestep","theSenshi:SchoolBag","theSenshi:SailorChibiMoonAssists","theSenshi:MoonsReflection"],"relics":["Cursed Key","Darkstone Periapt","Du-Vu Doll","REME:ComplimentaryCards","replay:Trail_Library","Replay:Towering Pillar of Hats","ReplayFunnel","NlothsMask","Lantern","Omamori"],"acts_visited":["Exordium"],"potions_floor_usage":[],"damage_taken":[{"damage":12,"enemies":"Jaw Worm","floor":1,"turns":3},{"damage":0,"enemies":"Cultist","floor":3,"turns":4},{"damage":3,"enemies":"Small Slimes","floor":4,"turns":4},{"damage":1,"enemies":"Lagavulin","floor":6,"turns":4}],"seed_played":"5988645484228542969","potions_obtained":[{"floor":3,"key":"SneckoOil"}],"is_trial":true,"path_per_floor":["M","?","M","M","?","E"],"character_chosen":"THE_SENSHI","items_purchased":[],"campfire_rested":0,"item_purchase_floors":[],"current_hp_per_floor":[63,63,63,60,60,59,59],"gold":258,"neow_bonus":"","is_daily":false,"chose_seed":false,"campfire_upgraded":0,"win_rate":0.0,"timestamp":1614433684,"path_taken":["M","?","M","?","?","E"],"items_purchased_type":[],"build_version":"2020-12-22","purchased_purges":0,"victory":false,"max_hp_per_floor":[75,75,75,75,75,75,75],"card_choices":[{"not_picked":["theSenshi:MoonSpiralHeartAttack","Trip"],"picked":"theSenshi:SupersonicWaves","floor":0},{"not_picked":["Trip","Swift Strike"],"picked":"theSenshi:LateForSchool","floor":0},{"not_picked":["Replay:Parry","theSenshi:TallSilhouette"],"picked":"theSenshi:MoonPunch","floor":0},{"not_picked":["theSenshi:MoonPrincessHalation","theSenshi:SchoolBag"],"picked":"theSenshi:MoonKick","floor":0},{"not_picked":["Deep Breath","Replay:Parry"],"picked":"theSenshi:Sidestep","floor":0},{"not_picked":["theSenshi:LunasBite","theSenshi:MoonsReflection"],"picked":"theSenshi:MoonTiaraMagic","floor":0},{"not_picked":["theSenshi:MoonPrincessHalation","theSenshi:SchoolBag"],"picked":"theSenshi:PlutosSolemnity","floor":0},{"not_picked":["Replay:Sssssssssstrike","Forethought"],"picked":"theSenshi:EncouragingSpeech","floor":0},{"not_picked":["theSenshi:MoonTiaraMagic","Replay:Sssssssssstrike"],"picked":"theSenshi:PlutosSolemnity","floor":0},{"not_picked":["Replay:Sssssssssshield","Mind Blast"],"picked":"theSenshi:TallSilhouette","floor":0},{"not_picked":["theSenshi:SailorNeptuneAssists","theSenshi:LunasBite"],"picked":"theSenshi:MoonTwilightFlash","floor":0},{"not_picked":["theSenshi:EncouragingSpeech","theSenshi:MoonsReflection"],"picked":"theSenshi:TallSilhouette","floor":0},{"not_picked":["Enlightenment","theSenshi:MoonKick"],"picked":"theSenshi:Sidestep","floor":0},{"not_picked":["theSenshi:MoonPunch","theSenshi:EncouragingSpeech"],"picked":"theSenshi:SchoolBag","floor":0},{"not_picked":["theSenshi:SailorPlanetPower","theSenshi:SailorMercuryAssists"],"picked":"theSenshi:SailorChibiMoonAssists","floor":0}],"player_experience":273856,"relics_obtained":[{"floor":1,"key":"ReplayFunnel"},{"floor":3,"key":"Lantern"},{"floor":4,"key":"Omamori"}],"event_choices":[{"damage_healed":0,"gold_gain":0,"player_choice":"Trade","damage_taken":0,"relics_obtained":["NlothsMask"],"max_hp_gain":0,"max_hp_loss":0,"event_name":"FaceTrader","floor":2,"gold_loss":0},{"damage_healed":0,"gold_gain":0,"cards_transformed":["champ:GladiatorForm"],"player_choice":"Transformed","damage_taken":0,"max_hp_gain":0,"max_hp_loss":0,"event_name":"Transmorgrifier","floor":5,"gold_loss":0,"cards_obtained":["theSenshi:MoonsReflection"]}],"is_beta":false,"boss_relics":[],"items_purged_floors":[],"is_endless":false,"potions_floor_spawned":[3],"killed_by":"Lagavulin","ascension_level":0}}