{"host":"m1loc25s2tepoquo","time":1614404675,"event":{"mods":["BaseMod","Minty Spire (QoL Compilation)","SuperFastMode"],"gold_per_floor":[116,116,116,131,141,141,155,170,170,170,183,195,195,213,213,316,316,332,332,344,25,44,44,44,59,82,82,92,104,120,120,120],"floor_reached":31,"language":"ENG","playtime":1683,"items_purged":[],"score":235,"play_id":"03815bcb-f15f-4bbb-b176-e1e555465a3c","local_time":"20210226234435","is_ascension_mode":false,"campfire_choices":[{"data":"Backflip","floor":6,"key":"SMITH"},{"data":"All Out Attack","floor":10,"key":"SMITH"},{"data":"All Out Attack","floor":13,"key":"SMITH"},{"data":"Noxious Fumes","floor":15,"key":"SMITH"},{"data":"Catalyst","floor":23,"key":"SMITH"},{"floor":27,"key":"REST"}],"circlet_count":0,"master_deck":["Strike_G","Strike_G","Strike_G","Strike_G","Strike_G","Defend_G","Defend_G","Defend_G","Defend_G","Survivor","Neutralize","All Out Attack+1","Deadly Poison","Backflip+1","Flying Knee","All Out Attack+1","Poisoned Stab","Noxious Fumes+1","Adrenaline","Footwork","Catalyst","Catalyst+1","Pain","Deadly Poison","Acrobatics+1","Deflect"],"relics":["Ring of the Snake","Smiling Mask","Oddly Smooth Stone","HoveringKite","Ornamental Fan","WarpedTongs","Art of War"],"acts_visited":["Exordium","TheCity"],"potions_floor_usage":[16,16,18,25,30],"damage_taken":[{"damage":0,"enemies":"2 Louse","floor":1,"turns":2},{"damage":0,"enemies":"Small Slimes","floor":4,"turns":3},{"damage":0,"enemies":"Cultist","floor":5,"turns":4},{"damage":6,"enemies":"Exordium Wildlife","floor":7,"turns":4},{"damage":0,"enemies":"2 Fungi Beasts","floor":8,"turns":3},{"damage":3,"enemies":"Lots of Slimes","floor":11,"turns":3},{"damage":1,"enemies":"Red Slaver","floor":12,"turns":3},{"damage":0,"enemies":"Large Slime","floor":14,"turns":4},{"damage":10,"enemies":"The Guardian","floor":16,"turns":9},{"damage":4,"enemies":"Chosen","floor":18,"turns":4},{"damage":14,"enemies":"2 Thieves","floor":20,"turns":3},{"damage":9,"enemies":"Snake Plant","floor":22,"turns":5},{"damage":12,"enemies":"Shelled Parasite and Fungi","floor":25,"turns":5},{"damage":13,"enemies":"Sentry and Sphere","floor":28,"turns":4},{"damage":9,"enemies":"Cultist and Chosen","floor":29,"turns":5},{"damage":28,"enemies":"Shelled Parasite and Fungi","floor":30,"turns":3},{"damage":12,"enemies":"Snecko","floor":31,"turns":2}],"seed_played":"-3288863606432748585","potions_obtained":[{"floor":4,"key":"DuplicationPotion"},{"floor":8,"key":"SpeedPotion"},{"floor":12,"key":"GamblersBrew"},{"floor":14,"key":"Block Potion"},{"floor":18,"key":"Fruit Juice"},{"floor":25,"key":"Swift Potion"}],"is_trial":false,"path_per_floor":["M","?","?","M","M","R","M","M","T","R","M","M","R","M","R","B",null,"M","?","M","$","M","R","?","M","T","R","M","M","M","M"],"character_chosen":"THE_SILENT","items_purchased":["Catalyst","Ornamental Fan"],"campfire_rested":1,"item_purchase_floors":[21,21],"current_hp_per_floor":[70,67,67,67,67,67,61,61,61,61,58,57,57,57,57,47,70,71,71,57,57,48,48,48,36,36,58,45,36,8,0,0],"gold":120,"neow_bonus":"THREE_CARDS","is_daily":false,"chose_seed":false,"campfire_upgraded":5,"win_rate":0.0,"timestamp":1614404675,"path_taken":["M","?","?","M","?","R","M","M","T","R","M","M","R","M","R","BOSS","M","?","M","$","M","R","?","M","T","R","M","M","M","M"],"items_purchased_type":["Card","Relic"],"build_version":"2020-12-22","purchased_purges":0,"victory":false,"max_hp_per_floor":[70,70,70,70,70,70,70,70,70,70,70,70,70,70,70,70,70,75,75,75,75,75,75,75,75,75,75,75,75,75,75,75],"card_choices":[{"not_picked":["Flechettes","Backflip"],"picked":"All Out Attack","floor":0},{"not_picked":["Dagger Spray","Slice"],"picked":"Deadly Poison","floor":1},{"not_picked":["Expertise","Sucker Punch","Quick Slash"],"picked":"SKIP","floor":4},{"not_picked":["Dagger Throw","Masterful Stab"],"picked":"Backflip","floor":5},{"not_picked":["Distraction","Slice"],"picked":"Flying Knee","floor":7},{"not_picked":["Malaise","Outmaneuver","Slice"],"picked":"SKIP","floor":8},{"not_picked":["Dagger Throw","Bane"],"picked":"All Out Attack","floor":11},{"not_picked":["Dagger Spray","Bane"],"picked":"Poisoned Stab","floor":12},{"not_picked":["Predator","Slice"],"picked":"Noxious Fumes","floor":14},{"not_picked":["Glass Knife","Night Terror"],"picked":"Adrenaline","floor":16},{"not_picked":["Endless Agony+1","Tactician","Escape Plan"],"picked":"SKIP","floor":18},{"not_picked":["PiercingWail","Quick Slash+1"],"picked":"Catalyst","floor":20},{"not_picked":["PiercingWail+1","Heel Hook+1","Underhanded Strike"],"picked":"SKIP","floor":22},{"not_picked":["Accuracy+1","Sucker Punch"],"picked":"Deadly Poison","floor":25},{"not_picked":["Dash","Sucker Punch+1"],"picked":"Acrobatics+1","floor":28},{"not_picked":["Predator","PiercingWail","Dodge and Roll"],"picked":"SKIP","floor":29},{"not_picked":["Backflip","Accuracy"],"picked":"Deflect","floor":30}],"player_experience":130316,"relics_obtained":[{"floor":9,"key":"Oddly Smooth Stone"},{"floor":26,"key":"Art of War"}],"event_choices":[{"damage_healed":0,"gold_gain":0,"player_choice":"Success","damage_taken":3,"relics_obtained":["Smiling Mask"],"max_hp_gain":0,"max_hp_loss":0,"event_name":"Scrap Ooze","floor":2,"gold_loss":0},{"cards_removed":["Defend_G"],"damage_healed":0,"gold_gain":0,"player_choice":"Card Removal","damage_taken":0,"max_hp_gain":0,"max_hp_loss":0,"event_name":"Wheel of Change","floor":3,"gold_loss":0},{"damage_healed":0,"gold_gain":0,"player_choice":"Read","damage_taken":0,"max_hp_gain":0,"max_hp_loss":0,"event_name":"The Library","floor":19,"gold_loss":0,"cards_obtained":["Footwork"]},{"damage_healed":0,"gold_gain":0,"player_choice":"Rummage","damage_taken":0,"relics_obtained":["WarpedTongs"],"max_hp_gain":0,"max_hp_loss":0,"event_name":"Accursed Blacksmith","floor":24,"gold_loss":0,"cards_obtained":["Pain"]}],"is_beta":false,"boss_relics":[{"not_picked":["Astrolabe","Runic Dome"],"picked":"HoveringKite"}],"items_purged_floors":[],"is_endless":false,"potions_floor_spawned":[4,8,12,14,18,25],"killed_by":"Snecko","ascension_level":0}}