{"host":"3j2m8n0ywf988fwb","time":1614412826,"event":{"mods":["2.2 Compatiblity","AchievementEnabler","Aspiration","BaseMod","Bestiary","Better Altar","Better Match","Better Note","Better Sensory Stone","Better Skull","Better Third Choice","CCEM2","Colored Map","Colored Powertips","Conspire","Dark Map","Googly Eyes","Halation","HexUI Lib","Highlight Path","Hubris","Infinite Spire","Jedi Mod","Marked Mod","Minty Spire (QoL Compilation)","Monster B Gone","Permanent Neow","Random Character Button","Relic Filter Mod","Relic Stats","Reliquary","Replay The Spire","Shop Mod","StS++","StSLib","Unceasing Turn Reminder","Weighted Paths","everything is the same but u backflip on backflip"],"gold_per_floor":[11,11,31,206,206,206,206,206,206,216,226,254,254,288,288,288,288],"floor_reached":16,"language":"ENG","playtime":457,"items_purged":[],"score":162,"play_id":"9e641941-36dc-4981-968d-8321334ce4c8","local_time":"20210227020026","is_ascension_mode":true,"campfire_choices":[{"data":"StSpp:PoisonousPunch","floor":6,"key":"SMITH"},{"data":"Neutralize","floor":8,"key":"SMITH"},{"data":"infinitespire:Neurotoxin","floor":13,"key":"SMITH"},{"floor":15,"key":"REST"}],"circlet_count":0,"master_deck":["AscendersBane","Strike_G","Strike_G","Strike_G","Strike_G","Strike_G","Defend_G","Defend_G","Defend_G","Defend_G","Defend_G","Survivor","Neutralize+1","StSpp:PoisonousPunch+1","Deadly Poison","infinitespire:Neurotoxin+1","Deadly Poison"],"relics":["Ring of the Snake","halation:PinkSoulGem","Ornamental Fan","reliquary:SilkGlove","hubris:DisguiseKit"],"acts_visited":["Exordium"],"potions_floor_usage":[14],"damage_taken":[{"damage":0,"enemies":"2 Louse","floor":1,"turns":3},{"damage":7,"enemies":"Jaw Worm","floor":3,"turns":3},{"damage":1,"enemies":"Small Slimes","floor":10,"turns":4},{"damage":4,"enemies":"3 Louse","floor":11,"turns":6},{"damage":14,"enemies":"Lagavulin","floor":12,"turns":6},{"damage":32,"enemies":"Gremlin Nob","floor":14,"turns":5},{"damage":38,"enemies":"Slime Boss","floor":16,"turns":8}],"seed_played":"-1607285431955276722","potions_obtained":[{"floor":1,"key":"StSpp:SecondWindPotion"},{"floor":11,"key":"Swift Potion"}],"is_trial":false,"path_per_floor":["M","$","M","?","?","R","?","R","T","M","M","E","R","E","R","B"],"character_chosen":"THE_SILENT","items_purchased":[],"campfire_rested":1,"item_purchase_floors":[],"current_hp_per_floor":[77,77,70,70,63,63,63,63,63,62,58,44,44,12,37,0,0],"gold":288,"neow_bonus":"TWENTY_PERCENT_HP_BONUS","is_daily":false,"chose_seed":false,"campfire_upgraded":3,"win_rate":0.0,"timestamp":1614412826,"path_taken":["M","$","M","?","?","R","?","R","T","M","M","E","R","E","R","BOSS"],"items_purchased_type":[],"build_version":"2020-12-22","purchased_purges":0,"victory":false,"max_hp_per_floor":[84,84,84,84,84,84,84,84,84,84,84,84,84,84,84,84,84],"relic_stats":{"counters":[7,35],"Ornamental Fan":[24],"obtain_stats":[{"hubris:DisguiseKit":14,"reliquary:SilkGlove":12,"Ornamental Fan":9,"halation:PinkSoulGem":7,"Ring of the Snake":0},{"hubris:DisguiseKit":6,"reliquary:SilkGlove":5,"Ornamental Fan":2,"halation:PinkSoulGem":2,"Ring of the Snake":0},{"hubris:DisguiseKit":27,"reliquary:SilkGlove":22,"Ornamental Fan":6,"halation:PinkSoulGem":6,"Ring of the Snake":0}],"Ring of the Snake":[14]},"card_choices":[{"not_picked":["Bane","Caltrops"],"picked":"StSpp:PoisonousPunch","floor":1},{"not_picked":["Cloak And Dagger","StSpp:Throw"],"picked":"Deadly Poison","floor":3},{"not_picked":["StSpp:Dive","StSpp:PoisonousPunch","jedi:acidrain"],"picked":"SKIP","floor":10},{"not_picked":["ReplayTheSpireMod:Tripwire","StSpp:Dive","StSpp:PoisonousPunch"],"picked":"SKIP","floor":11},{"not_picked":["Poisoned Stab","Dagger Throw"],"picked":"infinitespire:Neurotoxin","floor":12},{"not_picked":["Concentrate","Flying Knee"],"picked":"Deadly Poison","floor":14}],"player_experience":795827,"relics_obtained":[{"floor":9,"key":"Ornamental Fan"},{"floor":12,"key":"reliquary:SilkGlove"},{"floor":14,"key":"hubris:DisguiseKit"}],"event_choices":[{"damage_healed":0,"gold_gain":175,"player_choice":"AGREE","damage_taken":31,"max_hp_gain":0,"max_hp_loss":0,"event_name":"betterThird:BetterSerpent","floor":4,"gold_loss":0},{"cards_removed":["Doubt"],"damage_healed":0,"gold_gain":0,"player_choice":"Card Removal","damage_taken":7,"max_hp_gain":0,"max_hp_loss":0,"event_name":"Golden Wing","floor":5,"gold_loss":0}],"is_beta":false,"boss_relics":[],"items_purged_floors":[],"is_endless":false,"potions_floor_spawned":[1,11],"killed_by":"Slime Boss","ascension_level":10}}