{"host":"xf6jh9nhxbgnw2vy","time":1614408712,"event":{"mods":["BaseMod","ChefMod","Colored Map","Colored Powertips","Downfall","Hermit","Highlight Path","Hunter 猎人","Library of Ruina","Minty Spire (QoL Compilation)","Replay The Spire","StSLib","The Animator","The Blackbeard","The Bladedancer","The Cursed","The Forsaken","The Gatherer","The Mystic","The Poker Player","The Servant 0.9.4","The Showman","Waifu the Spire","【功能Mod】混沌之环修复补丁","残留之物"],"gold_per_floor":[112,161,171,187,152,152,166,201,201,201,217,231,258,277,277,376,376,391,391,411,411,438,438,363,394,394,394,26,44,56,74,74,74,74],"floor_reached":33,"language":"ZHS","playtime":2126,"items_purged":["Hallucinations"],"score":279,"play_id":"08b5c501-046d-4ac9-8e39-8ad7605414cb","local_time":"20210227145152","is_ascension_mode":false,"campfire_choices":[{"data":"PlaceholderMod:Crystallization","floor":6,"key":"SMITH"},{"floor":15,"key":"REST"},{"floor":23,"key":"REST"},{"floor":27,"key":"REST"},{"floor":32,"key":"DIG"}],"circlet_count":0,"master_deck":["PlaceholderMod:BaseStrike","PlaceholderMod:BaseStrike","PlaceholderMod:BaseStrike","PlaceholderMod:BaseDefend","PlaceholderMod:BaseDefend","PlaceholderMod:BaseDefend","PlaceholderMod:BaseDefend","PlaceholderMod:Crystal","PlaceholderMod:PoisonWhip","PlaceholderMod:DiffusionPoison","PlaceholderMod:OHStrongAttack","PlaceholderMod:PoisonExcitation","PlaceholderMod:DirectingGroup","PlaceholderMod:Crystallization+1","PlaceholderMod:HighConcentration","PlaceholderMod:Sweep","Pot Of Greed","Pot Of Greed","PlaceholderMod:SelectReaction","PlaceholderMod:StressReaction","PlaceholderMod:Assimilation","PlaceholderMod:Crystallization+1","PlaceholderMod:NearChange+1","PlaceholderMod:ComplexForm","Pot Of Greed","PlaceholderMod:SeverePoisonStrike+1","PlaceholderMod:NearChange"],"relics":["PlaceholderMod:Tancle","PageOfSpiderBud","Grinning Jar","PageOfMercenary","Cursed Key","Red Mask","Centennial Puzzle","Golden Egg","Medical Kit","Gremlin Food","Pocketwatch"],"acts_visited":["Exordium","TheCity"],"potions_floor_usage":[25,25,33,33,33],"damage_taken":[{"damage":3,"enemies":"2 Louse","floor":1,"turns":4},{"damage":0,"enemies":"Small Slimes","floor":3,"turns":4},{"damage":0,"enemies":"Cultist","floor":4,"turns":4},{"damage":2,"enemies":"Blue Slaver","floor":7,"turns":5},{"damage":5,"enemies":"Lagavulin","floor":8,"turns":8},{"damage":17,"enemies":"Large Slime","floor":11,"turns":6},{"damage":26,"enemies":"Gremlin Gang","floor":12,"turns":3},{"damage":16,"enemies":"Replay:BlueRogue","floor":13,"turns":6},{"damage":11,"enemies":"3 Louse","floor":14,"turns":4},{"damage":12,"enemies":"Hexaghost","floor":16,"turns":10},{"damage":46,"enemies":"2 Thieves","floor":18,"turns":4},{"damage":4,"enemies":"Spheric Guardian","floor":20,"turns":5},{"damage":46,"enemies":"Masked Bandits","floor":22,"turns":6},{"damage":30,"enemies":"Book of Stabbing","floor":25,"turns":6},{"damage":17,"enemies":"Snake Plant","floor":29,"turns":4},{"damage":4,"enemies":"3 Cultists","floor":30,"turns":4},{"damage":9,"enemies":"Shelled Parasite and Fungi","floor":31,"turns":6},{"damage":30,"enemies":"Automaton","floor":33,"turns":6}],"seed_played":"6420436083702495142","potions_obtained":[{"floor":2,"key":"Strength Potion"},{"floor":2,"key":"ColorlessPotion"},{"floor":2,"key":"EssenceOfSteel"},{"floor":4,"key":"champ:CounterPotion"},{"floor":29,"key":"DistilledChaos"},{"floor":31,"key":"PowerPotion"}],"is_trial":false,"path_per_floor":["M","?","M","M","?","R","M","E","T","?","M","M","E","M","R","B",null,"M","?","M","?","?","R","?","E","T","R","$","M","M","M","R_BF","B"],"character_chosen":"THE_PLACEHOLDER","items_purchased":["Medical Kit","Gremlin Food"],"campfire_rested":3,"item_purchase_floors":[28,28],"current_hp_per_floor":[75,44,44,44,63,63,61,56,56,56,45,31,18,16,39,30,78,42,42,41,41,8,33,33,6,6,31,31,17,22,23,23,0,0],"gold":74,"neow_bonus":"TRANSFORM_CARD","is_daily":false,"chose_seed":false,"campfire_upgraded":1,"win_rate":0.0,"timestamp":1614408712,"path_taken":["M","?","?","M","?","R","M","E","T","?","M","M","E","M","R","BOSS","M","?","?","?","?","R","?","E","T","R","$","M","M","?","R_BF","BOSS"],"items_purchased_type":["Relic","Relic"],"build_version":"2020-12-22","purchased_purges":1,"victory":false,"max_hp_per_floor":[78,78,78,78,78,78,78,78,78,78,78,78,78,78,78,78,78,82,82,82,82,86,86,86,86,86,86,86,86,86,90,90,90,90],"card_choices":[{"not_picked":["PlaceholderMod:DissolvingSpikes","PlaceholderMod:SpinBlade"],"picked":"PlaceholderMod:OHStrongAttack","floor":1},{"not_picked":["PlaceholderMod:Colorful","PlaceholderMod:Internalization"],"picked":"PlaceholderMod:PoisonExcitation","floor":2},{"not_picked":["PlaceholderMod:HornyCollision","PlaceholderMod:SeverePoisonStrike"],"picked":"PlaceholderMod:DirectingGroup","floor":3},{"not_picked":["PlaceholderMod:SubstitutionNucleophilic1","PlaceholderMod:UnpureUse"],"picked":"PlaceholderMod:Crystallization","floor":4},{"not_picked":["PlaceholderMod:SeverePoisonStrike","PlaceholderMod:StrongAcid"],"picked":"PlaceholderMod:HighConcentration","floor":7},{"not_picked":["PlaceholderMod:ComplexForm","PlaceholderMod:StrongAcid"],"picked":"PlaceholderMod:Sweep","floor":8},{"not_picked":["PlaceholderMod:PoisonBlast","PlaceholderMod:UnpureUse"],"picked":"PlaceholderMod:SelectReaction","floor":11},{"not_picked":["PlaceholderMod:PoisonExcitation","PlaceholderMod:SpinBlade"],"picked":"PlaceholderMod:StressReaction","floor":12},{"not_picked":["PlaceholderMod:HealingAttack","PlaceholderMod:OHStrongAttack","PlaceholderMod:Stable"],"picked":"SKIP","floor":13},{"not_picked":["PlaceholderMod:Corrosion","PlaceholderMod:HealingAttack","PlaceholderMod:Sweep"],"picked":"SKIP","floor":14},{"not_picked":["PlaceholderMod:QualitativeChange","PlaceholderMod:GrowthForm"],"picked":"PlaceholderMod:Assimilation","floor":16},{"not_picked":["PlaceholderMod:HornyBlast","PlaceholderMod:SprayAttack+1","PlaceholderMod:AttackAsDefend"],"picked":"SKIP","floor":18},{"not_picked":["PlaceholderMod:FastReaction","PlaceholderMod:ParasiteChange"],"picked":"PlaceholderMod:NearChange+1","floor":20},{"not_picked":["PlaceholderMod:TriggerStrike+1","PlaceholderMod:DiffusionChemical"],"picked":"PlaceholderMod:ComplexForm","floor":22},{"not_picked":["PlaceholderMod:HornyBlast+1","PlaceholderMod:SpinBlade"],"picked":"PlaceholderMod:SeverePoisonStrike+1","floor":25},{"not_picked":["PlaceholderMod:Turn","PlaceholderMod:ChainPoly"],"picked":"PlaceholderMod:NearChange","floor":29},{"not_picked":["PlaceholderMod:Hard","PlaceholderMod:StressReaction+1","PlaceholderMod:Polyp"],"picked":"SKIP","floor":30},{"not_picked":["PlaceholderMod:HardStrike+1","PlaceholderMod:Package","PlaceholderMod:ProliferateStrike"],"picked":"SKIP","floor":31}],"player_experience":152602,"relics_obtained":[{"floor":8,"key":"PageOfSpiderBud"},{"floor":9,"key":"Grinning Jar"},{"floor":13,"key":"PageOfMercenary"},{"floor":22,"key":"Red Mask"},{"floor":25,"key":"Centennial Puzzle"},{"floor":26,"key":"Golden Egg"},{"floor":32,"key":"Pocketwatch"}],"event_choices":[{"damage_healed":19,"gold_gain":0,"player_choice":"Healed","damage_taken":0,"max_hp_gain":0,"max_hp_loss":0,"event_name":"The Cleric","floor":5,"gold_loss":35},{"cards_removed":["PlaceholderMod:BaseDefend"],"damage_healed":0,"gold_gain":0,"player_choice":"Forget","damage_taken":0,"max_hp_gain":0,"max_hp_loss":0,"event_name":"Living Wall","floor":10,"gold_loss":0},{"damage_healed":0,"gold_gain":0,"player_choice":"Copied","damage_taken":0,"max_hp_gain":0,"max_hp_loss":0,"event_name":"Duplicator","floor":19,"gold_loss":0,"cards_obtained":["PlaceholderMod:Crystallization"]},{"damage_healed":0,"gold_gain":0,"player_choice":"Fought Bandits","damage_taken":0,"max_hp_gain":0,"max_hp_loss":0,"event_name":"Masked Bandits","floor":22,"gold_loss":0},{"cards_removed":["PlaceholderMod:BaseStrike"],"damage_healed":0,"gold_gain":0,"player_choice":"Gave Gold","damage_taken":0,"max_hp_gain":0,"max_hp_loss":0,"event_name":"Beggar","floor":24,"gold_loss":75}],"is_beta":false,"boss_relics":[{"not_picked":["bronze:MakeshiftBattery","Painkiller Herb"],"picked":"Cursed Key"}],"items_purged_floors":[28],"is_endless":false,"potions_floor_spawned":[4,8,13,14,16,18,29,31],"killed_by":"Automaton","ascension_level":0}}