{"host":"lnnm69al9x392px5","time":1614418148,"event":{"mods":["BaseMod","Downfall","Hermit","Hubris","Minty Spire (QoL Compilation)","Reliquary","Replay The Spire","StSLib","The Cursed"],"gold_per_floor":[118,118,128,142,162,194,194,57,57,57,67,79,92,106,106,205,205,225,6,20,20,33,33,63,79,79,79,79,99,109,109,109,109,109],"floor_reached":33,"language":"ENG","playtime":1563,"items_purged":[],"score":273,"play_id":"f13ca95f-20af-4332-9400-aaa218ad4960","local_time":"20210227012908","is_ascension_mode":false,"campfire_choices":[{"data":"TheCursedMod:CursedWand","floor":10,"key":"SMITH"},{"floor":15,"key":"REST"},{"data":"TheCursedMod:ManaBullet","floor":23,"key":"SMITH"},{"floor":28,"key":"REST"},{"floor":32,"key":"REST"}],"circlet_count":0,"master_deck":["TheCursedMod:Strike_TheCursed","TheCursedMod:Strike_TheCursed","TheCursedMod:Strike_TheCursed","TheCursedMod:Defend_TheCursed","TheCursedMod:Defend_TheCursed","TheCursedMod:Defend_TheCursed","TheCursedMod:Defend_TheCursed","TheCursedMod:CursedWand+1","TheCursedMod:CleanUpWorkshop","TheCursedMod:Dregs","TheCursedMod:OutForBlood+1","TheCursedMod:SpreadPlague","TheCursedMod:CursedShiv","TheCursedMod:LuckyCharm","TheCursedMod:FuryStrike","TheCursedMod:WearCloak","ReplayTheSpireMod:Private Reserves","TheCursedMod:ManaBullet+1","TheCursedMod:Grudge","TheCursedMod:AbyssShockwave","TheCursedMod:CircleOfBlood","TheCursedMod:Wield","TheCursedMod:SmokeScreen","TheCursedMod:DemonSword","TheCursedMod:SpitefulPlan","TheCursedMod:Hemoplague","TheCursedMod:SpitefulStrike+1","TheCursedMod:SurpriseAttack","TheCursedMod:SoulReap","TheCursedMod:HellsGateOpen","TheCursedMod:CursedMace","TheCursedMod:ShockAndAwe","Pain","hubris:Greed"],"relics":["TheCursedMod:BlackMagic101","Bronze Scales","hubris:DeckOfHolding","TheCursedMod:OminousMark","reliquary:ExpiredCoupon","hubris:Reverence","MealTicket","hubris:Icosahedron","WarpedTongs"],"acts_visited":["Exordium","TheCity"],"potions_floor_usage":[6,25,29,30,33],"damage_taken":[{"damage":2,"enemies":"2 Louse","floor":1,"turns":4},{"damage":4,"enemies":"Cultist","floor":3,"turns":3},{"damage":9,"enemies":"Jaw Worm","floor":4,"turns":5},{"damage":3,"enemies":"Red Slaver","floor":5,"turns":4},{"damage":28,"enemies":"Gremlin Nob","floor":6,"turns":5},{"damage":7,"enemies":"Exordium Thugs","floor":11,"turns":4},{"damage":2,"enemies":"Blue Slaver","floor":12,"turns":3},{"damage":0,"enemies":"Exordium Wildlife","floor":13,"turns":2},{"damage":3,"enemies":"Looter","floor":14,"turns":2},{"damage":48,"enemies":"Fading Forest","floor":16,"turns":11},{"damage":5,"enemies":"Chosen","floor":18,"turns":4},{"damage":8,"enemies":"Shell Parasite","floor":20,"turns":5},{"damage":19,"enemies":"Centurion and Healer","floor":22,"turns":4},{"damage":23,"enemies":"Replay:Snechameleon","floor":24,"turns":5},{"damage":22,"enemies":"Snake Plant","floor":25,"turns":4},{"damage":18,"enemies":"Chosen and Byrds","floor":29,"turns":3},{"damage":9,"enemies":"Centurion and Healer","floor":30,"turns":5},{"damage":60,"enemies":"hubris:MusketHawk","floor":33,"turns":6}],"seed_played":"3739901880417709668","potions_obtained":[{"floor":1,"key":"Languid Potion"},{"floor":4,"key":"LiquidMemories"},{"floor":5,"key":"ColorlessPotion"},{"floor":12,"key":"SpeedPotion"},{"floor":25,"key":"ColorlessPotion"},{"floor":30,"key":"hexamod:SoulburnPotion"}],"is_trial":false,"path_per_floor":["M","?","M","M","M","E","?","$","T","R","M","M","M","M","R","B",null,"M","$","M","?","M","R","E","M","T","?","R","M","M","?","R","B"],"character_chosen":"THE_CURSED","items_purchased":["TheCursedMod:ManaBullet","TheCursedMod:Grudge","TheCursedMod:Hemoplague","reliquary:ExpiredCoupon"],"campfire_rested":3,"item_purchase_floors":[8,8,19,19],"current_hp_per_floor":[73,73,69,60,57,29,29,29,29,29,22,20,22,19,41,7,75,70,70,64,64,47,47,30,15,15,15,37,28,31,31,53,0,0],"gold":109,"neow_bonus":"ONE_RANDOM_RARE_CARD","is_daily":false,"chose_seed":false,"campfire_upgraded":2,"win_rate":0.0,"timestamp":1614418148,"path_taken":["M","?","M","?","M","E","?","$","T","R","M","M","?","M","R","BOSS","M","$","M","?","M","R","E","M","T","?","R","M","?","?","R","BOSS"],"items_purchased_type":["Card","Card","Card","Relic"],"build_version":"2020-12-22","purchased_purges":0,"victory":false,"max_hp_per_floor":[75,75,75,75,75,75,75,75,75,75,75,75,75,75,75,75,75,75,75,75,75,75,75,75,75,75,75,75,75,75,75,75,75,75],"card_choices":[{"not_picked":["TheCursedMod:DoubleShield","TheCursedMod:CircleOfAmplification"],"picked":"TheCursedMod:SpreadPlague","floor":1},{"not_picked":["TheCursedMod:Stretching","TheCursedMod:Wield"],"picked":"TheCursedMod:CursedShiv","floor":3},{"not_picked":["TheCursedMod:CircleOfCorruption","TheCursedMod:BlessingInDisguise"],"picked":"TheCursedMod:LuckyCharm","floor":4},{"not_picked":["TheCursedMod:CursedSpellbook","TheCursedMod:CursedBlade"],"picked":"TheCursedMod:FuryStrike","floor":5},{"not_picked":["TheCursedMod:CircleOfFlame","TheCursedMod:Torture","TheCursedMod:CursedBoomerang"],"picked":"SKIP","floor":6},{"not_picked":["TheCursedMod:CircleOfAmplification","TheCursedMod:Stigma"],"picked":"TheCursedMod:AbyssShockwave","floor":11},{"not_picked":["TheCursedMod:LuckyCharm","TheCursedMod:SmokeScreen"],"picked":"TheCursedMod:CircleOfBlood","floor":12},{"not_picked":["TheCursedMod:Stigma","TheCursedMod:CursedBlade"],"picked":"TheCursedMod:Wield","floor":13},{"not_picked":["TheCursedMod:AbyssShockwave","TheCursedMod:Torture"],"picked":"TheCursedMod:SmokeScreen","floor":14},{"not_picked":["TheCursedMod:Neurasthenia","TheCursedMod:ManaCirculation"],"picked":"TheCursedMod:DemonSword","floor":16},{"not_picked":["TheCursedMod:CircleOfCorruption","TheCursedMod:EmpowerCircles"],"picked":"TheCursedMod:SpitefulPlan","floor":18},{"not_picked":["TheCursedMod:CircleOfBlood","TheCursedMod:VitalStrike"],"picked":"TheCursedMod:SpitefulStrike+1","floor":20},{"not_picked":["TheCursedMod:TroublousMinions+1","TheCursedMod:CircleOfFocus+1"],"picked":"TheCursedMod:SurpriseAttack","floor":22},{"not_picked":["TheCursedMod:VitalStrike","TheCursedMod:Obscuration"],"picked":"TheCursedMod:SoulReap","floor":24},{"not_picked":["TheCursedMod:CircleOfFocus","TheCursedMod:DoubleShield"],"picked":"TheCursedMod:HellsGateOpen","floor":25},{"not_picked":["TheCursedMod:CircleOfFlame+1","TheCursedMod:Stretching+1"],"picked":"TheCursedMod:CursedMace","floor":29},{"not_picked":["TheCursedMod:RavingStaff","TheCursedMod:SoulCrush+1"],"picked":"TheCursedMod:ShockAndAwe","floor":30}],"player_experience":404608,"relics_obtained":[{"floor":6,"key":"Bronze Scales"},{"floor":9,"key":"hubris:DeckOfHolding"},{"floor":24,"key":"hubris:Reverence"},{"floor":26,"key":"MealTicket"}],"event_choices":[{"cards_removed":["TheCursedMod:Strike_TheCursed"],"damage_healed":0,"gold_gain":0,"player_choice":"Offered Basic","damage_taken":0,"max_hp_gain":0,"max_hp_loss":0,"event_name":"Bonfire Elementals","floor":2,"gold_loss":0},{"damage_healed":0,"gold_gain":0,"player_choice":"2 cards matched","damage_taken":0,"max_hp_gain":0,"max_hp_loss":0,"event_name":"Match and Keep!","floor":7,"gold_loss":0,"cards_obtained":["TheCursedMod:WearCloak","ReplayTheSpireMod:Private Reserves"]},{"damage_healed":0,"gold_gain":0,"player_choice":"Rummage","damage_taken":0,"relics_obtained":["WarpedTongs"],"max_hp_gain":0,"max_hp_loss":0,"event_name":"Accursed Blacksmith","floor":31,"gold_loss":0,"cards_obtained":["Pain"]}],"is_beta":false,"boss_relics":[{"not_picked":["Coffee Dripper","hubris:TerracottaHorce"],"picked":"TheCursedMod:OminousMark"}],"items_purged_floors":[],"is_endless":false,"potions_floor_spawned":[1,4,5,12,24,25,30],"killed_by":"hubris:MusketHawk","ascension_level":0}}