{"host":"ijtyqc57s6c9mbij","time":1614461075,"event":{"mods":["BaseMod","Colored Map","Downfall","Minty Spire (QoL Compilation)","StSLib"],"gold_per_floor":[99,110,110,127,112,124,124,109,123,23,58,69,69,69,82,181,181,81,96,113,213,226,65,65,65,83,68,68,86,97,129,148,248,248,248,258,268,279,279,304,329,377,277,291,310,310,410,444,458,458,458,458],"floor_reached":50,"language":"ENG","playtime":5478,"items_purged":[],"score":819,"play_id":"77b73813-f451-4d3f-8f7b-e84aba5763e8","local_time":"20210227132435","daily_mods":["downfall:Hexed","downfall:ExchangeController"],"is_ascension_mode":true,"campfire_choices":[{"floor":1,"key":"RECALL"},{"data":"bronze:MaxOutput","floor":10,"key":"SMITH"},{"data":"bronze:Boost","floor":13,"key":"SMITH"},{"data":"bronze:Philosophize","floor":18,"key":"SMITH"},{"data":"bronze:DonuBeam","floor":28,"key":"SMITH"},{"data":"bronze:CleanCode","floor":35,"key":"SMITH"},{"data":"bronze:DecaBeam","floor":43,"key":"SMITH"},{"data":"bronze:Assembly","floor":46,"key":"SMITH"}],"circlet_count":0,"master_deck":["bronze:Strike","bronze:Strike+1","bronze:Defend","bronze:Defend","bronze:Defend+1","bronze:Defend","bronze:Replicate","bronze:Goto+1","bronze:Boost+1","bronze:MaxOutput+1","bronze:HyperBeam","bronze:InfiniteBeams","bronze:Invalidate","bronze:Deprecate","bronze:Philosophize+1","bronze:BitShift","bronze:NullPointer","bronze:Verify","bronze:Iterate+1","bronze:FineTuning","bronze:DonuBeam+1","bronze:DecaBeam+1","bronze:BitShift","bronze:Iterate","bronze:SpaghettiCode","bronze:FineTuning","bronze:Turbo+1","bronze:Repulsor","bronze:FineTuning","bronze:BronzeOrb","bronze:RecursiveStrike","bronze:Repulsor","bronze:CleanCode+1","bronze:Constructor+1","bronze:Separator","bronze:Deprecate+1","bronze:BitShift","bronze:Assembly+1","bronze:GetLatest+1","bronze:FineTuning","bronze:Iterate","bronze:Branch+1"],"relics":["bronze:BronzeCore","Velvet Choker","downfall:NeowBlessing_Player","bronze:AnalyticalCore","downfall:HeartBlessingRed","Toy Ornithopter","bronze:MakeshiftBattery","downfall:HeartBlessingBlue","Guardian:BottledAnomaly","bronze:ProtectiveGoggles","Orichalcum","bronze:ElectromagneticCoil","Bottled Tornado","Oddly Smooth Stone","Ancient Tea Set","downfall:HeartBlessingGreen","Bronze Scales"],"acts_visited":["Exordium","TheCity","TheBeyond"],"potions_floor_usage":[],"damage_taken":[{"damage":0,"enemies":"Jaw Worm","floor":2,"turns":2},{"damage":0,"enemies":"Cultist","floor":4,"turns":2},{"damage":0,"enemies":"downfall:FleeingMerchant","floor":5,"turns":4},{"damage":9,"enemies":"2 Louse","floor":6,"turns":2},{"damage":5,"enemies":"downfall:FleeingMerchant","floor":8,"turns":4},{"damage":14,"enemies":"Red Slaver","floor":9,"turns":2},{"damage":2,"enemies":"Lagavulin","floor":11,"turns":5},{"damage":0,"enemies":"2 Fungi Beasts","floor":12,"turns":3},{"damage":2,"enemies":"Gremlin Gang","floor":15,"turns":4},{"damage":6,"enemies":"WA_ARCHETYPE_RETAIN","floor":16,"turns":5},{"damage":12,"enemies":"Chosen","floor":19,"turns":4},{"damage":10,"enemies":"Shell Parasite","floor":20,"turns":6},{"damage":118,"enemies":"Shell Parasite","floor":21,"turns":7},{"damage":8,"enemies":"Snake Plant","floor":22,"turns":6},{"damage":15,"enemies":"downfall:FleeingMerchant","floor":23,"turns":4},{"damage":2,"enemies":"3 Cultists","floor":26,"turns":3},{"damage":6,"enemies":"downfall:FleeingMerchant","floor":27,"turns":4},{"damage":0,"enemies":"Cultist and Chosen","floor":29,"turns":2},{"damage":0,"enemies":"Chosen and Byrds","floor":30,"turns":1},{"damage":10,"enemies":"Gremlin Leader","floor":31,"turns":3},{"damage":16,"enemies":"Shelled Parasite and Fungi","floor":32,"turns":3},{"damage":33,"enemies":"IC_MUSHROOM_ARCHETYPE","floor":33,"turns":5},{"damage":0,"enemies":"Orb Walker","floor":36,"turns":3},{"damage":0,"enemies":"3 Darklings","floor":37,"turns":3},{"damage":10,"enemies":"Transient","floor":38,"turns":5},{"damage":52,"enemies":"Nemesis","floor":40,"turns":7},{"damage":0,"enemies":"downfall:FleeingMerchant","floor":42,"turns":1},{"damage":25,"enemies":"4 Shapes","floor":44,"turns":3},{"damage":12,"enemies":"Spire Growth","floor":45,"turns":3},{"damage":0,"enemies":"Giant Head","floor":48,"turns":5},{"damage":40,"enemies":"Maw","floor":49,"turns":6},{"damage":257,"enemies":"SI_POISON_ARCHETYPE","floor":50,"turns":14}],"seed_played":"8890385464528851698","potions_obtained":[{"floor":2,"key":"champ:CounterPotion"},{"floor":4,"key":"EntropicBrew"},{"floor":6,"key":"SpeedPotion"},{"floor":15,"key":"ColorlessPotion"},{"floor":19,"key":"Block Potion"},{"floor":22,"key":"LiquidMemories"},{"floor":29,"key":"Weak Potion"},{"floor":32,"key":"FairyPotion"},{"floor":37,"key":"FearPotion"},{"floor":44,"key":"ColorlessPotion"},{"floor":45,"key":"Fire Potion"}],"is_trial":true,"path_per_floor":["R","M","?","M","$","M","T","$","M","R","E","M","R","?","M","B",null,"R","M","M","?","M","$","T","?","M","$","R","M","M","E","M","B",null,"R","M","M","M","?","E","T","$","R","M","M","R","?","E","M","B"],"character_chosen":"THE_AUTOMATON","items_purchased":["Guardian:BottledAnomaly","Ancient Tea Set","bronze:Assembly"],"campfire_rested":0,"item_purchase_floors":[23,42,42],"current_hp_per_floor":[170,170,170,170,170,161,161,156,142,142,140,140,140,140,138,132,270,280,268,258,140,132,117,117,117,115,109,109,109,109,99,83,50,380,380,380,380,370,370,318,318,318,318,293,281,281,281,281,241,0,0,0],"gold":458,"neow_bonus":"","is_daily":false,"chose_seed":false,"campfire_upgraded":7,"win_rate":0.0,"timestamp":1614461075,"path_taken":["R","M","?","M","$","M","T","$","?","R","E","M","R","?","M","BOSS","R","M","M","?","M","$","T","?","M","$","R","?","M","E","M","BOSS","R","M","M","M","?","E","T","$","R","M","M","R","?","E","M","BOSS"],"items_purchased_type":["Relic","Relic","Card"],"build_version":"2020-12-22","purchased_purges":0,"victory":false,"max_hp_per_floor":[170,170,170,170,170,170,170,170,170,170,170,170,170,170,170,170,270,280,280,280,280,280,280,280,280,280,280,280,280,280,280,280,280,380,380,380,380,380,380,380,380,380,380,380,380,380,380,380,380,380,380,380],"card_choices":[{"not_picked":["bronze:OilSpill","bronze:Separator"],"picked":"bronze:Boost","floor":2},{"not_picked":["bronze:CutThrough","bronze:Iterate"],"picked":"bronze:MaxOutput","floor":4},{"not_picked":["bronze:ForLoop","bronze:MaxOutput"],"picked":"bronze:HyperBeam","floor":5},{"not_picked":["bronze:BuggyMess","bronze:Flail"],"picked":"bronze:InfiniteBeams","floor":6},{"not_picked":["bronze:FollowUp","bronze:InfiniteBeams"],"picked":"bronze:Invalidate","floor":8},{"not_picked":["bronze:MaxOutput","bronze:BitShift"],"picked":"bronze:Deprecate","floor":9},{"not_picked":["bronze:Repair","bronze:BitShift"],"picked":"bronze:Philosophize","floor":11},{"not_picked":["bronze:Turbo","bronze:OilSpill"],"picked":"bronze:BitShift","floor":12},{"not_picked":["bronze:WildBeam","bronze:WhirlingStrike"],"picked":"bronze:NullPointer","floor":15},{"not_picked":["bronze:HardenedForm","bronze:BurnOut"],"picked":"bronze:Verify","floor":16},{"not_picked":["bronze:FineTuning","bronze:GetLatest"],"picked":"bronze:Iterate+1","floor":19},{"not_picked":["bronze:Invalidate","bronze:ChosenStrike"],"picked":"bronze:FineTuning","floor":20},{"not_picked":[],"picked":"bronze:DonuBeam","floor":21},{"not_picked":[],"picked":"bronze:DecaBeam","floor":21},{"not_picked":["bronze:DelayedGuard","bronze:NullPointer"],"picked":"bronze:BitShift","floor":21},{"not_picked":["bronze:CloningBeam+1","bronze:Frontload"],"picked":"bronze:Iterate","floor":22},{"not_picked":["bronze:Flail","bronze:Overheat"],"picked":"bronze:SpaghettiCode","floor":23},{"not_picked":["bronze:Invalidate","bronze:Iterate"],"picked":"bronze:Turbo+1","floor":26},{"not_picked":["bronze:Constructor+1","bronze:WhirlingStrike"],"picked":"bronze:Repulsor","floor":27},{"not_picked":["bronze:OilSpill+1","bronze:Overheat"],"picked":"bronze:FineTuning","floor":29},{"not_picked":["bronze:Constructor","bronze:BugBarrage"],"picked":"bronze:BronzeOrb","floor":30},{"not_picked":["bronze:BuggyMess","bronze:Overload"],"picked":"bronze:RecursiveStrike","floor":31},{"not_picked":["bronze:Shield+1","bronze:Separator"],"picked":"bronze:Repulsor","floor":32},{"not_picked":["bronze:Mutator","bronze:SpaghettiCode"],"picked":"bronze:CleanCode","floor":33},{"not_picked":["bronze:Deprecate","bronze:DelayedSlice+1"],"picked":"bronze:Constructor+1","floor":36},{"not_picked":["bronze:Philosophize","bronze:ForceShield+1"],"picked":"bronze:Separator","floor":37},{"not_picked":["bronze:MaxOutput+1","bronze:Invalidate"],"picked":"bronze:Flail","floor":38},{"not_picked":["bronze:RecursiveStrike","bronze:Shell+1"],"picked":"bronze:Deprecate+1","floor":40},{"not_picked":["bronze:Frontload","bronze:Boost+1"],"picked":"bronze:BitShift","floor":42},{"not_picked":["bronze:Shell+1","bronze:BronzeOrb+1"],"picked":"bronze:GetLatest+1","floor":44},{"not_picked":["bronze:OilSpill","bronze:WildBeam+1"],"picked":"bronze:FineTuning","floor":45},{"not_picked":["bronze:WhirlingStrike","bronze:Separator+1"],"picked":"bronze:Iterate","floor":48},{"not_picked":["bronze:BugBarrage","bronze:Overheat"],"picked":"bronze:Branch+1","floor":49}],"player_experience":1065663,"relics_obtained":[{"floor":11,"key":"Toy Ornithopter"},{"floor":24,"key":"bronze:ProtectiveGoggles"},{"floor":31,"key":"Orichalcum"},{"floor":40,"key":"Bottled Tornado"},{"floor":41,"key":"Oddly Smooth Stone"},{"floor":48,"key":"Bronze Scales"}],"event_choices":[{"cards_removed":["bronze:Strike"],"damage_healed":0,"gold_gain":0,"player_choice":"Purged","damage_taken":0,"max_hp_gain":0,"max_hp_loss":0,"event_name":"Purifier","floor":14,"gold_loss":0},{"cards_removed":["bronze:Flail"],"damage_healed":0,"gold_gain":0,"player_choice":"Removed Attack","damage_taken":0,"max_hp_gain":0,"max_hp_loss":0,"event_name":"Falling","floor":39,"gold_loss":0}],"is_beta":false,"boss_relics":[{"not_picked":["Pandora\u0027s Box","expansioncontent:StudyCardRelic"],"picked":"bronze:MakeshiftBattery"},{"not_picked":["Astrolabe","Calling Bell"],"picked":"bronze:ElectromagneticCoil"}],"items_purged_floors":[],"is_endless":false,"potions_floor_spawned":[2,4,6,15,19,22,29,32,37,44,45],"killed_by":"SI_POISON_ARCHETYPE","ascension_level":4}}