{"host":"dkr0dog13pegamnp","time":1614412659,"event":{"mods":["AchievementEnabler","BaseMod","Minty Spire (QoL Compilation)","Rare Cards Sparkle","StSLib","SuperFastMode","everything is the same but u backflip on backflip"],"gold_per_floor":[111,36,36,36,48,75,75,87,110,135,145,161,161,161],"floor_reached":13,"language":"KOR","playtime":302,"items_purged":[],"score":216,"play_id":"b65af379-e489-47b5-ab96-380727e6ab81","local_time":"20210227165739","is_ascension_mode":true,"campfire_choices":[{"data":"PiercingWail","floor":7,"key":"SMITH"}],"circlet_count":0,"master_deck":["AscendersBane","Strike_G+1","Strike_G","Strike_G","Strike_G+1","Defend_G","Defend_G","Defend_G","Defend_G","Defend_G","Survivor","Neutralize+1","PiercingWail+1","Dagger Spray","Venomology","Grand Finale"],"relics":["Ring of the Snake","NeowsBlessing","Potion Belt","Orichalcum","Paper Crane"],"acts_visited":["Exordium"],"potions_floor_usage":[10,10,12],"damage_taken":[{"damage":0,"enemies":"2 Louse","floor":1,"turns":1},{"damage":0,"enemies":"Small Slimes","floor":5,"turns":1},{"damage":0,"enemies":"3 Sentries","floor":6,"turns":1},{"damage":0,"enemies":"Cultist","floor":8,"turns":5},{"damage":16,"enemies":"Gremlin Nob","floor":10,"turns":4},{"damage":0,"enemies":"3 Louse","floor":11,"turns":4},{"damage":0,"enemies":"Red Slaver","floor":12,"turns":5},{"damage":44,"enemies":"3 Sentries","floor":13,"turns":14}],"seed_played":"6405080529137628288","potions_obtained":[{"floor":1,"key":"SkillPotion"},{"floor":6,"key":"FearPotion"}],"is_trial":false,"path_per_floor":["M","?","?","?","M","E","R","M","T","E","M","M","E"],"character_chosen":"THE_SILENT","items_purchased":[],"campfire_rested":0,"item_purchase_floors":[],"current_hp_per_floor":[59,59,39,39,39,39,39,39,39,23,23,23,0,0],"gold":161,"neow_bonus":"THREE_ENEMY_KILL","is_daily":false,"chose_seed":false,"campfire_upgraded":1,"win_rate":0.0,"timestamp":1614412659,"path_taken":["M","?","?","?","?","E","R","M","T","E","M","M","E"],"items_purchased_type":[],"build_version":"2020-12-22","purchased_purges":0,"victory":false,"max_hp_per_floor":[66,66,66,66,66,66,66,66,66,66,66,66,66,66],"card_choices":[{"not_picked":["Catalyst","Sucker Punch","Endless Agony"],"picked":"SKIP","floor":1},{"not_picked":["Slice","Flying Knee","Underhanded Strike"],"picked":"SKIP","floor":5},{"not_picked":["Flying Knee","Flechettes","PiercingWail"],"picked":"SKIP","floor":6},{"not_picked":["Flying Knee","Flechettes"],"picked":"PiercingWail","floor":6},{"not_picked":["Outmaneuver","Bane"],"picked":"Dagger Spray","floor":8},{"not_picked":["Bouncing Flask","Reflex"],"picked":"Venomology","floor":10},{"not_picked":["Riddle With Holes","Choke","PiercingWail"],"picked":"SKIP","floor":11},{"not_picked":["Dagger Spray","Sucker Punch"],"picked":"Grand Finale","floor":12}],"player_experience":127628,"relics_obtained":[{"floor":6,"key":"Potion Belt"},{"floor":9,"key":"Orichalcum"},{"floor":10,"key":"Paper Crane"}],"event_choices":[{"cards_removed":["Strike_G"],"damage_healed":0,"gold_gain":0,"player_choice":"Card Removal","damage_taken":0,"max_hp_gain":0,"max_hp_loss":0,"event_name":"The Cleric","floor":2,"gold_loss":75},{"damage_healed":0,"gold_gain":0,"player_choice":"Entered Light","damage_taken":20,"max_hp_gain":0,"max_hp_loss":0,"event_name":"Shining Light","floor":3,"gold_loss":0,"cards_upgraded":["Strike_G","Strike_G"]},{"damage_healed":0,"gold_gain":0,"player_choice":"Upgraded","damage_taken":0,"max_hp_gain":0,"max_hp_loss":0,"event_name":"Upgrade Shrine","floor":4,"gold_loss":0,"cards_upgraded":["Neutralize"]}],"is_beta":false,"boss_relics":[],"items_purged_floors":[],"is_endless":false,"potions_floor_spawned":[1,6],"killed_by":"3 Sentries","ascension_level":16}}