{"host":"yx5rao87132cy5xq","time":1614438260,"event":{"mods":["2.2 Compatiblity","AchievementEnabler","BaseMod","Bestiary","Colored Map","Colored Powertips","Highlight Path","Minty Spire (QoL Compilation)","Quick Restart","Relic Stats","Slay-I","SuperFastMode"],"gold_per_floor":[117,117,91,108,123,151,151,182,182,54,54,54,64,96,96,201,201,215,215,130,130,34,34,54,80,80,80,80],"floor_reached":27,"language":"ENG","playtime":3770,"items_purged":[],"score":346,"play_id":"e56f093c-1c3a-4ee2-b9e9-5b2375bbb36b","local_time":"20210227160420","is_ascension_mode":true,"campfire_choices":[{"floor":7.0,"key":"REST"},{"data":"Crippling Poison","floor":11.0,"key":"SMITH"},{"floor":15.0,"key":"REST"},{"floor":23,"key":"REST"}],"circlet_count":0,"master_deck":["Survivor","Neutralize+1","Glass Knife+1","Cloak And Dagger","Deadly Poison","Choke","All Out Attack","Well Laid Plans","Crippling Poison+1","Bane+1","Deflect","Venomology","Dodge and Roll","Die Die Die","Dodge and Roll","Night Terror","Riddle With Holes","Phantasmal Killer","Bouncing Flask","A Thousand Cuts","Dagger Throw+1","Footwork","Storm of Steel","Deadly Poison","Dagger Spray+1","Dodge and Roll"],"relics":["Ring of the Snake","The Specimen","Letter Opener","Bottled Lightning","WingedGreaves","Pandora\u0027s Box","Ancient Tea Set","Nilry\u0027s Codex","Whetstone","InkBottle"],"acts_visited":["Exordium","TheCity"],"potions_floor_usage":[16,16,16,18,24,25],"damage_taken":[{"damage":0.0,"enemies":"2 Louse","floor":1.0,"turns":2.0},{"damage":5.0,"enemies":"Small Slimes","floor":4.0,"turns":3.0},{"damage":1.0,"enemies":"Jaw Worm","floor":5.0,"turns":4.0},{"damage":35.0,"enemies":"Lagavulin","floor":6.0,"turns":7.0},{"damage":6.0,"enemies":"Gremlin Nob","floor":8.0,"turns":3.0},{"damage":4.0,"enemies":"Blue Slaver","floor":13.0,"turns":3.0},{"damage":14.0,"enemies":"3 Sentries","floor":14.0,"turns":7.0},{"damage":23,"enemies":"The Guardian","floor":16,"turns":10},{"damage":30,"enemies":"Shell Parasite","floor":18,"turns":5},{"damage":9,"enemies":"3 Byrds","floor":24,"turns":4},{"damage":13,"enemies":"Gremlin Leader","floor":25,"turns":5},{"damage":26,"enemies":"Slavers","floor":27,"turns":1}],"seed_played":"-8614047089771552967","potions_obtained":[{"floor":4.0,"key":"Block Potion"},{"floor":5.0,"key":"ColorlessPotion"},{"floor":6.0,"key":"EntropicBrew"},{"floor":13.0,"key":"LiquidMemories"},{"floor":14.0,"key":"ColorlessPotion"},{"floor":25,"key":"CultistPotion"}],"is_trial":false,"path_per_floor":["M","?","$","M","M","E","R","E","T","$","R","?","M","E","R","B",null,"M","?","?","?","$","R","M","E","T","E"],"character_chosen":"THE_SILENT","items_purchased":["Deadly Poison","Crippling Poison","PowerPotion","Regen Potion","Deadly Poison"],"campfire_rested":3,"item_purchase_floors":[3,10,10,22,22],"current_hp_per_floor":[63,49,49,44,43,8,29,23,23,23,23,23,19,5,26,3,53,23,23,23,7,7,28,31,18,18,0,0],"gold":80,"neow_bonus":"ONE_RANDOM_RARE_CARD","is_daily":false,"chose_seed":false,"campfire_upgraded":1,"win_rate":0.0,"timestamp":1614438260,"path_taken":["M","?","$","M","M","E","R","E","T","$","R","?","M","E","R","BOSS","M","?","?","?","?","R","M","E","T","E"],"items_purchased_type":["Card","Card","Potion","Potion","Card"],"build_version":"2020-12-22","purchased_purges":0,"victory":false,"max_hp_per_floor":[70,70,70,70,70,70,70,70,70,70,70,70,70,70,70,70,70,70,70,70,70,70,70,70,70,70,70,70],"relic_stats":{"counters":[12,54],"Pandora\u0027s Box":["Expertise","Bouncing Flask","Dodge and Roll","Die Die Die","Dodge and Roll","Night Terror","Riddle With Holes","Phantasmal Killer","Bouncing Flask","A Thousand Cuts"],"Letter Opener":[43],"Whetstone":["Bane","Glass Knife"],"obtain_stats":[{"The Specimen":6,"Nilry\u0027s Codex":21,"Pandora\u0027s Box":17,"WingedGreaves":14,"Letter Opener":8,"Bottled Lightning":9,"Whetstone":25,"Ancient Tea Set":20,"InkBottle":26,"Ring of the Snake":0},{"The Specimen":4,"Nilry\u0027s Codex":9,"Pandora\u0027s Box":8,"WingedGreaves":7,"Letter Opener":5,"Bottled Lightning":5,"Whetstone":11,"Ancient Tea Set":9,"InkBottle":11,"Ring of the Snake":0},{"The Specimen":16,"Nilry\u0027s Codex":44,"Pandora\u0027s Box":39,"WingedGreaves":29,"Letter Opener":19,"Bottled Lightning":19,"Whetstone":53,"Ancient Tea Set":44,"InkBottle":53,"Ring of the Snake":0}],"InkBottle":[0],"Ring of the Snake":[24]},"card_choices":[{"not_picked":["Concentrate","Skewer"],"picked":"Cloak And Dagger","floor":1.0},{"not_picked":["Expertise","PiercingWail"],"picked":"Choke","floor":4.0},{"not_picked":["Eviscerate","Setup","Masterful Stab"],"picked":"SKIP","floor":5.0},{"not_picked":["Prepared","Sucker Punch"],"picked":"All Out Attack","floor":6.0},{"not_picked":["Accuracy","Dagger Throw"],"picked":"Well Laid Plans","floor":8.0},{"not_picked":["Wraith Form v2","Prepared"],"picked":"Bane","floor":13.0},{"not_picked":["Underhanded Strike","Dagger Spray"],"picked":"Deflect","floor":14.0},{"not_picked":["Unload","Glass Knife"],"picked":"Venomology","floor":16},{"not_picked":["Prepared","Quick Slash"],"picked":"Dagger Throw+1","floor":18},{"not_picked":["Catalyst","Doppelganger"],"picked":"Dagger Spray+1","floor":24},{"not_picked":["Underhanded Strike","Backflip"],"picked":"Dodge and Roll","floor":25}],"player_experience":1232692,"relics_obtained":[{"floor":6.0,"key":"The Specimen"},{"floor":8.0,"key":"Letter Opener"},{"floor":9.0,"key":"Bottled Lightning"},{"floor":14.0,"key":"WingedGreaves"},{"floor":21,"key":"Nilry\u0027s Codex"},{"floor":25,"key":"Whetstone"},{"floor":26,"key":"InkBottle"}],"event_choices":[{"damage_healed":0.0,"max_hp_gain":0.0,"max_hp_loss":0.0,"gold_gain":0.0,"event_name":"Shining Light","player_choice":"Entered Light","floor":2.0,"gold_loss":0.0,"damage_taken":14.0,"cards_upgraded":["Neutralize","Strike_G"]},{"damage_healed":0.0,"max_hp_gain":0.0,"max_hp_loss":0.0,"gold_gain":0.0,"event_name":"Liars Game","player_choice":"Ignored","floor":12.0,"gold_loss":0.0,"damage_taken":0.0},{"damage_healed":0,"gold_gain":0,"cards_transformed":["Bouncing Flask","Expertise"],"player_choice":"Became Test Subject","damage_taken":0,"max_hp_gain":0,"max_hp_loss":0,"event_name":"Drug Dealer","floor":19,"gold_loss":0,"cards_obtained":["Footwork","Storm of Steel"]},{"damage_healed":0,"gold_gain":0,"player_choice":"Obtained Relic","damage_taken":0,"relics_obtained":["Ancient Tea Set"],"max_hp_gain":0,"max_hp_loss":0,"event_name":"Addict","floor":20,"gold_loss":85},{"damage_healed":0,"gold_gain":0,"player_choice":"Obtained Book","damage_taken":16,"max_hp_gain":0,"max_hp_loss":0,"event_name":"Cursed Tome","floor":21,"gold_loss":0}],"is_beta":false,"boss_relics":[{"not_picked":["Runic Dome","Velvet Choker"],"picked":"Pandora\u0027s Box"}],"items_purged_floors":[],"is_endless":false,"potions_floor_spawned":[4,5,6,13,14,25],"killed_by":"Slavers","ascension_level":8}}