{"host":"1wqkiqy0sjhdftq4","time":1614408470,"event":{"mods":["ATMod(∞¢Ë™Mod)","Act Like it!","BaseMod","Minty Spire (QoL Compilation)","Prisma Mod","Reimu£®≤©¿ˆ¡È√Œ£©","Relic Stats","Replay The Spire","Spicy Shops","StSLib"],"gold_per_floor":[114,124,124,141,41,74,74,93,93,93,108,135,154,183,183,257,257,269,269,281,299,327,356,356,387,412,412,424,455,455,455,455,533,533,543,300,339,364,381,415,433,459,514,514,514,514,549,564,564,564,564,564,564,86,117,117],"floor_reached":57,"language":"ZHS","playtime":3138,"items_purged":["Strike_G","Defend_G","Grand Finale"],"score":3611,"play_id":"1fb7b5c0-94f1-4044-99b3-dbc13f0c9675","local_time":"20210227144750","is_ascension_mode":true,"campfire_choices":[{"data":"Apotheosis","floor":7.0,"key":"SMITH"},{"data":"AT_LightSaberMaster","floor":10.0,"key":"SMITH"},{"data":"Terror","floor":15.0,"key":"SMITH"},{"data":"Sneak Up","floor":24.0,"key":"SMITH"},{"data":"Acrobatics","floor":27.0,"key":"SMITH"},{"floor":32.0,"key":"DIG"},{"floor":44,"key":"RECALL"},{"data":"Phantasmal Killer","floor":46,"key":"SMITH"},{"data":"Calculated Gamble","floor":49,"key":"SMITH"},{"data":"Acrobatics","floor":53,"key":"SMITH"}],"circlet_count":0,"master_deck":["AscendersBane","Strike_G","Strike_G","Strike_G","Defend_G","Defend_G","Defend_G","Survivor","Neutralize","Apotheosis+1","AT_KingSlayer","Dagger Throw","Bane","Acrobatics+1","AT_LightSaberMaster+1","Acrobatics+1","ReplayTheSpireMod:Speed Training","ReplayTheSpireMod:The Works","Terror+1","Sneak Up+1","Acrobatics","Calculated Gamble+1","Calculated Gamble+1","Phantasmal Killer+1","Venomology","ReplayTheSpireMod:Faulty Equipment","Doppelganger"],"relics":["Ring of the Snake","AT_ATBox","Bag of Preparation","Pantograph","Tough Bandages","Mastiff:ReiMu","Runic Pyramid","Red Mask","Snake Skull","Replay:Mystery Machine","Pen Nib","Chameleon Ring","Oddly Smooth Stone","Cursed Key","PrismaticShard","Molten Egg 2","AT_Manta","Meat on the Bone","Turnip","Mummified Hand","TwistedFunnel","Toolbox","Replay:Wax Seal"],"acts_visited":["Exordium","TheCity","TheBeyond","TheEnding"],"potions_floor_usage":[56,56,56],"damage_taken":[{"damage":0.0,"enemies":"Small Slimes","floor":1.0,"turns":4.0},{"damage":0.0,"enemies":"Cultist","floor":2.0,"turns":4.0},{"damage":2.0,"enemies":"2 Louse","floor":4.0,"turns":3.0},{"damage":0.0,"enemies":"Lagavulin","floor":6.0,"turns":6.0},{"damage":0.0,"enemies":"Blue Slaver","floor":8.0,"turns":3.0},{"damage":0.0,"enemies":"3 Louse","floor":11.0,"turns":4.0},{"damage":13.0,"enemies":"Gremlin Nob","floor":12.0,"turns":3.0},{"damage":0.0,"enemies":"2 Fungi Beasts","floor":13.0,"turns":2.0},{"damage":4.0,"enemies":"3 Sentries","floor":14.0,"turns":6.0},{"damage":29.0,"enemies":"Fading Forest","floor":16.0,"turns":13.0},{"damage":9.0,"enemies":"Chosen","floor":18.0,"turns":3.0},{"damage":5.0,"enemies":"Spheric Guardian","floor":20.0,"turns":6.0},{"damage":1.0,"enemies":"Centurion and Healer","floor":21.0,"turns":4.0},{"damage":0.0,"enemies":"Masked Bandits","floor":22.0,"turns":2.0},{"damage":3.0,"enemies":"Book of Stabbing","floor":23.0,"turns":3.0},{"damage":0.0,"enemies":"Gremlin Leader","floor":25.0,"turns":2.0},{"damage":0.0,"enemies":"Sentry and Sphere","floor":28.0,"turns":4.0},{"damage":0.0,"enemies":"Book of Stabbing","floor":29.0,"turns":3.0},{"damage":0.0,"enemies":"Automaton","floor":33.0,"turns":2.0},{"damage":0.0,"enemies":"Orb Walker","floor":35.0,"turns":3.0},{"damage":0,"enemies":"Mind Bloom Boss Battle","floor":38,"turns":1},{"damage":1,"enemies":"3 Shapes","floor":39,"turns":3},{"damage":0,"enemies":"Giant Head","floor":40,"turns":1},{"damage":0,"enemies":"Writhing Mass","floor":41,"turns":1},{"damage":0,"enemies":"R_Hoarder","floor":42,"turns":3},{"damage":0,"enemies":"Nemesis","floor":47,"turns":1},{"damage":0,"enemies":"3 Darklings","floor":48,"turns":3},{"damage":0,"enemies":"Donu and Deca","floor":50,"turns":2},{"damage":0,"enemies":"Time Eater","floor":51,"turns":1},{"damage":0,"enemies":"Shield and Spear","floor":55,"turns":2},{"damage":27,"enemies":"The Heart","floor":56,"turns":6}],"seed_played":"-478728746776068464","potions_obtained":[{"floor":1.0,"key":"SkillPotion"},{"floor":4.0,"key":"PowerPotion"},{"floor":13.0,"key":"Fire Potion"},{"floor":20.0,"key":"SkillPotion"},{"floor":22.0,"key":"Strength Potion"},{"floor":25.0,"key":"Explosive Potion"},{"floor":29.0,"key":"Weak Potion"},{"floor":38,"key":"Energy Potion"},{"floor":41,"key":"FearPotion"}],"is_trial":false,"path_per_floor":["M","M","?","M","$","E","R","M","T","R","M","E","M","E","R","B",null,"M","?","M","M","?","E","R","E","T","R","M","E","?","?","R","B",null,"M","$","?","?","M","E","M","E","T","R","?","R","E","M","R","B","B",null,"R","$","E","B",null],"character_chosen":"THE_SILENT","items_purchased":["AT_LightSaberMaster","PrismaticShard","TwistedFunnel","Toolbox"],"campfire_rested":0,"item_purchase_floors":[5,36,54,54],"current_hp_per_floor":[44,44,44,42,42,42,42,42,42,42,42,29,29,25,25,47,61,52,52,47,46,46,43,43,43,43,43,43,43,43,43,43,66,66,66,66,45,66,65,65,65,65,65,65,65,65,65,65,65,66,66,66,66,66,66,39],"gold":117,"neow_bonus":"RANDOM_COLORLESS_2","is_daily":false,"chose_seed":false,"campfire_upgraded":8,"win_rate":0.0,"timestamp":1614408470,"path_taken":["M","M","?","M","$","E","R","M","T","R","M","E","?","E","R","BOSS","M","?","M","M","?","E","R","E","T","R","M","E","?","?","R","BOSS","M","$","?","?","M","E","M","E","T","R","?","R","E","M","R","BOSS","BOSS","R","$","E","BOSS"],"items_purchased_type":["Card","Relic","Relic","Relic"],"build_version":"2020-12-22","purchased_purges":3,"victory":true,"max_hp_per_floor":[66,66,66,66,66,66,66,66,66,66,66,66,66,66,66,66,66,66,66,66,66,66,66,66,66,66,66,66,66,66,66,66,66,66,66,66,66,66,66,66,66,66,66,66,66,66,66,66,66,66,66,66,66,66,66,66],"relic_stats":{"Tough Bandages":[882],"counters":[31,104],"Mummified Hand":[4],"Pantograph":70,"Snake Skull":[26],"Pen Nib":[9],"Turnip":[2],"Bag of Preparation":[54],"Cursed Key":1,"obtain_stats":[{"TwistedFunnel":54,"AT_ATBox":0,"AT_Manta":38,"Oddly Smooth Stone":32,"Snake Skull":23,"Pen Nib":26,"Bag of Preparation":6,"Replay:Mystery Machine":25,"Cursed Key":34,"PrismaticShard":36,"Tough Bandages":12,"Chameleon Ring":29,"Mastiff:ReiMu":14,"Mummified Hand":47,"Pantograph":9,"Toolbox":54,"Molten Egg 2":37,"Turnip":42,"Red Mask":22,"Replay:Wax Seal":55,"Ring of the Snake":0,"Runic Pyramid":17,"Meat on the Bone":40},{"TwistedFunnel":29,"AT_ATBox":0,"AT_Manta":21,"Oddly Smooth Stone":18,"Snake Skull":15,"Pen Nib":16,"Bag of Preparation":4,"Replay:Mystery Machine":16,"Cursed Key":19,"PrismaticShard":20,"Tough Bandages":7,"Chameleon Ring":18,"Mastiff:ReiMu":9,"Mummified Hand":26,"Pantograph":5,"Toolbox":29,"Molten Egg 2":20,"Turnip":25,"Red Mask":14,"Replay:Wax Seal":30,"Ring of the Snake":0,"Runic Pyramid":10,"Meat on the Bone":23},{"TwistedFunnel":96,"AT_ATBox":0,"AT_Manta":81,"Oddly Smooth Stone":75,"Snake Skull":66,"Pen Nib":68,"Bag of Preparation":17,"Replay:Mystery Machine":68,"Cursed Key":77,"PrismaticShard":80,"Tough Bandages":27,"Chameleon Ring":75,"Mastiff:ReiMu":35,"Mummified Hand":90,"Pantograph":20,"Toolbox":96,"Molten Egg 2":80,"Turnip":89,"Red Mask":63,"Replay:Wax Seal":98,"Ring of the Snake":0,"Runic Pyramid":48,"Meat on the Bone":85}],"Ring of the Snake":[62],"Meat on the Bone":0},"card_choices":[{"not_picked":["The Bomb","Metamorphosis"],"picked":"Apotheosis","floor":0.0},{"not_picked":["Quick Slash","Cloak And Dagger"],"picked":"Dagger Throw","floor":1.0},{"not_picked":["Dodge and Roll","Deflect","ReplayTheSpireMod:The Works"],"picked":"SKIP","floor":2.0},{"not_picked":["Caltrops","Concentrate"],"picked":"Acrobatics","floor":4.0},{"not_picked":["Deflect","Skewer","Riddle With Holes"],"picked":"SKIP","floor":6.0},{"not_picked":["Masterful Stab","Blade Dance"],"picked":"Acrobatics","floor":8.0},{"not_picked":["Endless Agony","Dash"],"picked":"ReplayTheSpireMod:Speed Training","floor":11.0},{"not_picked":["AT_TinkerSharpsword","Deflect"],"picked":"ReplayTheSpireMod:The Works","floor":12.0},{"not_picked":["Replay:Poison Smokescreen","ReplayTheSpireMod:The Works"],"picked":"Terror","floor":13.0},{"not_picked":["Dagger Throw","AT_WindRun","Toxin Wave"],"picked":"SKIP","floor":14.0},{"not_picked":["Night Terror","Replay:Bag of Tricks"],"picked":"Grand Finale","floor":16.0},{"not_picked":["PiercingWail","Blade Dance","Underhanded Strike"],"picked":"SKIP","floor":18.0},{"not_picked":["Dagger Throw","Crippling Poison+1"],"picked":"Sneak Up","floor":20.0},{"not_picked":["Deflect+1","Endless Agony"],"picked":"Acrobatics","floor":21.0},{"not_picked":["Slice","AT_ArcaneSupremacy"],"picked":"Calculated Gamble+1","floor":22.0},{"not_picked":["Dash","Cloak And Dagger","Grand Finale"],"picked":"SKIP","floor":23.0},{"not_picked":["Dodge and Roll","Slice","Deadly Poison"],"picked":"SKIP","floor":25.0},{"not_picked":["ReplayTheSpireMod:Speed Training","Backflip"],"picked":"Calculated Gamble","floor":28.0},{"not_picked":["Flechettes","AT_WindFlip"],"picked":"Phantasmal Killer","floor":29.0},{"not_picked":["Replay:Bag of Tricks","AT_KingSlayer"],"picked":"Venomology","floor":33.0},{"not_picked":["Hidden Blade","Slice","Blade Dance"],"picked":"SKIP","floor":35.0},{"not_picked":["Sentinel","Disarm","Replay:BluntJabs+1"],"picked":"SKIP","floor":39},{"not_picked":["Venomology","Replay:Undeath\u0027s Touch+1","PrismaMod:MiyuEvokeBuffDex"],"picked":"SKIP","floor":40},{"not_picked":["PrismaMod:IllyaCommonEvoke+1","AT_GerminateFire","Good Instincts"],"picked":"SKIP","floor":41},{"not_picked":["ReplayTheSpireMod:Necrosis","Sword Boomerang+1","Evaluate"],"picked":"SKIP","floor":42},{"not_picked":["Cleave+1","SpringWay:ReiMu+1","PrismaMod:IllyaPartialInstallAssassin"],"picked":"SKIP","floor":47},{"not_picked":["PrismaMod:MiyuCheapChannelVul","Headbutt+1","PrismaMod:IllyaCommonEvoke+1"],"picked":"SKIP","floor":48},{"not_picked":["Intuition:ReiMu","SpreadBorder2:ReiMu","Heavy Blade+1"],"picked":"SKIP","floor":55}],"player_experience":582998,"relics_obtained":[{"floor":6.0,"key":"Bag of Preparation"},{"floor":9.0,"key":"Pantograph"},{"floor":12.0,"key":"Tough Bandages"},{"floor":14.0,"key":"Mastiff:ReiMu"},{"floor":22.0,"key":"Red Mask"},{"floor":23.0,"key":"Snake Skull"},{"floor":25.0,"key":"Replay:Mystery Machine"},{"floor":26.0,"key":"Pen Nib"},{"floor":29.0,"key":"Chameleon Ring"},{"floor":32.0,"key":"Oddly Smooth Stone"},{"floor":37,"key":"Molten Egg 2"},{"floor":38,"key":"AT_Manta"},{"floor":40,"key":"Meat on the Bone"},{"floor":42,"key":"Turnip"},{"floor":47,"key":"Mummified Hand"},{"floor":55,"key":"Replay:Wax Seal"}],"event_choices":[{"damage_healed":0.0,"max_hp_gain":0.0,"max_hp_loss":0.0,"gold_gain":0.0,"cards_transformed":["Strike_G"],"event_name":"Transmorgrifier","player_choice":"Transformed","floor":3.0,"gold_loss":0.0,"damage_taken":0.0,"cards_obtained":["Bane"]},{"damage_healed":0.0,"max_hp_gain":0.0,"max_hp_loss":0.0,"gold_gain":0.0,"event_name":"Vampires","player_choice":"Ignored","floor":19.0,"gold_loss":0.0,"damage_taken":0.0},{"damage_healed":0.0,"max_hp_gain":0.0,"max_hp_loss":0.0,"gold_gain":0.0,"event_name":"Masked Bandits","player_choice":"Fought Bandits","floor":22.0,"gold_loss":0.0,"damage_taken":0.0},{"damage_healed":0.0,"max_hp_gain":0.0,"max_hp_loss":0.0,"gold_gain":0.0,"event_name":"Ghosts","player_choice":"Ignored","floor":31.0,"gold_loss":0.0,"damage_taken":0.0},{"damage_healed":0,"gold_gain":0,"player_choice":"Fight","damage_taken":0,"max_hp_gain":0,"max_hp_loss":0,"event_name":"MindBloom","floor":38,"gold_loss":0},{"damage_healed":0,"gold_gain":0,"cards_transformed":["Defend_G"],"player_choice":"Transformed","damage_taken":0,"max_hp_gain":0,"max_hp_loss":0,"event_name":"Transmorgrifier","floor":45,"gold_loss":0,"cards_obtained":["Doppelganger"]}],"is_beta":false,"boss_relics":[{"not_picked":["Runic Dome","SacredBark"],"picked":"Runic Pyramid"},{"not_picked":["Calling Bell","Snecko Eye"],"picked":"Cursed Key"}],"items_purged_floors":[36,54,54],"is_endless":false,"potions_floor_spawned":[1,4,11,13,20,22,25,29,38,41,47,48,55],"ascension_level":20}}