{"host":"jngeqill3bw7azzz","time":1614436123,"event":{"mods":["BaseMod","Highlight Path","Minty Spire (QoL Compilation)","Permanent Neow","Relic Stats"],"gold_per_floor":[11,28,28,48,123,123,142,180,180,180,180],"floor_reached":10,"language":"ENG","playtime":453,"items_purged":[],"score":136,"play_id":"e3f19837-111d-407f-9b95-9d5b62645060","local_time":"20210227092843","is_ascension_mode":true,"campfire_choices":[{"data":"Armaments","floor":6,"key":"SMITH"}],"circlet_count":0,"master_deck":["AscendersBane","Strike_R","Strike_R","Strike_R","Strike_R","Defend_R","Defend_R","Defend_R","Bash","Shrug It Off","Hemokinesis","Armaments+1","Brutality","Feed"],"relics":["Burning Blood","Golden Idol","Art of War","Ancient Tea Set"],"acts_visited":["Exordium"],"potions_floor_usage":[8],"damage_taken":[{"damage":14,"enemies":"Jaw Worm","floor":1,"turns":3},{"damage":6,"enemies":"2 Louse","floor":2,"turns":4},{"damage":2,"enemies":"Cultist","floor":4,"turns":2},{"damage":5,"enemies":"2 Fungi Beasts","floor":7,"turns":3},{"damage":38,"enemies":"3 Sentries","floor":8,"turns":8},{"damage":15,"enemies":"Lagavulin","floor":10,"turns":5}],"seed_played":"-7004141444022202587","potions_obtained":[{"floor":7,"key":"DuplicationPotion"}],"is_trial":false,"path_per_floor":["M","M","?","M","?","R","M","E","T","E"],"character_chosen":"IRONCLAD","items_purchased":[],"campfire_rested":0,"item_purchase_floors":[],"current_hp_per_floor":[60,60,60,64,53,53,54,22,22,7,7],"gold":180,"neow_bonus":"REMOVE_TWO","is_daily":false,"chose_seed":false,"campfire_upgraded":1,"win_rate":0.0,"timestamp":1614436123,"path_taken":["M","M","?","M","?","R","M","E","T","E"],"items_purchased_type":[],"build_version":"2020-12-22","purchased_purges":0,"victory":false,"max_hp_per_floor":[75,75,68,68,68,68,68,68,68,68,68],"relic_stats":{"counters":[6,24],"Golden Idol":16,"Art of War":[1],"obtain_stats":[{"Golden Idol":3,"Art of War":8,"Ancient Tea Set":9,"Burning Blood":0},{"Golden Idol":2,"Art of War":5,"Ancient Tea Set":5,"Burning Blood":0},{"Golden Idol":7,"Art of War":20,"Ancient Tea Set":20,"Burning Blood":0}],"Burning Blood":30},"card_choices":[{"not_picked":["Headbutt","Flex"],"picked":"Shrug It Off","floor":1},{"not_picked":["Fire Breathing","Warcry"],"picked":"Hemokinesis","floor":2},{"not_picked":["Sentinel","Ghostly Armor"],"picked":"Armaments","floor":4},{"not_picked":["Headbutt","Feel No Pain"],"picked":"Brutality","floor":7},{"not_picked":["Warcry","Carnage"],"picked":"Feed","floor":8}],"player_experience":2699920,"relics_obtained":[{"floor":8,"key":"Art of War"},{"floor":9,"key":"Ancient Tea Set"}],"event_choices":[{"damage_healed":0,"gold_gain":0,"player_choice":"Lose Max HP","damage_taken":0,"relics_obtained":["Golden Idol"],"max_hp_gain":0,"max_hp_loss":7,"event_name":"Golden Idol","floor":3,"gold_loss":0},{"damage_healed":0,"gold_gain":75,"player_choice":"Gather Gold","damage_taken":11,"max_hp_gain":0,"max_hp_loss":0,"event_name":"World of Goop","floor":5,"gold_loss":0}],"is_beta":false,"boss_relics":[],"items_purged_floors":[],"is_endless":false,"potions_floor_spawned":[7],"killed_by":"Lagavulin","ascension_level":20}}