{"host":"znvnxllcillb3rtw","time":1614428830,"event":{"mods":["BaseMod","DeckTracker","Minty Spire (QoL Compilation)","Relic Stats","StSLib","SuperFastMode","everything is the same but u backflip on backflip"],"gold_per_floor":[117,134,134,144,154,185,185,219,271,271,289,439,439,21,21,100,100,117,127,142,142,142],"floor_reached":21,"language":"KOR","playtime":660,"items_purged":[],"score":382,"play_id":"9af4c9dd-4deb-4adc-a3ac-951e2c379d31","local_time":"20210227212710","is_ascension_mode":true,"campfire_choices":[{"floor":7,"key":"REST"},{"floor":10,"key":"REST"},{"data":"Defragment","floor":15,"key":"SMITH"}],"circlet_count":0,"master_deck":["AscendersBane","Strike_B","Strike_B","Strike_B","Defend_B","Defend_B","Defend_B","Zap","Dualcast","Defragment+1","Ball Lightning","Steam","Leap","Thunder Strike","Genetic Algorithm","Genetic Algorithm","Static Discharge","Seek","Double Energy","Conserve Battery+1"],"relics":["Empty Cage","Happy Flower","HornCleat","Bag of Marbles","DataDisk","Bag of Preparation","Runic Pyramid"],"acts_visited":["Exordium","TheCity"],"potions_floor_usage":[6,8,16,19],"damage_taken":[{"damage":10,"enemies":"Small Slimes","floor":1,"turns":4},{"damage":2,"enemies":"Cultist","floor":2,"turns":4},{"damage":13,"enemies":"2 Louse","floor":4,"turns":4},{"damage":1,"enemies":"2 Fungi Beasts","floor":5,"turns":3},{"damage":21,"enemies":"Lagavulin","floor":6,"turns":6},{"damage":17,"enemies":"3 Sentries","floor":8,"turns":7},{"damage":7,"enemies":"Blue Slaver","floor":11,"turns":4},{"damage":18,"enemies":"Hexaghost","floor":16,"turns":6},{"damage":10,"enemies":"Spheric Guardian","floor":18,"turns":4},{"damage":0,"enemies":"Chosen","floor":19,"turns":5},{"damage":35,"enemies":"Centurion and Healer","floor":20,"turns":9},{"damage":12,"enemies":"Cultist and Chosen","floor":21,"turns":4}],"seed_played":"-6732019242717489569","potions_obtained":[{"floor":1,"key":"FocusPotion"},{"floor":3,"key":"SmokeBomb"},{"floor":5,"key":"Fire Potion"},{"floor":11,"key":"DistilledChaos"},{"floor":18,"key":"Fire Potion"}],"is_trial":false,"path_per_floor":["M","M","?","M","M","E","R","E","T","R","M","?","?","$","R","B",null,"M","M","M","M"],"character_chosen":"DEFECT","items_purchased":["DataDisk","Bag of Preparation","Static Discharge"],"campfire_rested":2,"item_purchase_floors":[14,14,14],"current_hp_per_floor":[54,52,52,39,38,17,38,21,21,42,35,35,28,28,28,10,56,46,46,11,0,0],"gold":142,"neow_bonus":"BOSS_RELIC","is_daily":false,"chose_seed":false,"campfire_upgraded":1,"win_rate":0.0,"timestamp":1614428830,"path_taken":["M","M","?","M","M","E","R","E","T","R","?","?","?","$","R","BOSS","M","M","M","M"],"items_purchased_type":["Relic","Relic","Card"],"build_version":"2020-12-22","purchased_purges":0,"victory":false,"max_hp_per_floor":[71,71,71,71,71,71,71,71,71,71,71,71,71,71,71,71,71,71,71,71,71,71],"relic_stats":{"Happy Flower":[13],"counters":[12,60],"Bag of Preparation":[10],"obtain_stats":[{"DataDisk":14,"HornCleat":8,"Happy Flower":6,"Bag of Marbles":9,"Bag of Preparation":14,"Cracked Core":0,"Empty Cage":0,"Runic Pyramid":17},{"DataDisk":7,"HornCleat":6,"Happy Flower":5,"Bag of Marbles":6,"Bag of Preparation":7,"Cracked Core":0,"Empty Cage":0,"Runic Pyramid":8},{"DataDisk":32,"HornCleat":28,"Happy Flower":21,"Bag of Marbles":28,"Bag of Preparation":32,"Cracked Core":0,"Empty Cage":0,"Runic Pyramid":38}]},"card_choices":[{"not_picked":["Undo","Cold Snap"],"picked":"Defragment","floor":1},{"not_picked":["Sweeping Beam","Static Discharge"],"picked":"Ball Lightning","floor":2},{"not_picked":["Redo","Stack"],"picked":"Steam","floor":4},{"not_picked":["Double Energy","Stack"],"picked":"Leap","floor":5},{"not_picked":["Fusion","Turbo"],"picked":"Thunder Strike","floor":6},{"not_picked":["Fusion","Leap"],"picked":"Genetic Algorithm","floor":8},{"not_picked":["Gash","Go for the Eyes"],"picked":"Genetic Algorithm","floor":11},{"not_picked":["Amplify","Multi-Cast"],"picked":"Seek","floor":16},{"not_picked":["Reprogram","Cold Snap"],"picked":"Double Energy","floor":18},{"not_picked":["Gash","Scrape","Hello World+1"],"picked":"SKIP","floor":19},{"not_picked":["Stack","Barrage"],"picked":"Conserve Battery+1","floor":20}],"player_experience":2922367,"relics_obtained":[{"floor":6,"key":"Happy Flower"},{"floor":8,"key":"HornCleat"},{"floor":9,"key":"Bag of Marbles"}],"event_choices":[{"damage_healed":0,"gold_gain":0,"player_choice":"Got Potions","damage_taken":0,"max_hp_gain":0,"max_hp_loss":0,"event_name":"Lab","floor":3,"gold_loss":0},{"damage_healed":0,"gold_gain":150,"player_choice":"AGREE","damage_taken":0,"max_hp_gain":0,"max_hp_loss":0,"event_name":"Liars Game","floor":12,"gold_loss":0,"cards_obtained":["Doubt"]},{"cards_removed":["Doubt"],"damage_healed":0,"gold_gain":0,"player_choice":"Card Removal","damage_taken":7,"max_hp_gain":0,"max_hp_loss":0,"event_name":"Golden Wing","floor":13,"gold_loss":0}],"is_beta":false,"boss_relics":[{"not_picked":["Inserter","Nuclear Battery"],"picked":"Runic Pyramid"}],"items_purged_floors":[],"is_endless":false,"potions_floor_spawned":[1,5,11,18],"killed_by":"Cultist and Chosen","ascension_level":20}}