{"host":"0v07cr0k93jhgkpm","time":1614442221,"event":{"mods":["BaseMod","Colored Map","DeckTracker","Minty Spire (QoL Compilation)","Quick Restart","SuperFastMode"],"gold_per_floor":[118,193,203,203,223,223,253,253,334,349,349,349],"floor_reached":11,"language":"KOR","playtime":229,"items_purged":[],"score":146,"play_id":"6ef9eb2f-b0d9-44c2-85b8-9c5b27b08bf9","local_time":"20210228011021","is_ascension_mode":true,"campfire_choices":[{"data":"Deadly Poison","floor":6,"key":"SMITH"},{"floor":8,"key":"REST"}],"circlet_count":0,"master_deck":["AscendersBane","Strike_G","Strike_G","Strike_G","Strike_G","Strike_G","Defend_G","Defend_G","Defend_G","Defend_G","Defend_G","Survivor","Neutralize","Bane","Deadly Poison+1","Crippling Poison","Caltrops","Catalyst"],"relics":["Ring of the Snake","NeowsBlessing","Dream Catcher","Ornamental Fan"],"acts_visited":["Exordium"],"potions_floor_usage":[],"damage_taken":[{"damage":0,"enemies":"2 Louse","floor":1,"turns":1},{"damage":0,"enemies":"Small Slimes","floor":3,"turns":1},{"damage":0,"enemies":"Jaw Worm","floor":5,"turns":1},{"damage":43,"enemies":"3 Sentries","floor":7,"turns":14},{"damage":8,"enemies":"2 Fungi Beasts","floor":10,"turns":4},{"damage":28,"enemies":"Gremlin Nob","floor":11,"turns":3}],"seed_played":"4526897553343177783","potions_obtained":[],"is_trial":false,"path_per_floor":["M","?","M","?","M","R","E","R","T","M","E"],"character_chosen":"THE_SILENT","items_purchased":[],"campfire_rested":1,"item_purchase_floors":[],"current_hp_per_floor":[59,48,48,53,53,53,10,31,31,23,0,0],"gold":349,"neow_bonus":"THREE_ENEMY_KILL","is_daily":false,"chose_seed":false,"campfire_upgraded":1,"win_rate":0.0,"timestamp":1614442221,"path_taken":["M","?","M","?","M","R","E","R","T","M","E"],"items_purchased_type":[],"build_version":"2020-12-22","purchased_purges":0,"victory":false,"max_hp_per_floor":[66,66,66,71,71,71,71,71,71,71,71,71],"card_choices":[{"not_picked":["Deflect","Outmaneuver"],"picked":"Bane","floor":1},{"not_picked":["Poisoned Stab","Acrobatics"],"picked":"Deadly Poison","floor":3},{"not_picked":["Outmaneuver","Accuracy"],"picked":"Crippling Poison","floor":5},{"not_picked":["Dodge and Roll","Underhanded Strike"],"picked":"Caltrops","floor":7},{"not_picked":["Cloak And Dagger","Quick Slash"],"picked":"Catalyst","floor":8},{"not_picked":["Dodge and Roll","Eviscerate","Blade Dance"],"picked":"SKIP","floor":10}],"player_experience":2523310,"relics_obtained":[{"floor":7,"key":"Dream Catcher"},{"floor":9,"key":"Ornamental Fan"}],"event_choices":[{"damage_healed":0,"gold_gain":75,"player_choice":"Gather Gold","damage_taken":11,"max_hp_gain":0,"max_hp_loss":0,"event_name":"World of Goop","floor":2,"gold_loss":0},{"damage_healed":0,"gold_gain":0,"player_choice":"Donut","damage_taken":0,"max_hp_gain":5,"max_hp_loss":0,"event_name":"Big Fish","floor":4,"gold_loss":0}],"is_beta":false,"boss_relics":[],"items_purged_floors":[],"is_endless":false,"potions_floor_spawned":[],"killed_by":"Gremlin Nob","ascension_level":20}}