{"host":"nolo0osttpwefhwj","time":1614447635,"event":{"mods":["AchievementEnabler","BaseMod","Bestiary","Colored Powertips","Minty Spire (QoL Compilation)","Permanent Neow","Quick Restart","Relic Stats"],"gold_per_floor":[109,109,125,125,142,142,168,168,195,210,245,245,255,285,285,359,359,379,379,391,405,405,405,432,43,43,71,71,97,112,140,140,140,140],"floor_reached":33,"language":"ENG","playtime":1911,"items_purged":[],"score":669,"play_id":"d8b99d8b-8811-4cae-9537-17651b38d85a","local_time":"20210227184035","is_ascension_mode":true,"campfire_choices":[{"data":"Bash","floor":6.0,"key":"SMITH"},{"floor":8.0,"key":"REST"},{"data":"Uppercut","floor":15.0,"key":"SMITH"},{"data":"Corruption","floor":23.0,"key":"SMITH"},{"floor":28,"key":"REST"},{"data":"Disarm","floor":32,"key":"SMITH"}],"circlet_count":0,"master_deck":["AscendersBane","Strike_R","Strike_R","Strike_R","Strike_R+1","Strike_R","Defend_R","Defend_R","Defend_R","Defend_R","Bash+1","Iron Wave","Headbutt+1","Spot Weakness","Disarm+1","Shockwave","Uppercut+1","Headbutt","Corruption+1","Ghostly Armor+1","Shockwave","Disarm+1","Evolve","Fiend Fire"],"relics":["Burning Blood","Toy Ornithopter","Red Skull","Bronze Scales","Whetstone","SacredBark","Pocketwatch","Nunchaku","TheAbacus","Oddly Smooth Stone","Art of War","Singing Bowl"],"acts_visited":["Exordium","TheCity"],"potions_floor_usage":[27,27,31],"damage_taken":[{"damage":11.0,"enemies":"Cultist","floor":1.0,"turns":4.0},{"damage":4.0,"enemies":"Jaw Worm","floor":3.0,"turns":6.0},{"damage":5.0,"enemies":"Small Slimes","floor":5.0,"turns":5.0},{"damage":65.0,"enemies":"3 Sentries","floor":7.0,"turns":15.0},{"damage":5.0,"enemies":"Gremlin Gang","floor":10.0,"turns":5.0},{"damage":59.0,"enemies":"Gremlin Nob","floor":11.0,"turns":5.0},{"damage":4.0,"enemies":"Looter","floor":13.0,"turns":3.0},{"damage":20.0,"enemies":"3 Sentries","floor":14.0,"turns":6.0},{"damage":7.0,"enemies":"Hexaghost","floor":16.0,"turns":7.0},{"damage":21.0,"enemies":"2 Thieves","floor":18.0,"turns":4.0},{"damage":22.0,"enemies":"Spheric Guardian","floor":20.0,"turns":5.0},{"damage":12.0,"enemies":"Snake Plant","floor":21.0,"turns":3.0},{"damage":32.0,"enemies":"Gremlin Leader","floor":24.0,"turns":8.0},{"damage":51,"enemies":"Slavers","floor":27,"turns":6},{"damage":44,"enemies":"Gremlin Leader","floor":29,"turns":9},{"damage":8,"enemies":"Shelled Parasite and Fungi","floor":30,"turns":5},{"damage":3,"enemies":"Book of Stabbing","floor":31,"turns":5},{"damage":41,"enemies":"Automaton","floor":33,"turns":6}],"seed_played":"-895690399609433266","potions_obtained":[{"floor":7.0,"key":"Dexterity Potion"},{"floor":10.0,"key":"BloodPotion"},{"floor":11.0,"key":"DuplicationPotion"},{"floor":14.0,"key":"AttackPotion"},{"floor":16.0,"key":"BloodPotion"},{"floor":18.0,"key":"SmokeBomb"},{"floor":20.0,"key":"LiquidMemories"},{"floor":21.0,"key":"Ancient Potion"},{"floor":30,"key":"BlessingOfTheForge"}],"is_trial":false,"path_per_floor":["M","?","M","?","M","R","E","R","T","M","E","?","M","E","R","B",null,"M","?","M","M","?","R","E","$","T","E","R","E","M","E","R","B"],"character_chosen":"IRONCLAD","items_purchased":["Nunchaku","TheAbacus","BloodPotion"],"campfire_rested":2,"item_purchase_floors":[25,25,25],"current_hp_per_floor":[77,77,79,79,80,80,21,47,47,48,17,17,19,10,10,14,70,60,60,44,43,17,17,33,33,33,35,63,25,23,31,31,0,0],"gold":140,"neow_bonus":"TWENTY_PERCENT_HP_BONUS","is_daily":false,"chose_seed":false,"campfire_upgraded":4,"win_rate":0.0,"timestamp":1614447635,"path_taken":["M","?","M","?","M","R","E","R","T","M","E","?","?","E","R","BOSS","M","?","M","M","?","R","E","$","T","E","R","E","M","E","R","BOSS"],"items_purchased_type":["Relic","Relic","Potion"],"build_version":"2020-12-22","purchased_purges":0,"victory":false,"max_hp_per_floor":[89,89,89,89,89,89,89,89,89,89,89,89,89,89,89,89,89,89,89,89,89,94,94,94,94,94,94,94,94,94,94,94,94,94],"relic_stats":{"Nunchaku":[5],"TheAbacus":[48],"Singing Bowl":0,"counters":[18,107],"Bronze Scales":[225],"Art of War":[3],"Whetstone":["Headbutt","Strike_R"],"obtain_stats":[{"Nunchaku":25,"TheAbacus":25,"Singing Bowl":31,"Bronze Scales":11,"SacredBark":17,"Oddly Smooth Stone":27,"Art of War":29,"Whetstone":14,"Burning Blood":0,"Toy Ornithopter":7,"Red Skull":9,"Pocketwatch":24},{"Nunchaku":13,"TheAbacus":13,"Singing Bowl":17,"Bronze Scales":6,"SacredBark":9,"Oddly Smooth Stone":14,"Art of War":15,"Whetstone":8,"Burning Blood":0,"Toy Ornithopter":4,"Red Skull":4,"Pocketwatch":13},{"Nunchaku":76,"TheAbacus":76,"Singing Bowl":101,"Bronze Scales":40,"SacredBark":56,"Oddly Smooth Stone":82,"Art of War":91,"Whetstone":49,"Burning Blood":0,"Toy Ornithopter":30,"Red Skull":30,"Pocketwatch":76}],"Burning Blood":102,"Toy Ornithopter":45,"Pocketwatch":[57]},"card_choices":[{"not_picked":["Havoc","Dark Embrace"],"picked":"Iron Wave","floor":1.0},{"not_picked":["Blood for Blood","Flex","Infernal Blade"],"picked":"SKIP","floor":3.0},{"not_picked":["Power Through","Thunderclap"],"picked":"Headbutt","floor":5.0},{"not_picked":["Rupture","Cleave"],"picked":"Spot Weakness","floor":7.0},{"not_picked":["Sentinel","Pummel"],"picked":"Disarm","floor":10.0},{"not_picked":["Ghostly Armor","Pommel Strike"],"picked":"Shockwave","floor":11.0},{"not_picked":["Havoc","Wild Strike"],"picked":"Uppercut","floor":13.0},{"not_picked":["Sword Boomerang","Demon Form"],"picked":"Headbutt","floor":14.0},{"not_picked":["Bludgeon","Demon Form"],"picked":"Corruption","floor":16.0},{"not_picked":["Perfected Strike","Headbutt"],"picked":"Ghostly Armor+1","floor":18.0},{"not_picked":["Pommel Strike","Heavy Blade","Headbutt"],"picked":"SKIP","floor":20.0},{"not_picked":["Hemokinesis","Pummel"],"picked":"Shockwave","floor":21.0},{"not_picked":["Entrench","Perfected Strike","Heavy Blade"],"picked":"SKIP","floor":24.0},{"not_picked":["Twin Strike","Clash+1","Entrench"],"picked":"SKIP","floor":27},{"not_picked":["Burning Pact","Cleave"],"picked":"Disarm","floor":29},{"not_picked":["Armaments","Sword Boomerang"],"picked":"Evolve","floor":30},{"not_picked":["Warcry","Fire Breathing"],"picked":"Fiend Fire","floor":31}],"player_experience":327489,"relics_obtained":[{"floor":7.0,"key":"Toy Ornithopter"},{"floor":9.0,"key":"Red Skull"},{"floor":11.0,"key":"Bronze Scales"},{"floor":14.0,"key":"Whetstone"},{"floor":24.0,"key":"Pocketwatch"},{"floor":27,"key":"Oddly Smooth Stone"},{"floor":29,"key":"Art of War"},{"floor":31,"key":"Singing Bowl"}],"event_choices":[{"cards_removed":["Decay"],"damage_healed":0.0,"max_hp_gain":0.0,"max_hp_loss":0.0,"gold_gain":0.0,"event_name":"Living Wall","player_choice":"Forget","floor":2.0,"gold_loss":0.0,"damage_taken":0.0},{"damage_healed":0.0,"max_hp_gain":0.0,"max_hp_loss":0.0,"gold_gain":0.0,"event_name":"Liars Game","player_choice":"Ignored","floor":4.0,"gold_loss":0.0,"damage_taken":0.0},{"damage_healed":0.0,"max_hp_gain":0.0,"max_hp_loss":0.0,"gold_gain":0.0,"event_name":"Upgrade Shrine","player_choice":"Upgraded","floor":12.0,"gold_loss":0.0,"damage_taken":0.0,"cards_upgraded":["Disarm"]},{"damage_healed":0.0,"max_hp_gain":0.0,"max_hp_loss":0.0,"gold_gain":0.0,"event_name":"Ghosts","player_choice":"Ignored","floor":19.0,"gold_loss":0.0,"damage_taken":0.0},{"damage_healed":0.0,"max_hp_gain":5.0,"max_hp_loss":0.0,"gold_gain":0.0,"event_name":"Forgotten Altar","player_choice":"Shed Blood","floor":22.0,"gold_loss":0.0,"damage_taken":31.0}],"is_beta":false,"boss_relics":[{"not_picked":["Runic Pyramid","Velvet Choker"],"picked":"SacredBark"}],"items_purged_floors":[],"is_endless":false,"potions_floor_spawned":[7,10,11,14,16,18,20,21,30],"killed_by":"Automaton","ascension_level":19}}