{"host":"uj9w4ppfbvfw2v3t","time":1614441717,"event":{"mods":["AchievementEnabler","BaseMod","Colored Map","Colored Powertips","Keyboard Shortcuts","Minty Spire (QoL Compilation)","Quick Restart","Say the Spire","StSLib","SuperFastMode","The Cursed","Yuri Mod"],"gold_per_floor":[117,133,152,164,174,206,206,206,206,221,236,203,22,40,40,40,40],"floor_reached":16,"language":"KOR","playtime":563,"items_purged":[],"score":106,"play_id":"be703a59-85c6-45c9-89d9-78dfb78bf4be","local_time":"20210228010157","is_ascension_mode":false,"campfire_choices":[{"data":"TheCursedMod:CursedStaff","floor":7,"key":"SMITH"},{"data":"TheCursedMod:BloodBarrier","floor":15,"key":"SMITH"}],"circlet_count":0,"master_deck":["TheCursedMod:Strike_TheCursed","TheCursedMod:Strike_TheCursed","TheCursedMod:Strike_TheCursed+1","TheCursedMod:Defend_TheCursed","TheCursedMod:Defend_TheCursed","TheCursedMod:Defend_TheCursed","TheCursedMod:CursedWand","TheCursedMod:CleanUpWorkshop","TheCursedMod:Dregs","TheCursedMod:TacticalStrike","TheCursedMod:CursedBlade","TheCursedMod:ManaBullet+1","TheCursedMod:AshesToAshes","TheCursedMod:CursedStaff+1","TheCursedMod:StunningStrike","TheCursedMod:SpitefulPlan","TheCursedMod:BloodBarrier+1"],"relics":["TheCursedMod:BlackMagic101","Tiny Chest","Matryoshka","Juzu Bracelet","Singing Bowl","Whetstone"],"acts_visited":["Exordium"],"potions_floor_usage":[6],"damage_taken":[{"damage":0,"enemies":"2 Louse","floor":1,"turns":3},{"damage":1,"enemies":"Jaw Worm","floor":2,"turns":3},{"damage":0,"enemies":"Small Slimes","floor":3,"turns":2},{"damage":12,"enemies":"Looter","floor":4,"turns":3},{"damage":9,"enemies":"Gremlin Gang","floor":5,"turns":3},{"damage":8,"enemies":"3 Sentries","floor":6,"turns":5},{"damage":3,"enemies":"Exordium Wildlife","floor":10,"turns":3},{"damage":5,"enemies":"Looter","floor":11,"turns":2},{"damage":5,"enemies":"Large Slime","floor":14,"turns":6},{"damage":10,"enemies":"Slime Boss","floor":16,"turns":6}],"seed_played":"-5445759625885371176","potions_obtained":[{"floor":2,"key":"SteroidPotion"},{"floor":5,"key":"BlessingOfTheForge"}],"is_trial":false,"path_per_floor":["M","M","M","M","M","E","R","?","T","M","M","?","$","M","R","B"],"character_chosen":"THE_CURSED","items_purchased":["TheCursedMod:SpitefulPlan","Whetstone"],"campfire_rested":0,"item_purchase_floors":[13,13],"current_hp_per_floor":[54,53,53,41,32,24,24,21,21,20,15,15,15,10,10,0,0],"gold":40,"neow_bonus":"REMOVE_TWO","is_daily":false,"chose_seed":false,"campfire_upgraded":2,"win_rate":0.0,"timestamp":1614441717,"path_taken":["M","M","M","M","M","E","R","?","T","M","M","?","$","M","R","BOSS"],"items_purchased_type":["Card","Relic"],"build_version":"2020-12-22","purchased_purges":0,"victory":false,"max_hp_per_floor":[75,75,75,75,75,75,75,75,75,77,77,77,77,77,77,77,77],"card_choices":[{"not_picked":["TheCursedMod:DoubleShield","TheCursedMod:Obscuration"],"picked":"TheCursedMod:TacticalStrike","floor":1},{"not_picked":["TheCursedMod:FleshFromBone","TheCursedMod:RavingStaff"],"picked":"TheCursedMod:CursedBlade","floor":2},{"not_picked":["TheCursedMod:RavingStaff","TheCursedMod:CursedMace"],"picked":"TheCursedMod:ManaBullet","floor":3},{"not_picked":["TheCursedMod:AntiAging","TheCursedMod:ManaBullet"],"picked":"TheCursedMod:AshesToAshes","floor":4},{"not_picked":["TheCursedMod:RavingStaff","TheCursedMod:TacticalStrike","TheCursedMod:CursedBlade"],"picked":"SKIP","floor":5},{"not_picked":["TheCursedMod:LuckyCharm","TheCursedMod:CursedBlade"],"picked":"TheCursedMod:CursedStaff","floor":6},{"not_picked":["TheCursedMod:CursedBlade","TheCursedMod:Grudge","TheCursedMod:FuryStrike"],"picked":"Singing Bowl","floor":10},{"not_picked":["TheCursedMod:RapidMovement","TheCursedMod:Wield"],"picked":"TheCursedMod:StunningStrike","floor":11},{"not_picked":["TheCursedMod:Stretching","TheCursedMod:ReleasedKnowledge"],"picked":"TheCursedMod:BloodBarrier","floor":14}],"player_experience":272580,"relics_obtained":[{"floor":6,"key":"Tiny Chest"},{"floor":9,"key":"Juzu Bracelet"},{"floor":9,"key":"Singing Bowl"}],"event_choices":[{"damage_healed":0,"gold_gain":0,"player_choice":"Success","damage_taken":3,"relics_obtained":["Matryoshka"],"max_hp_gain":0,"max_hp_loss":0,"event_name":"Scrap Ooze","floor":8,"gold_loss":0},{"damage_healed":0,"gold_gain":0,"player_choice":"Left Gold","damage_taken":0,"max_hp_gain":0,"max_hp_loss":0,"event_name":"World of Goop","floor":12,"gold_loss":33}],"is_beta":false,"boss_relics":[],"items_purged_floors":[],"is_endless":false,"potions_floor_spawned":[2,5],"killed_by":"Slime Boss","ascension_level":0}}