{"host":"or8fr2mp0k3eluj8","time":1614417141,"event":{"mods":["AchievementEnabler","BaseMod","Colored Map","DeckTracker","Keyboard Shortcuts","Minty Spire (QoL Compilation)","StSLib","SuperFastMode","everything is the same but u backflip on backflip"],"gold_per_floor":[110,185,135,145,162,162,197,197,197,208,235,235,109,109,109,210,210,225,324,74,88,88,118,118,149,149,24,24,24,24,43,43,43,43],"floor_reached":33,"language":"KOR","playtime":877,"items_purged":["Strike_B","Strike_B","Strike_B"],"score":318,"play_id":"881762b8-4a4f-4c62-bc25-ea2bcca21244","local_time":"20210227181221","is_ascension_mode":true,"campfire_choices":[{"data":"Zap","floor":6,"key":"SMITH"},{"data":"Dualcast","floor":8,"key":"SMITH"},{"floor":12,"key":"REST"},{"floor":15,"key":"REST"},{"data":"Gash","floor":24,"key":"SMITH"},{"floor":30,"key":"REST"},{"data":"Streamline","floor":32,"key":"SMITH"}],"circlet_count":0,"master_deck":["Defend_B","Defend_B","Defend_B","Zap+1","Dualcast+1","All For One","Scrape","Leap","Hologram","Steam","Streamline+1","Go for the Eyes+1","Turbo","Hologram+1","Gash+1","Seek"],"relics":["Cracked Core","TungstenRod","Blue Candle","Juzu Bracelet","Philosopher\u0027s Stone","Omamori","MealTicket","Unceasing Top","InkBottle"],"acts_visited":["Exordium","TheCity"],"potions_floor_usage":[11,23,25],"damage_taken":[{"damage":5,"enemies":"Small Slimes","floor":1,"turns":4},{"damage":0,"enemies":"2 Louse","floor":4,"turns":2},{"damage":7,"enemies":"Jaw Worm","floor":5,"turns":3},{"damage":31,"enemies":"Lagavulin","floor":7,"turns":8},{"damage":0,"enemies":"Blue Slaver","floor":10,"turns":3},{"damage":12,"enemies":"Gremlin Nob","floor":11,"turns":3},{"damage":8,"enemies":"The Guardian","floor":16,"turns":9},{"damage":21,"enemies":"Shell Parasite","floor":18,"turns":6},{"damage":5,"enemies":"Chosen","floor":21,"turns":4},{"damage":14,"enemies":"Slavers","floor":23,"turns":4},{"damage":28,"enemies":"Gremlin Leader","floor":25,"turns":7},{"damage":0,"enemies":"Snecko","floor":31,"turns":3},{"damage":58,"enemies":"Collector","floor":33,"turns":6}],"seed_played":"707181268313872954","potions_obtained":[{"floor":1,"key":"LiquidMemories"},{"floor":5,"key":"SpeedPotion"},{"floor":11,"key":"Weak Potion"},{"floor":18,"key":"ColorlessPotion"},{"floor":25,"key":"BlessingOfTheForge"},{"floor":31,"key":"EssenceOfSteel"}],"is_trial":false,"path_per_floor":["M","?","?","M","M","R","E","R","T","M","E","R","$","?","R","B",null,"M","?","$","M","?","E","R","E","T","$","?","$","R","M","R","B"],"character_chosen":"DEFECT","items_purchased":["Turbo","Omamori"],"campfire_rested":3,"item_purchase_floors":[13,20],"current_hp_per_floor":[70,59,59,59,52,52,21,21,21,21,9,31,31,31,53,45,75,54,54,54,49,49,35,35,7,7,22,9,24,48,48,48,0,0],"gold":43,"neow_bonus":"ONE_RANDOM_RARE_CARD","is_daily":false,"chose_seed":false,"campfire_upgraded":4,"win_rate":0.0,"timestamp":1614417141,"path_taken":["M","?","?","M","M","R","E","R","T","M","E","R","$","?","R","BOSS","M","?","$","M","?","E","R","E","T","$","?","?","R","M","R","BOSS"],"items_purchased_type":["Card","Relic"],"build_version":"2020-12-22","purchased_purges":3,"victory":false,"max_hp_per_floor":[75,75,75,75,75,75,75,75,75,75,75,75,75,75,75,75,75,75,75,75,75,75,75,75,75,75,75,80,80,80,80,80,80,80],"card_choices":[{"not_picked":["Rebound","Force Field"],"picked":"Scrape","floor":1},{"not_picked":["Coolheaded","Undo"],"picked":"Leap","floor":4},{"not_picked":["Recycle","Leap"],"picked":"Hologram","floor":5},{"not_picked":["Seek","Chaos"],"picked":"Steam","floor":7},{"not_picked":["Rebound","Ball Lightning"],"picked":"Streamline","floor":10},{"not_picked":["Conserve Battery","Ball Lightning"],"picked":"Go for the Eyes","floor":11},{"not_picked":["Loop","Static Discharge+1"],"picked":"Hologram+1","floor":18},{"not_picked":["Consume+1","Steam+1"],"picked":"Gash","floor":21},{"not_picked":["Creative AI","Static Discharge","Conserve Battery"],"picked":"SKIP","floor":23},{"not_picked":["Turbo","Cold Snap"],"picked":"Seek","floor":25},{"not_picked":["Coolheaded","Heatsinks","Hello World+1"],"picked":"SKIP","floor":31}],"player_experience":477735,"relics_obtained":[{"floor":7,"key":"TungstenRod"},{"floor":9,"key":"Blue Candle"},{"floor":11,"key":"Juzu Bracelet"},{"floor":23,"key":"MealTicket"},{"floor":25,"key":"Unceasing Top"},{"floor":26,"key":"InkBottle"}],"event_choices":[{"damage_healed":0,"gold_gain":75,"player_choice":"Gather Gold","damage_taken":11,"max_hp_gain":0,"max_hp_loss":0,"event_name":"World of Goop","floor":2,"gold_loss":0},{"cards_removed":["Strike_B"],"damage_healed":0,"gold_gain":0,"player_choice":"Card Removal","damage_taken":0,"max_hp_gain":0,"max_hp_loss":0,"event_name":"The Cleric","floor":3,"gold_loss":50},{"damage_healed":0,"gold_gain":0,"player_choice":"Grow","damage_taken":0,"max_hp_gain":0,"max_hp_loss":0,"event_name":"Living Wall","floor":14,"gold_loss":0,"cards_upgraded":["Go for the Eyes"]},{"damage_healed":0,"gold_gain":99,"player_choice":"Stole From Cult","damage_taken":0,"max_hp_gain":0,"max_hp_loss":0,"event_name":"Nest","floor":19,"gold_loss":0},{"cards_removed":["Defend_B"],"damage_healed":0,"gold_gain":0,"player_choice":"Elegance","damage_taken":0,"max_hp_gain":0,"max_hp_loss":0,"event_name":"Back to Basics","floor":22,"gold_loss":0},{"damage_healed":0,"gold_gain":0,"player_choice":"Shed Blood","damage_taken":19,"max_hp_gain":5,"max_hp_loss":0,"event_name":"Forgotten Altar","floor":28,"gold_loss":0}],"is_beta":false,"boss_relics":[{"not_picked":["SacredBark","Tiny House"],"picked":"Philosopher\u0027s Stone"}],"items_purged_floors":[13,20,27],"is_endless":false,"potions_floor_spawned":[1,5,11,18,25,31],"killed_by":"Collector","ascension_level":2}}