{"host":"7sni158j623xchr2","time":1614449679,"event":{"mods":["BaseMod","Colored Map","Highlight Path","Minty Spire (QoL Compilation)","Permanent Neow","Potion Indicator Mod","Rare Cards Sparkle","Relic Sorter","Relic Stats","StSLib","everything is the same but u backflip on backflip"],"gold_per_floor":[113,27,27,41,41,70,70,104,104,138,156,10,29,42,42,142,142,155,9,27,43,53,53,78,91,91,91,121,137,137,153,153,256,256,274,287,300,262,282,308,31,60,83,83,96,113,1,13,13,13,13,13,13,48,48,48],"floor_reached":55,"language":"ENG","playtime":2310,"items_purged":["Strike_G","Strike_G"],"score":985,"play_id":"2aea7867-bbe7-4fb2-a862-41afb9f44c9f","local_time":"20210227121439","is_ascension_mode":true,"campfire_choices":[{"data":"Neutralize","floor":7,"key":"SMITH"},{"data":"Cloak And Dagger","floor":15,"key":"SMITH"},{"floor":23,"key":"REST"},{"data":"Envenom","floor":27,"key":"SMITH"},{"data":"Cloak And Dagger","floor":30,"key":"SMITH"},{"data":"Burst","floor":32,"key":"SMITH"},{"data":"Catalyst","floor":44,"key":"SMITH"},{"floor":49,"key":"RECALL"},{"data":"Blade Dance","floor":52,"key":"SMITH"}],"circlet_count":0,"master_deck":["Strike_G","Strike_G","Strike_G","Defend_G","Defend_G","Defend_G","Defend_G","Survivor","Neutralize+1","Quick Slash","Backstab+1","Dagger Spray","Envenom+1","Cloak And Dagger+1","Deflect","Adrenaline","Acrobatics","Backflip+1","Cloak And Dagger+1","PiercingWail","Burst+1","Blade Dance+1","Adrenaline","Cloak And Dagger","Glass Knife","Catalyst+1","Finisher","Backstab"],"relics":["Ring of the Snake","Singing Bowl","Kunai","Paper Crane","Omamori","TwistedFunnel","Philosopher\u0027s Stone","Membership Card","Eternal Feather","Boot","Coffee Dripper","White Beast Statue","Orichalcum","Toolbox","Juzu Bracelet","Oddly Smooth Stone","OrangePellets","Gremlin Horn"],"acts_visited":["Exordium","TheCity","TheBeyond","TheEnding"],"potions_floor_usage":[6,6,10,21,24,24,24,28,28,42,45,46,50,50,55],"damage_taken":[{"damage":1,"enemies":"Jaw Worm","floor":1,"turns":6},{"damage":0,"enemies":"Cultist","floor":4,"turns":2},{"damage":15,"enemies":"3 Sentries","floor":6,"turns":7},{"damage":21,"enemies":"Gremlin Nob","floor":8,"turns":4},{"damage":18,"enemies":"Lagavulin","floor":10,"turns":6},{"damage":0,"enemies":"2 Louse","floor":11,"turns":2},{"damage":0,"enemies":"Looter","floor":13,"turns":2},{"damage":0,"enemies":"Gremlin Gang","floor":14,"turns":2},{"damage":5,"enemies":"Hexaghost","floor":16,"turns":11},{"damage":6,"enemies":"3 Byrds","floor":18,"turns":3},{"damage":5,"enemies":"Chosen","floor":20,"turns":3},{"damage":12,"enemies":"Sentry and Sphere","floor":21,"turns":8},{"damage":1,"enemies":"Centurion and Healer","floor":22,"turns":6},{"damage":1,"enemies":"Slavers","floor":24,"turns":6},{"damage":4,"enemies":"Chosen and Byrds","floor":25,"turns":5},{"damage":27,"enemies":"Gremlin Leader","floor":28,"turns":9},{"damage":11,"enemies":"Sentry and Sphere","floor":29,"turns":8},{"damage":0,"enemies":"Snake Plant","floor":31,"turns":3},{"damage":20,"enemies":"Champ","floor":33,"turns":11},{"damage":0,"enemies":"Orb Walker","floor":35,"turns":2},{"damage":8,"enemies":"3 Darklings","floor":36,"turns":7},{"damage":0,"enemies":"Sphere and 2 Shapes","floor":37,"turns":5},{"damage":11,"enemies":"Writhing Mass","floor":39,"turns":7},{"damage":6,"enemies":"Reptomancer","floor":40,"turns":6},{"damage":26,"enemies":"Nemesis","floor":42,"turns":5},{"damage":0,"enemies":"4 Shapes","floor":45,"turns":3},{"damage":4,"enemies":"3 Darklings","floor":46,"turns":3},{"damage":0,"enemies":"Sphere and 2 Shapes","floor":48,"turns":4},{"damage":41,"enemies":"Time Eater","floor":50,"turns":6},{"damage":30,"enemies":"Shield and Spear","floor":54,"turns":5},{"damage":102,"enemies":"The Heart","floor":55,"turns":6}],"seed_played":"6452381929378969403","potions_obtained":[{"floor":0,"key":"LiquidMemories"},{"floor":0,"key":"ColorlessPotion"},{"floor":0,"key":"ColorlessPotion"},{"floor":10,"key":"FairyPotion"},{"floor":11,"key":"EntropicBrew"},{"floor":13,"key":"PowerPotion"},{"floor":24,"key":"DistilledChaos"},{"floor":25,"key":"SpeedPotion"},{"floor":36,"key":"LiquidBronze"},{"floor":39,"key":"SkillPotion"},{"floor":42,"key":"DuplicationPotion"},{"floor":45,"key":"Explosive Potion"},{"floor":46,"key":"PowerPotion"},{"floor":54,"key":"Block Potion"}],"is_trial":false,"path_per_floor":["M","$","?","M","?","E","R","E","T","E","M","$","M","M","R","B",null,"M","$","M","M","M","R","E","M","T","R","E","M","R","M","R","B",null,"M","M","M","$","M","E","$","E","T","R","M","M","$","M","R","B",null,"R","$","E","B"],"character_chosen":"THE_SILENT","items_purchased":["Backstab","Dagger Spray","TwistedFunnel","Membership Card","Catalyst","CunningPotion","Orichalcum","Toolbox","LiquidMemories","OrangePellets"],"campfire_rested":1,"item_purchase_floors":[2,2,12,19,41,41,41,41,47,47],"current_hp_per_floor":[69,69,69,69,69,56,56,35,35,19,19,19,19,21,21,16,61,55,55,50,38,39,62,63,59,59,71,44,35,47,47,59,39,71,73,67,67,67,58,52,52,26,26,41,43,41,41,43,58,17,75,90,90,60,0,0],"gold":48,"neow_bonus":"THREE_SMALL_POTIONS","is_daily":false,"chose_seed":false,"campfire_upgraded":7,"win_rate":0.0,"timestamp":1614449679,"path_taken":["M","$","?","M","?","E","R","E","T","E","M","$","?","M","R","BOSS","M","?","M","M","M","R","E","M","T","R","E","M","R","?","R","BOSS","M","M","M","$","?","E","$","E","T","R","M","M","$","M","R","BOSS","R","$","E","BOSS"],"items_purchased_type":["Card","Card","Relic","Relic","Card","Potion","Relic","Relic","Potion","Relic"],"build_version":"2020-12-22","purchased_purges":2,"victory":false,"max_hp_per_floor":[70,70,70,70,70,72,72,72,72,74,74,74,74,76,76,76,76,76,76,76,76,78,78,80,80,80,80,80,82,82,82,82,82,82,84,86,86,86,88,88,88,88,88,88,90,92,92,94,94,94,94,94,94,94,94,94],"relic_stats":{"OrangePellets":[3],"Singing Bowl":24,"Gremlin Horn":[0,0],"counters":[31,163],"Eternal Feather":81,"Juzu Bracelet":0,"Kunai":[141],"Orichalcum":[30],"Boot":[335],"obtain_stats":[{"TwistedFunnel":12,"Singing Bowl":6,"Gremlin Horn":54,"Oddly Smooth Stone":43,"Eternal Feather":24,"Omamori":10,"Juzu Bracelet":42,"Paper Crane":9,"Orichalcum":41,"Boot":28,"White Beast Statue":40,"OrangePellets":47,"Toolbox":41,"Philosopher\u0027s Stone":17,"Coffee Dripper":34,"Kunai":8,"Membership Card":19,"Ring of the Snake":0},{"TwistedFunnel":6,"Singing Bowl":3,"Gremlin Horn":30,"Oddly Smooth Stone":25,"Eternal Feather":14,"Omamori":5,"Juzu Bracelet":25,"Paper Crane":4,"Orichalcum":24,"Boot":16,"White Beast Statue":24,"OrangePellets":27,"Toolbox":24,"Philosopher\u0027s Stone":9,"Coffee Dripper":19,"Kunai":4,"Membership Card":10,"Ring of the Snake":0},{"TwistedFunnel":27,"Singing Bowl":15,"Gremlin Horn":157,"Oddly Smooth Stone":136,"Eternal Feather":68,"Omamori":25,"Juzu Bracelet":136,"Paper Crane":19,"Orichalcum":131,"Boot":82,"White Beast Statue":131,"OrangePellets":142,"Toolbox":131,"Philosopher\u0027s Stone":42,"Coffee Dripper":104,"Kunai":19,"Membership Card":45,"Ring of the Snake":0}],"Ring of the Snake":[62]},"card_choices":[{"not_picked":["Concentrate","Deadly Poison"],"picked":"Quick Slash","floor":1},{"not_picked":["Flying Knee","Cloak And Dagger","Caltrops"],"picked":"SKIP","floor":4},{"not_picked":["Outmaneuver","Backflip","Finisher"],"picked":"Singing Bowl","floor":6},{"not_picked":["Poisoned Stab","Expertise"],"picked":"Envenom","floor":8},{"not_picked":["Finisher","Quick Slash","Prepared"],"picked":"Singing Bowl","floor":10},{"not_picked":["Flying Knee","Sucker Punch"],"picked":"Cloak And Dagger","floor":11},{"not_picked":["Quick Slash","Poisoned Stab"],"picked":"Deflect","floor":13},{"not_picked":["Flying Knee","Acrobatics","Prepared"],"picked":"Singing Bowl","floor":14},{"not_picked":["Venomology","A Thousand Cuts"],"picked":"Adrenaline","floor":16},{"not_picked":["Bane","Quick Slash"],"picked":"Acrobatics","floor":18},{"not_picked":["Flying Knee","Endless Agony"],"picked":"Backflip+1","floor":20},{"not_picked":["Flechettes+1","Setup"],"picked":"Cloak And Dagger","floor":21},{"not_picked":["Reflex","Bane","Doppelganger"],"picked":"Singing Bowl","floor":22},{"not_picked":["Infinite Blades","Quick Slash","Slice"],"picked":"Singing Bowl","floor":24},{"not_picked":["Tactician+1","Skewer+1"],"picked":"PiercingWail","floor":25},{"not_picked":["Setup","Poisoned Stab"],"picked":"Burst","floor":28},{"not_picked":["Acrobatics","Expertise","Deflect"],"picked":"Singing Bowl","floor":29},{"not_picked":["Reflex","Infinite Blades"],"picked":"Blade Dance","floor":31},{"not_picked":["Night Terror","Unload"],"picked":"Adrenaline","floor":33},{"not_picked":["Deflect+1","Flying Knee+1","Deadly Poison"],"picked":"Singing Bowl","floor":35},{"not_picked":["All Out Attack+1","Prepared+1","Backflip+1"],"picked":"Singing Bowl","floor":36},{"not_picked":["All Out Attack+1","Endless Agony"],"picked":"Cloak And Dagger","floor":37},{"not_picked":["Flechettes","Blade Dance","Prepared"],"picked":"Singing Bowl","floor":39},{"not_picked":["Acrobatics+1","Deadly Poison+1"],"picked":"Glass Knife","floor":40},{"not_picked":["Dagger Spray","Setup"],"picked":"Finisher","floor":42},{"not_picked":["Outmaneuver+1","Quick Slash","Prepared+1"],"picked":"Singing Bowl","floor":45},{"not_picked":["Acrobatics","Endless Agony+1","Underhanded Strike"],"picked":"Singing Bowl","floor":46},{"not_picked":["Tactician","Sucker Punch","Calculated Gamble"],"picked":"Singing Bowl","floor":48},{"not_picked":["Wraith Form v2","Quick Slash"],"picked":"Backstab","floor":54}],"player_experience":1868758,"relics_obtained":[{"floor":6,"key":"Singing Bowl"},{"floor":8,"key":"Kunai"},{"floor":9,"key":"Paper Crane"},{"floor":10,"key":"Omamori"},{"floor":24,"key":"Eternal Feather"},{"floor":28,"key":"Boot"},{"floor":40,"key":"White Beast Statue"},{"floor":42,"key":"Juzu Bracelet"},{"floor":43,"key":"Oddly Smooth Stone"},{"floor":54,"key":"Gremlin Horn"}],"event_choices":[{"damage_healed":0,"gold_gain":0,"player_choice":"Grow","damage_taken":0,"max_hp_gain":0,"max_hp_loss":0,"event_name":"Living Wall","floor":3,"gold_loss":0,"cards_upgraded":["Backstab"]},{"cards_removed":["Defend_G"],"damage_healed":0,"gold_gain":0,"player_choice":"Offered Basic","damage_taken":0,"max_hp_gain":0,"max_hp_loss":0,"event_name":"Bonfire Elementals","floor":5,"gold_loss":0}],"is_beta":false,"boss_relics":[{"not_picked":["Empty Cage","Fusion Hammer"],"picked":"Philosopher\u0027s Stone"},{"not_picked":["Calling Bell","Velvet Choker"],"picked":"Coffee Dripper"}],"items_purged_floors":[38,41],"is_endless":false,"potions_floor_spawned":[1,10,11,13,20,24,25,36,39,42,45,46,48,54],"killed_by":"The Heart","ascension_level":5}}