{"host":"yecadp3kwkksam5a","time":1614421847,"event":{"mods":["BaseMod","Minty Spire (QoL Compilation)","Replay The Spire","StSLib","SuperFastMode","The Jungle"],"gold_per_floor":[47,89,131,178,190,278,354,418,418,508,508,433,433,21,21,156,156,234,304,116,187,187,187,246,246,321,410,410,427,471,501,501],"floor_reached":31,"language":"KOR","playtime":3205,"items_purged":["Strike_P","Defend_P"],"score":602,"play_id":"8b5f0481-56ed-489d-b68c-3e25ce632cfc","local_time":"20210227193047","is_ascension_mode":true,"campfire_choices":[{"data":"Apotheosis","floor":11,"key":"SMITH"},{"floor":13,"key":"RECALL"},{"floor":15,"key":"REST"},{"floor":23,"key":"REST"},{"floor":25,"key":"REST"}],"circlet_count":0,"master_deck":["AscendersBane","Defend_P","Vigilance","Replay:AllIn","Wish","Apotheosis+1","BattleHymn","Study","Prostrate","Establishment","Study+1","Devotion","DeceiveReality","Omniscience+1","Worship+1","Omniscience","MentalFortress","Perseverance","TalkToTheHand","LessonLearned","Replay:Battleflow","Brilliance","Worship","BattleHymn","Devotion","Pray","Tantrum","Brilliance","Wish"],"relics":["PureWater","Bottled Lightning","Prayer Wheel","Prayer Wheel","Prayer Wheel","Prayer Wheel","Replay:PocketPolymizer","Bag of Preparation","Quantum Egg","Omamori","Calipers","Fusion Hammer","Potion Belt","HornCleat","Kunai","Replay:Wax Seal","Regal Pillow"],"acts_visited":["Exordium","TheCity"],"potions_floor_usage":[24,30],"damage_taken":[{"damage":0.0,"enemies":"Jaw Worm","floor":1.0,"turns":5.0},{"damage":2.0,"enemies":"Small Slimes","floor":2.0,"turns":5.0},{"damage":6.0,"enemies":"Cultist","floor":3.0,"turns":4.0},{"damage":8,"enemies":"Large Slime","floor":4,"turns":6},{"damage":5,"enemies":"Blue Slaver","floor":5,"turns":4},{"damage":0,"enemies":"Lagavulin","floor":6,"turns":4},{"damage":0,"enemies":"3 Louse","floor":7,"turns":1},{"damage":6,"enemies":"3 Sentries","floor":8,"turns":8},{"damage":0,"enemies":"Lagavulin","floor":10,"turns":6},{"damage":24,"enemies":"Hexaghost","floor":16,"turns":5},{"damage":6,"enemies":"Shell Parasite","floor":18,"turns":5},{"damage":16,"enemies":"3 Byrds","floor":19,"turns":4},{"damage":1,"enemies":"Shelled Parasite and Fungi","floor":21,"turns":2},{"damage":38,"enemies":"Slavers","floor":24,"turns":4},{"damage":12,"enemies":"Gremlin Leader","floor":27,"turns":4},{"damage":19,"enemies":"Centurion and Healer","floor":29,"turns":3},{"damage":20,"enemies":"Snake Plant","floor":30,"turns":4},{"damage":4,"enemies":"Chosen and Byrds","floor":31,"turns":2}],"seed_played":"972416977549514963","potions_obtained":[{"floor":3.0,"key":"Reflective Coating"},{"floor":7,"key":"Adrenaline Potion"},{"floor":29,"key":"PowerPotion"},{"floor":30,"key":"DuplicationPotion"}],"is_trial":false,"path_per_floor":["M","M","M","M","M","E","M","E","T","E","R","$","R","$","R","B",null,"M","M","$","M","?","R","E","R","T","E","?","M","M","M"],"character_chosen":"WATCHER","items_purchased":["Calipers","BattleHymn","Potion Belt"],"campfire_rested":3,"item_purchase_floors":[14,20,20],"current_hp_per_floor":[65,63,57,49,44,44,44,38,38,38,38,38,38,38,59,35,63,57,41,41,40,40,61,23,44,44,32,32,13,32,28,28],"gold":501,"neow_bonus":"TRANSFORM_TWO_CARDS","is_daily":false,"chose_seed":false,"campfire_upgraded":1,"win_rate":0.0,"timestamp":1614421847,"path_taken":["M","M","M","M","M","E","M","E","T","E","R","$","R","$","R","BOSS","M","M","$","M","?","R","E","R","T","E","?","M","M","M"],"items_purchased_type":["Relic","Card","Relic"],"build_version":"2020-12-22","purchased_purges":2,"victory":false,"max_hp_per_floor":[72,72,72,72,72,72,72,72,72,72,72,72,72,72,72,72,72,72,72,72,72,72,72,72,72,72,72,72,72,72,72,72],"card_choices":[{"not_picked":["ThirdEye","Replay:Anticipation"],"picked":"BattleHymn","floor":1.0},{"not_picked":["Vengeance","Evaluate"],"picked":"Study","floor":1.0},{"not_picked":["FlyingSleeves","JustLucky"],"picked":"Prostrate","floor":1.0},{"not_picked":["CutThroughFate","Conclude","ClearTheMind"],"picked":"SKIP","floor":1.0},{"not_picked":["Wallop","CarveReality","Crescendo"],"picked":"SKIP","floor":1.0},{"not_picked":["Nirvana","Pray"],"picked":"Establishment","floor":2.0},{"not_picked":["Replay:AtTheReady","CarveReality"],"picked":"Study","floor":2.0},{"not_picked":["Conclude","Replay:BluntJabs","CarveReality"],"picked":"SKIP","floor":2.0},{"not_picked":["EmptyFist","EmptyBody","CrushJoints"],"picked":"SKIP","floor":2.0},{"not_picked":["EmptyFist","CutThroughFate","Halt"],"picked":"SKIP","floor":2.0},{"not_picked":["Perseverance","Indignation"],"picked":"Devotion","floor":3.0},{"not_picked":["CarveReality","CutThroughFate"],"picked":"DeceiveReality","floor":3.0},{"not_picked":["Replay:Hum","WreathOfFlame","ThirdEye"],"picked":"SKIP","floor":3.0},{"not_picked":["ForeignInfluence","CrushJoints","Halt"],"picked":"SKIP","floor":3.0},{"not_picked":["Conclude","FollowUp","Replay:Hum"],"picked":"SKIP","floor":3.0},{"not_picked":["EmptyFist","LikeWater"],"picked":"Omniscience","floor":4},{"not_picked":["BowlingBash","Crescendo"],"picked":"Worship","floor":4},{"not_picked":["Study","Halt","SashWhip"],"picked":"SKIP","floor":4},{"not_picked":["JustLucky","CrushJoints","InnerPeace"],"picked":"SKIP","floor":4},{"not_picked":["SashWhip","JustLucky","EmptyFist"],"picked":"SKIP","floor":4},{"not_picked":["Replay:Vibes","Tantrum"],"picked":"Omniscience","floor":5},{"not_picked":["CutThroughFate","EmptyBody","Replay:ManipulateFuture"],"picked":"SKIP","floor":5},{"not_picked":["BowlingBash","Fasting2","Indignation"],"picked":"SKIP","floor":5},{"not_picked":["Replay:ManipulateFuture","Study","Crescendo"],"picked":"SKIP","floor":5},{"not_picked":["SandsOfTime","SignatureMove","Wallop"],"picked":"SKIP","floor":5},{"not_picked":["PathToVictory","Replay:AtTheReady","ForeignInfluence"],"picked":"SKIP","floor":6},{"not_picked":["CutThroughFate","Protect"],"picked":"MentalFortress","floor":7},{"not_picked":["SandsOfTime","Judgement"],"picked":"Perseverance","floor":7},{"not_picked":["ConjureBlade","FlurryOfBlows"],"picked":"TalkToTheHand","floor":7},{"not_picked":["FlyingSleeves","Replay:Battleflow","BowlingBash"],"picked":"SKIP","floor":7},{"not_picked":["Halt","FearNoEvil","Crescendo"],"picked":"SKIP","floor":7},{"not_picked":["Crescendo","WheelKick","PathToVictory"],"picked":"SKIP","floor":8},{"not_picked":["Halt","FearNoEvil","Adaptation"],"picked":"SKIP","floor":10},{"not_picked":["Replay:LoomingThreat","ConjureBlade"],"picked":"Brilliance","floor":16},{"not_picked":["EmptyFist","Replay:AtTheReady"],"picked":"Worship","floor":18},{"not_picked":["EmptyFist","Replay:AtTheReady","FlyingSleeves"],"picked":"SKIP","floor":18},{"not_picked":["PathToVictory","Protect","Halt"],"picked":"SKIP","floor":18},{"not_picked":["Replay:Battleflow","Replay:Cycle","Replay:Vibes"],"picked":"SKIP","floor":18},{"not_picked":["PathToVictory","Replay:Cycle","Wireheading"],"picked":"SKIP","floor":18},{"not_picked":["Consecrate","DeceiveReality","Weave"],"picked":"SKIP","floor":19},{"not_picked":["Vengeance","EmptyFist","JustLucky"],"picked":"SKIP","floor":19},{"not_picked":["PathToVictory","WaveOfTheHand+1","Consecrate"],"picked":"SKIP","floor":19},{"not_picked":["ClearTheMind+1","Vengeance","Tantrum+1"],"picked":"SKIP","floor":19},{"not_picked":["BowlingBash+1","DeceiveReality","Replay:ManipulateFuture"],"picked":"SKIP","floor":19},{"not_picked":["MentalFortress","EmptyBody"],"picked":"Devotion","floor":21},{"not_picked":["Collect+1","BowlingBash","Ragnarok"],"picked":"SKIP","floor":21},{"not_picked":["InnerPeace","JustLucky","Sanctity+1"],"picked":"SKIP","floor":21},{"not_picked":["PathToVictory","Prostrate","Collect+1"],"picked":"SKIP","floor":21},{"not_picked":["Vengeance","ThirdEye","Replay:ManipulateFuture"],"picked":"SKIP","floor":21},{"not_picked":["Protect","FollowUp","Replay:Battleflow"],"picked":"SKIP","floor":24},{"not_picked":["CutThroughFate","ConjureBlade","Replay:AtTheReady+1"],"picked":"SKIP","floor":27},{"not_picked":["Evaluate+1","Replay:ManipulateFuture"],"picked":"Brilliance","floor":29},{"not_picked":["Crescendo","Halt","Evaluate"],"picked":"SKIP","floor":29},{"not_picked":["CutThroughFate","FlyingSleeves","Replay:AtTheReady"],"picked":"SKIP","floor":29},{"not_picked":["CutThroughFate","FlyingSleeves+1","Prostrate"],"picked":"SKIP","floor":29},{"not_picked":["Replay:DivineShield+1","Replay:Cycle","Protect"],"picked":"SKIP","floor":29},{"not_picked":["SashWhip+1","BowlingBash"],"picked":"Wish","floor":30},{"not_picked":["Meditate+1","ForeignInfluence","WreathOfFlame+1"],"picked":"SKIP","floor":30},{"not_picked":["EmptyBody","FlyingSleeves","SandsOfTime"],"picked":"SKIP","floor":30},{"not_picked":["Replay:Vibes","WindmillStrike","Replay:AtTheReady+1"],"picked":"SKIP","floor":30},{"not_picked":["WreathOfFlame+1","Protect+1","Replay:Hum"],"picked":"SKIP","floor":30}],"player_experience":617641,"relics_obtained":[{"floor":6,"key":"Replay:PocketPolymizer"},{"floor":8,"key":"Bag of Preparation"},{"floor":9,"key":"Quantum Egg"},{"floor":10,"key":"Omamori"},{"floor":24,"key":"HornCleat"},{"floor":26,"key":"Kunai"},{"floor":27,"key":"Replay:Wax Seal"}],"event_choices":[{"damage_healed":0,"gold_gain":0,"player_choice":"Ignored","damage_taken":0,"max_hp_gain":0,"max_hp_loss":0,"event_name":"Ghosts","floor":22,"gold_loss":0},{"damage_healed":0,"gold_gain":0,"player_choice":"Opened","damage_taken":0,"relics_obtained":["Regal Pillow"],"max_hp_gain":0,"max_hp_loss":0,"event_name":"The Mausoleum","floor":28,"gold_loss":0,"cards_obtained":["Writhe"]}],"is_beta":false,"boss_relics":[{"not_picked":["Empty Cage","SlaversCollar"],"picked":"Fusion Hammer"}],"items_purged_floors":[12,14],"is_endless":false,"potions_floor_spawned":[3,7,8,10,18,29,30],"killed_by":"Chosen and Byrds","ascension_level":11}}