{"host":"jsd6g3c2vo13e69c","time":1614445859,"event":{"mods":["2.2 Compatiblity","Act Like it!","BaseMod","Better Altar","Better Match","Better Note","Better Sensory Stone","Better Third Choice","BetterRewards","Colored Map","Colored Powertips","Downfall","Friendly Minions","GifTheSpireLib","Googly Eyes","Gremlin Mod","Hermit","Hubris","Infinite Spire","Melee Mod","Minty Spire (QoL Compilation)","Permanent Neow","Quick Restart","Random Character Button","Replay The Spire","Shop Mod","Spire Arcade","StSLib","The Cursed","The Disciple","The Forsaken","thorton"],"gold_per_floor":[38,38,78,143,156,191,236,265,288,288,288,288,325,360,360,462,462,497,514,514,149,149,149,168,168,195,195,195,205,60,101,101,199,199,216,216,216],"floor_reached":36,"language":"ENG","playtime":1849,"items_purged":["hermit:Strike_Hermit"],"score":376,"play_id":"15da1a8b-c010-4a9c-a6fa-ef3025f51489","local_time":"20210227121059","is_ascension_mode":false,"campfire_choices":[{"data":"hermit:CursedWeapon","floor":10,"key":"SMITH"},{"data":"hermit:EyeOfTheStorm","floor":12,"key":"SMITH"},{"data":"hermit:Covet","floor":15,"key":"SMITH"},{"data":"hermit:LoneWolf","floor":23,"key":"SMITH"},{"data":"hermit:WideOpen","floor":25,"key":"SMITH"},{"data":"hermit:RoundhouseKick","floor":28,"key":"SMITH"},{"data":"hermit:Dissolve","floor":32,"key":"SMITH"}],"circlet_count":0,"master_deck":["hermit:Strike_Hermit","hermit:Strike_Hermit","hermit:Strike_Hermit","hermit:Defend_Hermit","hermit:Defend_Hermit","hermit:Defend_Hermit","hermit:Snapshot","hermit:Covet+1","HandOfGreed+1","hermit:Enervate","hermit:Ricochet","hermit:WideOpen+1","hermit:Headshot","hermit:EyeOfTheStorm+1","hermit:CursedWeapon+1","hermit:Ricochet","hermit:Enervate","hermit:RoundhouseKick+1","hermit:Horror","hermit:LoneWolf+1","hermit:HighCaliber+1","hermit:Desperado+1","hermit:Dissolve+1","hermit:BlackWind","hermit:TrackingShot+1"],"relics":["hermit:Momento","infinitespire:Eraser","Blood Vial","infinitespire:Lucky Rock","hubris:Towel","theForsaken:Lifeblossom","Lee\u0027s Waffle","Bronze Scales","Pen Nib","SlaversCollar"],"acts_visited":["Exordium","TheCity","TheBeyond"],"potions_floor_usage":[16,16,24,36],"damage_taken":[{"damage":1,"enemies":"2 Louse","floor":1,"turns":3},{"damage":1,"enemies":"Cultist","floor":3,"turns":4},{"damage":2,"enemies":"Small Slimes","floor":4,"turns":3},{"damage":9,"enemies":"Blue Slaver","floor":5,"turns":3},{"damage":6,"enemies":"Gremlin Nob","floor":6,"turns":3},{"damage":0,"enemies":"Exordium Thugs","floor":7,"turns":2},{"damage":30,"enemies":"3 Sentries","floor":8,"turns":8},{"damage":0,"enemies":"Looter","floor":13,"turns":1},{"damage":0,"enemies":"3 Louse","floor":14,"turns":3},{"damage":38,"enemies":"Fading Forest","floor":16,"turns":11},{"damage":10,"enemies":"3 Byrds","floor":18,"turns":4},{"damage":7,"enemies":"Spheric Guardian","floor":19,"turns":3},{"damage":9,"enemies":"Snake Plant","floor":24,"turns":2},{"damage":15,"enemies":"Centurion and Healer","floor":29,"turns":3},{"damage":2,"enemies":"3 Cultists","floor":31,"turns":2},{"damage":47,"enemies":"hubris:MusketHawk","floor":33,"turns":5},{"damage":18,"enemies":"3 Darklings","floor":35,"turns":4},{"damage":48,"enemies":"infinitespire:Three Voidlings","floor":36,"turns":3},{"damage":47,"enemies":"Nightmare_Alpha","floor":36,"turns":2}],"seed_played":"-8797756681806750263","potions_obtained":[{"floor":3,"key":"Dexterity Potion"},{"floor":5,"key":"Swift Potion"},{"floor":8,"key":"champ:CounterPotion"},{"floor":13,"key":"hermit:Tonic"},{"floor":18,"key":"Ancient Potion"},{"floor":35,"key":"LiquidBronze"}],"is_trial":false,"path_per_floor":["M","?","M","M","M","E","M","E","T","R","?","R","M","M","R","B",null,"M","M","?","$","?","R","M","R","T","AVR","R","M","$","M","R","B",null,"M","?"],"character_chosen":"HERMIT","items_purchased":["theForsaken:Lifeblossom","Lee\u0027s Waffle","Pen Nib"],"campfire_rested":0,"item_purchase_floors":[21,21,30],"current_hp_per_floor":[74,74,73,71,62,56,56,26,26,26,26,26,28,30,30,4,75,65,60,60,82,82,82,75,75,75,75,75,67,67,70,70,31,82,66,0,0],"gold":216,"neow_bonus":"RANDOM_COLORLESS_2","is_daily":false,"chose_seed":false,"campfire_upgraded":7,"win_rate":0.0,"timestamp":1614445859,"path_taken":["M","?","M","M","M","E","?","E","T","R","?","R","M","M","R","BOSS","M","M","?","?","?","R","M","R","T","AVR","R","M","$","?","R","BOSS","M","?"],"items_purchased_type":["Relic","Relic","Relic"],"build_version":"2020-12-22","purchased_purges":1,"victory":false,"max_hp_per_floor":[75,75,75,75,75,75,75,75,75,75,75,75,75,75,75,75,75,75,75,75,82,82,82,82,82,82,82,82,82,82,82,82,82,82,82,82,82],"card_choices":[{"not_picked":["Apotheosis","Mayhem"],"picked":"HandOfGreed","floor":0},{"not_picked":["hermit:HoleUp","hermit:LoneWolf","hermit:LowProfile"],"picked":"SKIP","floor":1},{"not_picked":["hermit:HoleUp","hermit:BodyArmor"],"picked":"hermit:Enervate","floor":3},{"not_picked":["hermit:Determination","hermit:LuckOfTheDraw"],"picked":"hermit:Ricochet","floor":4},{"not_picked":["hermit:BodyArmor","hermit:Horror"],"picked":"hermit:WideOpen","floor":5},{"not_picked":["hermit:HoleUp","hermit:GhostlyPresence"],"picked":"hermit:Headshot","floor":6},{"not_picked":["hermit:Shortfuse","hermit:Glare"],"picked":"hermit:EyeOfTheStorm","floor":7},{"not_picked":["hermit:Ricochet","hermit:ShadowCloak"],"picked":"hermit:CursedWeapon","floor":8},{"not_picked":["hermit:CursedWeapon","hermit:BigShot"],"picked":"hermit:Ricochet","floor":13},{"not_picked":["hermit:Scavenge","hermit:DeadMansHand"],"picked":"hermit:Enervate","floor":14},{"not_picked":["hermit:Dissolve","hermit:HighNoon"],"picked":"hermit:RoundhouseKick","floor":16},{"not_picked":["hermit:Roulette","hermit:Manifest"],"picked":"hermit:Horror","floor":18},{"not_picked":["hermit:Roulette","hermit:LowProfile"],"picked":"hermit:LoneWolf","floor":19},{"not_picked":["hermit:Dive","hermit:Desperado"],"picked":"hermit:HighCaliber+1","floor":24},{"not_picked":["hermit:PistolWhip+1","hermit:LuckOfTheDraw+1"],"picked":"hermit:Desperado+1","floor":29},{"not_picked":["hermit:Feint","hermit:BodyArmor"],"picked":"hermit:Dissolve","floor":31},{"not_picked":["hermit:OverwhelmingPower","hermit:HeroicBravado"],"picked":"hermit:BlackWind","floor":33},{"not_picked":["hermit:HoleUp+1","hermit:PistolWhip+1"],"picked":"hermit:TrackingShot+1","floor":35}],"player_experience":543574,"relics_obtained":[{"floor":6,"key":"infinitespire:Eraser"},{"floor":8,"key":"Blood Vial"},{"floor":9,"key":"infinitespire:Lucky Rock"},{"floor":26,"key":"Bronze Scales"}],"event_choices":[{"damage_healed":0,"gold_gain":0,"player_choice":"Forge","damage_taken":0,"max_hp_gain":0,"max_hp_loss":0,"event_name":"Accursed Blacksmith","floor":2,"gold_loss":0,"cards_upgraded":["HandOfGreed"]},{"cards_removed":["hermit:Defend_Hermit"],"damage_healed":0,"gold_gain":0,"player_choice":"Offered Basic","damage_taken":0,"max_hp_gain":0,"max_hp_loss":0,"event_name":"Bonfire Elementals","floor":20,"gold_loss":0},{"cards_removed":["HandOfGreed"],"damage_healed":0,"gold_gain":0,"player_choice":"Give","damage_taken":0,"max_hp_gain":0,"max_hp_loss":0,"event_name":"betterNote:BetterNote","floor":22,"gold_loss":0,"cards_obtained":["None"]}],"is_beta":false,"boss_relics":[{"not_picked":["ChewingGum","bronze:MakeshiftBattery","Coffee Dripper"]},{"not_picked":["theForsaken:PaleLantern","ReplayTheSpireMod:DimensionalGlitch"],"picked":"SlaversCollar"}],"items_purged_floors":[21],"is_endless":false,"potions_floor_spawned":[3,5,8,13,18,35],"killed_by":"Nightmare_Alpha","ascension_level":0}}