{"host":"kth2ngi076kd734g","time":1614424888,"event":{"mods":["BaseMod","Colored Map","Filter the Spire","Minty Spire (QoL Compilation)","Relic Stats","StSLib"],"gold_per_floor":[119,135,152,13,24,24,24,50,50,50,64,98,98,114,114,218,218,236,248,0,0,11,11,41,41,41,72,90,125,145,27,27,129,129,148,161,161,216,236,236,263,277,304,322,348,3,3,3,3,3,3,3,3,31,31,31],"floor_reached":55,"language":"ENG","playtime":4641,"items_purged":[],"score":990,"play_id":"0eef0c75-5271-4589-bb87-746334c28776","local_time":"20210227122128","is_ascension_mode":true,"campfire_choices":[{"data":"Envenom","floor":7.0,"key":"SMITH"},{"data":"Corpse Explosion","floor":10.0,"key":"SMITH"},{"data":"Catalyst","floor":13.0,"key":"SMITH"},{"data":"Malaise","floor":15.0,"key":"SMITH"},{"data":"Bullet Time","floor":23.0,"key":"SMITH"},{"data":"Deadly Poison","floor":25.0,"key":"SMITH"},{"floor":32.0,"key":"REST"},{"floor":40.0,"key":"RECALL"},{"data":"Catalyst","floor":47.0,"key":"SMITH"},{"data":"Catalyst","floor":49.0,"key":"SMITH"},{"floor":52.0,"key":"REST"}],"circlet_count":0,"master_deck":["Survivor","Neutralize","Corpse Explosion+1","Malaise","Adrenaline","Tools of the Trade","Backflip","Burst","Envenom+1","Reflex","Catalyst+1","Dagger Spray","Dagger Throw","PiercingWail","Noxious Fumes","Backstab","Poisoned Stab","Malaise+1","Deadly Poison+1","Bullet Time+1","CurseOfTheBell","Blade Dance","Slice","Noxious Fumes+1","Infinite Blades+1","Escape Plan","PiercingWail+1","Sucker Punch+1","Cloak And Dagger","Slice+1","Catalyst+1","Envenom+1","Deadly Poison+1","Crippling Poison+1","Terror+1","Catalyst+1","Deadly Poison+1","Concentrate+1"],"relics":["Pandora\u0027s Box","The Courier","Paper Crane","Kunai","Calling Bell","Smiling Mask","Frozen Egg 2","Tough Bandages","Omamori","Pen Nib","Anchor","Bird Faced Urn","PreservedInsect","Cursed Key","Shuriken","Potion Belt","Akabeko","TwistedFunnel","Gremlin Horn","Calipers"],"acts_visited":["Exordium","TheCity","TheBeyond","TheEnding"],"potions_floor_usage":[],"damage_taken":[{"damage":0.0,"enemies":"2 Louse","floor":1.0,"turns":2.0},{"damage":0.0,"enemies":"Cultist","floor":2.0,"turns":3.0},{"damage":12.0,"enemies":"Small Slimes","floor":3.0,"turns":3.0},{"damage":0.0,"enemies":"Exordium Wildlife","floor":5.0,"turns":3.0},{"damage":7.0,"enemies":"3 Sentries","floor":8.0,"turns":3.0},{"damage":0.0,"enemies":"Lots of Slimes","floor":11.0,"turns":2.0},{"damage":15.0,"enemies":"Lagavulin","floor":12.0,"turns":5.0},{"damage":3.0,"enemies":"Looter","floor":14.0,"turns":2.0},{"damage":3.0,"enemies":"Slime Boss","floor":16.0,"turns":5.0},{"damage":0.0,"enemies":"Chosen","floor":18.0,"turns":4.0},{"damage":9.0,"enemies":"Shell Parasite","floor":19.0,"turns":4.0},{"damage":15.0,"enemies":"Centurion and Healer","floor":22.0,"turns":4.0},{"damage":14.0,"enemies":"Gremlin Leader","floor":24.0,"turns":5.0},{"damage":14.0,"enemies":"Book of Stabbing","floor":27.0,"turns":5.0},{"damage":0.0,"enemies":"Snecko","floor":28.0,"turns":4.0},{"damage":24.0,"enemies":"Slavers","floor":29.0,"turns":3.0},{"damage":2.0,"enemies":"Cultist and Chosen","floor":30.0,"turns":4.0},{"damage":28.0,"enemies":"Champ","floor":33.0,"turns":7.0},{"damage":0.0,"enemies":"3 Darklings","floor":35.0,"turns":5.0},{"damage":12.0,"enemies":"Orb Walker","floor":36.0,"turns":3.0},{"damage":12.0,"enemies":"Maw","floor":39.0,"turns":5.0},{"damage":7.0,"enemies":"Giant Head","floor":41.0,"turns":6.0},{"damage":2.0,"enemies":"Sphere and 2 Shapes","floor":42.0,"turns":5.0},{"damage":9.0,"enemies":"Transient","floor":44.0,"turns":5.0},{"damage":11.0,"enemies":"Nemesis","floor":45.0,"turns":5.0},{"damage":62.0,"enemies":"Awakened One","floor":50.0,"turns":12.0},{"damage":51,"enemies":"Shield and Spear","floor":54,"turns":4},{"damage":37,"enemies":"The Heart","floor":55,"turns":2}],"seed_played":"-1188566864105608235","potions_obtained":[{"floor":1.0,"key":"BlessingOfTheForge"},{"floor":2.0,"key":"AttackPotion"},{"floor":3.0,"key":"GhostInAJar"},{"floor":8.0,"key":"ColorlessPotion"},{"floor":12.0,"key":"CunningPotion"},{"floor":19.0,"key":"LiquidMemories"},{"floor":24.0,"key":"Energy Potion"},{"floor":35.0,"key":"AttackPotion"},{"floor":45.0,"key":"Dexterity Potion"}],"is_trial":false,"path_per_floor":["M","M","M","$","M","?","R","E","T","R","M","E","R","M","R","B",null,"M","M","$","?","M","R","E","R","T","E","M","E","M","$","R","B",null,"M","M","?","T","M","R","E","M","T","M","E","$","R","T","R","B",null,"R","$","E","B"],"character_chosen":"THE_SILENT","items_purchased":["Noxious Fumes","Backstab","Omamori","Noxious Fumes+1","Infinite Blades+1","Catalyst","LiquidBronze","TwistedFunnel","Gremlin Horn","Swift Potion"],"campfire_rested":2,"item_purchase_floors":[4,4,20,20,20,31,31,46,46,46],"current_hp_per_floor":[70,70,58,58,58,70,70,63,63,63,63,48,48,45,45,42,63,63,54,54,70,55,55,41,41,41,27,37,17,25,25,46,28,60,70,63,63,63,58,58,63,66,66,59,56,56,56,56,56,4,51,66,66,19,0,0],"gold":31,"neow_bonus":"BOSS_RELIC","is_daily":false,"chose_seed":false,"campfire_upgraded":8,"win_rate":0.0,"timestamp":1614424888,"path_taken":["M","M","M","$","M","?","R","E","T","R","M","E","R","M","R","BOSS","M","M","$","?","M","R","E","R","T","E","?","E","?","?","R","BOSS","M","?","?","?","?","R","E","?","T","M","E","$","R","?","R","BOSS","R","$","E","BOSS"],"items_purchased_type":["Card","Card","Relic","Card","Card","Card","Potion","Relic","Relic","Potion"],"build_version":"2020-12-22","purchased_purges":0,"victory":false,"max_hp_per_floor":[70,70,70,70,70,70,70,70,70,70,70,70,70,70,70,70,70,70,70,70,70,70,70,70,70,70,70,70,70,70,70,70,70,70,70,70,66,66,66,66,66,66,66,66,66,66,66,66,66,66,66,66,66,66,66,66],"relic_stats":{"Tough Bandages":[108],"Gremlin Horn":[1,3],"counters":[28,120],"Shuriken":[11],"Bird Faced Urn":[99],"Pandora\u0027s Box":["Corpse Explosion","Predator","Malaise","Adrenaline","Tools of the Trade","Backflip","Burst","Envenom","Reflex","Catalyst"],"Pen Nib":[18],"PreservedInsect":240,"Kunai":[43],"Smiling Mask":0,"Cursed Key":2,"obtain_stats":[{"Potion Belt":43,"TwistedFunnel":46,"Calipers":54,"Gremlin Horn":46,"The Courier":8,"Pen Nib":24,"PreservedInsect":29,"Omamori":20,"Paper Crane":9,"Frozen Egg 2":17,"Smiling Mask":17,"Cursed Key":34,"Akabeko":45,"Calling Bell":17,"Tough Bandages":17,"Anchor":26,"Shuriken":41,"Bird Faced Urn":27,"Pandora\u0027s Box":0,"Kunai":12,"Ring of the Snake":0},{"Potion Belt":23,"TwistedFunnel":25,"Calipers":27,"Gremlin Horn":25,"The Courier":5,"Pen Nib":13,"PreservedInsect":16,"Omamori":11,"Paper Crane":5,"Frozen Egg 2":9,"Smiling Mask":9,"Cursed Key":18,"Akabeko":25,"Calling Bell":9,"Tough Bandages":9,"Anchor":13,"Shuriken":22,"Bird Faced Urn":14,"Pandora\u0027s Box":0,"Kunai":7,"Ring of the Snake":0},{"Potion Belt":92,"TwistedFunnel":102,"Calipers":118,"Gremlin Horn":102,"The Courier":14,"Pen Nib":45,"PreservedInsect":57,"Omamori":36,"Paper Crane":14,"Frozen Egg 2":28,"Smiling Mask":28,"Cursed Key":68,"Akabeko":102,"Calling Bell":28,"Tough Bandages":28,"Anchor":45,"Shuriken":87,"Bird Faced Urn":50,"Pandora\u0027s Box":0,"Kunai":21,"Ring of the Snake":0}]},"card_choices":[{"not_picked":["Dodge and Roll","Backflip"],"picked":"Dagger Spray","floor":1.0},{"not_picked":["Phantasmal Killer","Flechettes"],"picked":"Dagger Throw","floor":2.0},{"not_picked":["Deflect","Reflex"],"picked":"PiercingWail","floor":3.0},{"not_picked":["Expertise","Prepared","Dagger Spray"],"picked":"SKIP","floor":5.0},{"not_picked":["PiercingWail","Deflect"],"picked":"Poisoned Stab","floor":8.0},{"not_picked":["Dagger Throw","Choke"],"picked":"Malaise","floor":11.0},{"not_picked":["Dagger Spray","Prepared","Tools of the Trade"],"picked":"SKIP","floor":12.0},{"not_picked":["Quick Slash","Dagger Spray"],"picked":"Deadly Poison","floor":14.0},{"not_picked":["Glass Knife","Storm of Steel"],"picked":"Bullet Time","floor":16.0},{"not_picked":["Predator","Backflip"],"picked":"Blade Dance","floor":18.0},{"not_picked":["Outmaneuver","Bullet Time"],"picked":"Slice","floor":19.0},{"not_picked":["Dash","Calculated Gamble"],"picked":"Escape Plan","floor":22.0},{"not_picked":["Sucker Punch","Deadly Poison"],"picked":"PiercingWail+1","floor":24.0},{"not_picked":["Leg Sweep","Distraction"],"picked":"Sucker Punch+1","floor":27.0},{"not_picked":["Bane","Slice+1"],"picked":"Cloak And Dagger","floor":28.0},{"not_picked":["Dagger Throw+1","Flechettes+1","Sucker Punch"],"picked":"SKIP","floor":29.0},{"not_picked":["Flying Knee","Sucker Punch+1"],"picked":"Slice+1","floor":30.0},{"not_picked":["Grand Finale","Burst"],"picked":"Envenom+1","floor":33.0},{"not_picked":["Concentrate","Dodge and Roll+1"],"picked":"Deadly Poison+1","floor":35.0},{"not_picked":["PiercingWail","Finisher","Acrobatics"],"picked":"SKIP","floor":36.0},{"not_picked":["Sucker Punch","Outmaneuver+1"],"picked":"Crippling Poison+1","floor":39.0},{"not_picked":["Bane","Backflip","Burst"],"picked":"SKIP","floor":41.0},{"not_picked":["Well Laid Plans+1","Noxious Fumes+1"],"picked":"Terror+1","floor":42.0},{"not_picked":["Poisoned Stab+1","Dagger Spray+1"],"picked":"Catalyst","floor":44.0},{"not_picked":["Poisoned Stab","Deflect"],"picked":"Deadly Poison+1","floor":45.0},{"not_picked":["Skewer","Quick Slash"],"picked":"Concentrate+1","floor":54}],"player_experience":714626,"relics_obtained":[{"floor":8.0,"key":"The Courier"},{"floor":9.0,"key":"Paper Crane"},{"floor":12.0,"key":"Kunai"},{"floor":17.0,"key":"Smiling Mask"},{"floor":17.0,"key":"Frozen Egg 2"},{"floor":17.0,"key":"Tough Bandages"},{"floor":24.0,"key":"Pen Nib"},{"floor":26.0,"key":"Anchor"},{"floor":27.0,"key":"Bird Faced Urn"},{"floor":29.0,"key":"PreservedInsect"},{"floor":41.0,"key":"Shuriken"},{"floor":43.0,"key":"Potion Belt"},{"floor":45.0,"key":"Akabeko"},{"floor":54,"key":"Calipers"}],"event_choices":[{"cards_removed":["Predator"],"damage_healed":12.0,"max_hp_gain":0.0,"max_hp_loss":0.0,"gold_gain":0.0,"event_name":"Bonfire Elementals","player_choice":"Offered Uncommon","floor":6.0,"gold_loss":0.0,"damage_taken":0.0},{"damage_healed":16.0,"max_hp_gain":0.0,"max_hp_loss":0.0,"gold_gain":0.0,"event_name":"Wheel of Change","player_choice":"Full Heal","floor":21.0,"gold_loss":0.0,"damage_taken":0.0},{"damage_healed":0.0,"max_hp_gain":0.0,"max_hp_loss":4.0,"gold_gain":0.0,"event_name":"Winding Halls","player_choice":"Max HP","floor":37.0,"gold_loss":0.0,"damage_taken":0.0}],"is_beta":false,"boss_relics":[{"not_picked":["Velvet Choker","Tiny House"],"picked":"Calling Bell"},{"not_picked":["Philosopher\u0027s Stone","Fusion Hammer"],"picked":"Cursed Key"}],"items_purged_floors":[],"is_endless":false,"potions_floor_spawned":[1,2,3,8,12,14,19,24,35,45],"killed_by":"The Heart","ascension_level":5}}