{"host":"nolo0osttpwefhwj","time":1614455806,"event":{"mods":["AchievementEnabler","BaseMod","Bestiary","Colored Powertips","Minty Spire (QoL Compilation)","Permanent Neow","Quick Restart","Relic Stats"],"gold_per_floor":[119,119,135,150,165,165,200,200,200,200,235,248,248,262,262,355,355,371,391,14,14,14,54,54,85,85,85,85],"floor_reached":27,"language":"ENG","playtime":1414,"items_purged":["Strike_B"],"score":444,"play_id":"3e2c0fb3-de63-429c-93ad-7573c1b15af7","local_time":"20210227205646","is_ascension_mode":true,"campfire_choices":[{"data":"Go for the Eyes","floor":6.0,"key":"SMITH"},{"data":"Streamline","floor":13.0,"key":"SMITH"},{"data":"Go for the Eyes","floor":15.0,"key":"SMITH"},{"data":"Creative AI","floor":24,"key":"SMITH"}],"circlet_count":0,"master_deck":["AscendersBane","Strike_B","Strike_B","Strike_B","Defend_B+1","Defend_B","Defend_B+1","Defend_B","Zap","Dualcast","Streamline+1","Glacier","Go for the Eyes+1","Steam","Ball Lightning","Go for the Eyes+1","Creative AI+1","Redo","Doom and Gloom","Compile Driver","Electrodynamics"],"relics":["Cracked Core","White Beast Statue","The Courier","Eternal Feather","Golden Idol","Pen Nib","Nuclear Battery","Gremlin Horn","Lee\u0027s Waffle","Darkstone Periapt","Boot"],"acts_visited":["Exordium","TheCity"],"potions_floor_usage":[23,25,27],"damage_taken":[{"damage":0.0,"enemies":"Small Slimes","floor":1.0,"turns":3.0},{"damage":0.0,"enemies":"Cultist","floor":3.0,"turns":2.0},{"damage":3.0,"enemies":"Jaw Worm","floor":4.0,"turns":3.0},{"damage":4.0,"enemies":"Looter","floor":5.0,"turns":3.0},{"damage":10.0,"enemies":"Lagavulin","floor":7.0,"turns":8.0},{"damage":4.0,"enemies":"3 Sentries","floor":11.0,"turns":12.0},{"damage":0.0,"enemies":"Blue Slaver","floor":12.0,"turns":3.0},{"damage":4.0,"enemies":"Exordium Wildlife","floor":14.0,"turns":4.0},{"damage":25.0,"enemies":"Slime Boss","floor":16.0,"turns":7.0},{"damage":1.0,"enemies":"Shell Parasite","floor":18.0,"turns":4.0},{"damage":4.0,"enemies":"Chosen","floor":19.0,"turns":5.0},{"damage":36,"enemies":"Slavers","floor":23,"turns":7},{"damage":49,"enemies":"Book of Stabbing","floor":25,"turns":7},{"damage":10,"enemies":"Shelled Parasite and Fungi","floor":27,"turns":1}],"seed_played":"-26592342591510020","potions_obtained":[{"floor":0.0,"key":"EntropicBrew"},{"floor":0.0,"key":"Explosive Potion"},{"floor":3.0,"key":"EssenceOfSteel"},{"floor":4.0,"key":"Energy Potion"},{"floor":5.0,"key":"Energy Potion"},{"floor":7.0,"key":"Dexterity Potion"},{"floor":11.0,"key":"ColorlessPotion"},{"floor":12.0,"key":"DuplicationPotion"},{"floor":16.0,"key":"Fruit Juice"},{"floor":18.0,"key":"GamblersBrew"},{"floor":19.0,"key":"Dexterity Potion"},{"floor":23,"key":"Explosive Potion"},{"floor":25,"key":"Regen Potion"}],"is_trial":false,"path_per_floor":["M","?","M","M","M","R","E","?","T","?","E","M","R","M","R","B",null,"M","M","$","?","?","E","R","E","T","M"],"character_chosen":"DEFECT","items_purchased":["Gremlin Horn","Lee\u0027s Waffle"],"campfire_rested":0,"item_purchase_floors":[20,20],"current_hp_per_floor":[64,64,64,61,57,57,47,33,33,33,29,29,38,34,43,18,54,58,54,78,78,78,42,54,5,5,0,0],"gold":85,"neow_bonus":"THREE_SMALL_POTIONS","is_daily":false,"chose_seed":false,"campfire_upgraded":4,"win_rate":0.0,"timestamp":1614455806,"path_taken":["M","?","?","M","M","R","E","?","T","?","E","M","R","M","R","BOSS","M","M","$","?","?","E","R","E","T","M"],"items_purchased_type":["Relic","Relic"],"build_version":"2020-12-22","purchased_purges":1,"victory":false,"max_hp_per_floor":[71,71,71,71,71,71,71,71,71,66,66,66,66,66,66,66,66,71,71,78,78,78,78,78,78,78,78,78],"relic_stats":{"Darkstone Periapt":0,"Lee\u0027s Waffle":24,"Gremlin Horn":[3,3],"counters":[14,69],"Golden Idol":53,"Eternal Feather":30,"Pen Nib":[7],"Boot":[0],"obtain_stats":[{"Darkstone Periapt":23,"Lee\u0027s Waffle":20,"Gremlin Horn":20,"Golden Idol":10,"Eternal Feather":9,"The Courier":7,"Pen Nib":11,"Cracked Core":0,"Boot":25,"White Beast Statue":2,"Nuclear Battery":17},{"Darkstone Periapt":12,"Lee\u0027s Waffle":11,"Gremlin Horn":11,"Golden Idol":5,"Eternal Feather":5,"The Courier":5,"Pen Nib":6,"Cracked Core":0,"Boot":13,"White Beast Statue":1,"Nuclear Battery":9},{"Darkstone Periapt":61,"Lee\u0027s Waffle":54,"Gremlin Horn":54,"Golden Idol":19,"Eternal Feather":19,"The Courier":19,"Pen Nib":31,"Cracked Core":0,"Boot":68,"White Beast Statue":3,"Nuclear Battery":45}]},"card_choices":[{"not_picked":["Melter","Reinforced Body"],"picked":"Sweeping Beam","floor":1.0},{"not_picked":["Fusion","Melter"],"picked":"Streamline","floor":3.0},{"not_picked":["Streamline","Conserve Battery"],"picked":"Glacier","floor":4.0},{"not_picked":["Leap","Streamline"],"picked":"Go for the Eyes","floor":5.0},{"not_picked":["Barrage","Gash"],"picked":"Steam","floor":7.0},{"not_picked":["Hologram","Scrape"],"picked":"Ball Lightning","floor":11.0},{"not_picked":["Lockon","Meteor Strike","Stack"],"picked":"SKIP","floor":12.0},{"not_picked":["Ball Lightning","Redo"],"picked":"Go for the Eyes","floor":14.0},{"not_picked":["Hyperbeam","Fission"],"picked":"Creative AI","floor":16.0},{"not_picked":["Ball Lightning","Sweeping Beam","Rebound"],"picked":"SKIP","floor":18.0},{"not_picked":["Melter","Darkness"],"picked":"Redo","floor":19.0},{"not_picked":["Auto Shields","Turbo"],"picked":"Compile Driver","floor":23},{"not_picked":["Multi-Cast","Turbo"],"picked":"Electrodynamics","floor":25}],"player_experience":334948,"relics_obtained":[{"floor":7.0,"key":"The Courier"},{"floor":9.0,"key":"Eternal Feather"},{"floor":11.0,"key":"Pen Nib"},{"floor":23,"key":"Darkstone Periapt"},{"floor":25,"key":"Boot"}],"event_choices":[{"cards_removed":["Sweeping Beam"],"damage_healed":0.0,"max_hp_gain":0.0,"max_hp_loss":0.0,"gold_gain":0.0,"event_name":"WeMeetAgain","player_choice":"Gave Card","floor":2.0,"gold_loss":0.0,"damage_taken":0.0,"relics_obtained":["White Beast Statue"]},{"damage_healed":0.0,"max_hp_gain":0.0,"max_hp_loss":0.0,"gold_gain":0.0,"event_name":"Shining Light","player_choice":"Entered Light","floor":8.0,"gold_loss":0.0,"damage_taken":14.0,"cards_upgraded":["Defend_B","Defend_B"]},{"damage_healed":0.0,"max_hp_gain":0.0,"max_hp_loss":5.0,"gold_gain":0.0,"event_name":"Golden Idol","player_choice":"Lose Max HP","floor":10.0,"gold_loss":0.0,"damage_taken":0.0,"relics_obtained":["Golden Idol"]},{"damage_healed":0.0,"max_hp_gain":0.0,"max_hp_loss":0.0,"gold_gain":0.0,"event_name":"The Library","player_choice":"Read","floor":21.0,"gold_loss":0.0,"damage_taken":0.0,"cards_obtained":["Doom and Gloom"]},{"damage_healed":0.0,"max_hp_gain":0.0,"max_hp_loss":0.0,"gold_gain":0.0,"event_name":"Vampires","player_choice":"Ignored","floor":22.0,"gold_loss":0.0,"damage_taken":0.0}],"is_beta":false,"boss_relics":[{"not_picked":["Tiny House","Ectoplasm"],"picked":"Nuclear Battery"}],"items_purged_floors":[20],"is_endless":false,"potions_floor_spawned":[3,4,5,7,11,12,14,16,18,19,23,25],"killed_by":"Shelled Parasite and Fungi","ascension_level":14}}