{"host":"bp6b47iftb3mluh0","time":1614440288,"event":{"mods":["100% Spire Juice","Act Like it!","Alarm Clock","Aspiration","Astrologer","BaseMod","Bestiary","Better Third Choice","Better Vampires","Challenge The Spire","Colored Powertips","Conspire","Curses Come First","Dota2Spire","Downfall","Friendly Minions","Gensokyo","Hallownest","Hermit","Kiyohime£®«Âºß£©","Library of Ruina","Library of Ruina Extra","Lobotomy","LobotomyExtend","Marisa£®ÏF”Í°°ƒß¿Ì…≥£©","Marked Mod","Minty Spire (QoL Compilation)","Quick Restart","Rare Cards Sparkle","Red Circlet Mod","Relic Filter Mod","Relic Stats","Remilia£®¿Ÿ√◊¿Ú—«£©","Replay The Spire","Reworked Bosses","Ryuuou¡˙Õı","Shop Mod","Spicy Shops","StSLib","The Bug Knight","The Invoker Mod","Uncapped","Waifu the Spire","Youmu£®ªÍ∆«—˝√Œ£©","°æ“≈ŒÔø®≈∆°øREMEMod","≤–¡Ù÷ÆŒÔ"],"gold_per_floor":[114,114,146,162,162,162,162,162,162,182,182,107,107,107,107,207,207,250,250,250,269,280,280,280,280,280,315,131,131,131,204,204,305,305,305,305],"floor_reached":35,"language":"ZHS","playtime":1321,"items_purged":["Wrath_TH"],"score":427,"play_id":"f3fbdfda-d427-4402-9a5c-6c5409db774a","local_time":"20210227233808","daily_mods":["Heirloom","Time Dilation","Flight"],"is_ascension_mode":false,"campfire_choices":[{"data":"KillingBlow","floor":6.0,"key":"SMITH"},{"data":"BiXi","floor":8.0,"key":"SMITH"},{"data":"Hallownest:skillGreenpathMap","floor":13.0,"key":"SMITH"},{"data":"FocusedStrikes","floor":15.0,"key":"SMITH"},{"data":"GutHarvesting","floor":23.0,"key":"SMITH"},{"data":"UnforgettableMelody","floor":24.0,"key":"SMITH"},{"data":"EndlessPower","floor":29.0,"key":"SMITH"},{"floor":32.0,"key":"DIG"}],"circlet_count":1,"master_deck":["Dodge","LightDefense","LightAttack","LightAttack","LightAttack","LightDefense","LightDefense","LightDefense","ChargeAndCover","FocusedStrikes+1","KillingBlow+1","SteelKnuckles+1","BiXi+1","Hallownest:skillGreenpathMap+1","GutHarvesting+1","Deflect_lor","EndlessPower+1","DesperateStruggle","Panacea","UnforgettableMelody+1","Decay","J.A.X."],"relics":["PageOfLibrarian","REME_ComplimentaryCards","aspiration:DSix","LetterFromLob","Hallownest:SalubrasBlessingRelic","Dota2Spire:MagicBottle","Hallownest:DreamNailRelic","Circlet","PageOfTheKnightOfDespair","HonorFeather","Ring of Hypnosis","aspiration:RitualDagger","PageOfTheQueenOfHatred","PageOfGreed","MerchantsRug","ReplayTheSpireMod:CursedCoin","Tiny Chest","PageOfWrath","CeramicFish","REME_DemonsWealth"],"acts_visited":["Hallownest:Greenpath","TheCity","Hallownest:KingdomsEdge"],"potions_floor_usage":[],"damage_taken":[{"damage":0.0,"enemies":"Hallownest:2_Tiktiks_and_1_Crawlid","floor":1.0,"turns":4.0},{"damage":21.0,"enemies":"conspire:MimicChest","floor":3.0,"turns":6.0},{"damage":0.0,"enemies":"Hallownest:monsterHuskWarrior","floor":4.0,"turns":1.0},{"damage":0.0,"enemies":"Hallownest:2_Baldur","floor":10.0,"turns":1.0},{"damage":25.0,"enemies":"Hallownest:eliteMossKnight","floor":11.0,"turns":2.0},{"damage":43.0,"enemies":"Hallownest:BossHornet","floor":16.0,"turns":13.0},{"damage":9.0,"enemies":"3 Byrds","floor":18.0,"turns":3.0},{"damage":40.0,"enemies":"Chosen","floor":21.0,"turns":5.0},{"damage":11.0,"enemies":"Snake Plant","floor":22.0,"turns":2.0},{"damage":71.0,"enemies":"Book of Stabbing","floor":27.0,"turns":5.0},{"damage":69.0,"enemies":"HollowMod:Nosk","floor":31.0,"turns":5.0},{"damage":44.0,"enemies":"bossMod:newCollector","floor":33.0,"turns":5.0},{"damage":85,"enemies":"Hallownest:3_Siblings","floor":35,"turns":2}],"seed_played":"2089947697312413513","potions_obtained":[{"floor":1.0,"key":"SpeedPotion"},{"floor":4.0,"key":"Death Potion"},{"floor":16.0,"key":"SpeedPotion"},{"floor":21.0,"key":"bronze:BurnAndBuffPotion"}],"is_trial":true,"path_per_floor":["M","?","?","M","?","R","?","R","T","M","E","?","R","?","R","B",null,"M","?","?","M","M","R","R","?","T","E","$","R","?","E","R","B",null,"M"],"character_chosen":"Librarian","items_purchased":["MerchantsRug","ReplayTheSpireMod:CursedCoin","Tiny Chest"],"campfire_rested":0,"item_purchase_floors":[28,28,28],"current_hp_per_floor":[60,60,39,39,39,39,39,39,39,39,55,55,68,68,68,43,68,59,59,59,19,8,68,68,68,68,68,68,68,68,19,76,71,76,0,0],"gold":305,"neow_bonus":"","is_daily":false,"chose_seed":false,"campfire_upgraded":7,"win_rate":0.0,"timestamp":1614440288,"path_taken":["M","?","?","?","?","R","?","R","T","?","E","?","R","?","R","BOSS","M","?","?","?","?","R","R","?","T","E","?","R","?","E","R","BOSS","M"],"items_purchased_type":["Relic","Relic","Relic"],"build_version":"2020-12-22","purchased_purges":1,"victory":false,"max_hp_per_floor":[65,65,68,68,68,68,68,68,68,68,68,68,68,68,68,68,68,68,68,68,68,68,68,68,68,68,68,68,68,68,76,76,76,76,76,76],"relic_stats":{"counters":[14,54],"CeramicFish":0,"Tiny Chest":0,"obtain_stats":[{"Hallownest:SalubrasBlessingRelic":2,"PageOfTheQueenOfHatred":26,"MerchantsRug":28,"HonorFeather":11,"Ring of Hypnosis":14,"ReplayTheSpireMod:CursedCoin":28,"CeramicFish":32,"Circlet":7,"Hallownest:DreamNailRelic":5,"PageOfLibrarian":0,"Dota2Spire:MagicBottle":3,"PageOfGreed":27,"PageOfWrath":31,"REME_DemonsWealth":34,"PageOfTheKnightOfDespair":9,"Tiny Chest":28,"LetterFromLob":1,"aspiration:RitualDagger":17,"aspiration:DSix":0,"REME_ComplimentaryCards":0},{"Hallownest:SalubrasBlessingRelic":1,"PageOfTheQueenOfHatred":9,"MerchantsRug":10,"HonorFeather":5,"Ring of Hypnosis":5,"ReplayTheSpireMod:CursedCoin":10,"CeramicFish":11,"Circlet":3,"Hallownest:DreamNailRelic":3,"PageOfLibrarian":0,"Dota2Spire:MagicBottle":2,"PageOfGreed":10,"PageOfWrath":11,"REME_DemonsWealth":12,"PageOfTheKnightOfDespair":3,"Tiny Chest":10,"LetterFromLob":1,"aspiration:RitualDagger":6,"aspiration:DSix":0,"REME_ComplimentaryCards":0},{"Hallownest:SalubrasBlessingRelic":4,"PageOfTheQueenOfHatred":37,"MerchantsRug":42,"HonorFeather":14,"Ring of Hypnosis":14,"ReplayTheSpireMod:CursedCoin":42,"CeramicFish":47,"Circlet":11,"Hallownest:DreamNailRelic":11,"PageOfLibrarian":0,"Dota2Spire:MagicBottle":10,"PageOfGreed":42,"PageOfWrath":47,"REME_DemonsWealth":52,"PageOfTheKnightOfDespair":11,"Tiny Chest":42,"LetterFromLob":4,"aspiration:RitualDagger":27,"aspiration:DSix":0,"REME_ComplimentaryCards":0}]},"card_choices":[{"not_picked":["UpbeatPerformance","NightInTheBackstreets","Leap_lor","IllEndYou","WillOfThePrescript","Standoff","ShockRound","Diversion"],"picked":"SteelKnuckles","floor":1.0},{"not_picked":["QuickSuppression","EndlessBattle","SturdyDefense","SpearedSweep","Fence","SnakesPrey","UnavoidableGaze","ViolentFlame"],"picked":"BiXi","floor":3.0},{"not_picked":["StructuralAnalysis","PreemptiveStrike","UpbeatPerformance","ViolentFlame","MultiHit","EnergyStrike","SuanNi","HighKick","HandleRequest"],"picked":"SKIP","floor":4.0},{"not_picked":["FleetEdge","HandlingWork","MultiBlock","Wallop_lor","GreatSerpentsImpact","IngredientHunt","EnergyCycle","HandleRequest","Diversion"],"picked":"SKIP","floor":10.0},{"not_picked":["RepressedFlesh","BalefulBrand"],"picked":"GutHarvesting","floor":16.0},{"not_picked":["Parry2","SunsetBlade","DesperateStruggle+1","LawAndOrder","ExtractFuel","HandleRequest","StructuralAnalysis","StartinOutLightly+1"],"picked":"Deflect_lor","floor":18.0},{"not_picked":["BiAn","Quickness","StrikeDown+1","FierceCharge","DesperateStruggle+1","GrazeTheGrass","Faith","Leap_lor","Reload"],"picked":"SKIP","floor":21.0},{"not_picked":["GreatSerpentsImpact+1","EnergyShield","BlindFaith","SnakesPrey","Multislash+1","HandlingWork","ViolentFlame","ShockRound"],"picked":"UnforgettableMelody","floor":22.0},{"not_picked":["StartinOutLightly","InhaleSmoke+1","AutomatedMovement","QuickAttack+1","DistortedBlade","CrackOfDawn","Standoff","HandlingWork","MultiHit"],"picked":"SKIP","floor":27.0},{"not_picked":["Concentration","Ripple","Rampage_lor","SavageMode","DesperateStruggle","AssaultOrder","HandleRequest+1","SharpSwipe","UndertakePrescript+1"],"picked":"SKIP","floor":31.0}],"player_experience":234229,"relics_obtained":[{"floor":1.0,"key":"LetterFromLob"},{"floor":3.0,"key":"Dota2Spire:MagicBottle"},{"floor":9.0,"key":"PageOfTheKnightOfDespair"},{"floor":14.0,"key":"Ring of Hypnosis"},{"floor":26.0,"key":"PageOfTheQueenOfHatred"},{"floor":27.0,"key":"PageOfGreed"},{"floor":31.0,"key":"PageOfWrath"},{"floor":32.0,"key":"CeramicFish"}],"event_choices":[{"damage_healed":0.0,"max_hp_gain":0.0,"max_hp_loss":0.0,"gold_gain":0.0,"event_name":"Match and Keep!","player_choice":"2 cards matched","floor":20.0,"gold_loss":0.0,"damage_taken":0.0,"cards_obtained":["DesperateStruggle","Panacea"]},{"damage_healed":0.0,"max_hp_gain":0.0,"max_hp_loss":0.0,"gold_gain":0.0,"event_name":"Ghosts","player_choice":"Ignored","floor":25.0,"gold_loss":0.0,"damage_taken":0.0},{"damage_healed":0.0,"max_hp_gain":0.0,"max_hp_loss":0.0,"gold_gain":0.0,"event_name":"Drug Dealer","player_choice":"Obtain J.A.X.","floor":30.0,"gold_loss":0.0,"damage_taken":0.0,"cards_obtained":["J.A.X."]}],"is_beta":false,"boss_relics":[{"not_picked":["Empty Cage","Abe\u0027s Treasure"],"picked":"aspiration:RitualDagger"},{"not_picked":["Sozu","conspire:SlowCooker"],"picked":"REME_DemonsWealth"}],"items_purged_floors":[28],"is_endless":true,"potions_floor_spawned":[1,4,16,21],"killed_by":"Hallownest:3_Siblings","ascension_level":0}}