{"host":"mithrandi","time":1614421236,"event":{"mods":["BaseMod","Colored Map","Highlight Path","Minty Spire (QoL Compilation)","SuperFastMode"],"gold_per_floor":[115,115,129,143,50,83,83,115,161,161,185,185,185,185],"floor_reached":13,"language":"ENG","playtime":347,"items_purged":[],"score":186,"play_id":"0d46ac34-5ced-41a0-b8c7-79eee1f30701","local_time":"20210227122036","is_ascension_mode":true,"campfire_choices":[{"floor":7.0,"key":"REST"},{"floor":12,"key":"REST"}],"circlet_count":0,"master_deck":["AscendersBane","Strike_B","Strike_B","Strike_B","Defend_B","Defend_B","Defend_B","Defend_B","Zap","Dualcast","Compile Driver","Ball Lightning","Rip and Tear","Capacitor","Coolheaded","Barrage","BootSequence","Genetic Algorithm","Loop"],"relics":["Cracked Core","NeowsBlessing","Bottled Flame","Dream Catcher","Tiny Chest","Golden Idol"],"acts_visited":["Exordium"],"potions_floor_usage":[],"damage_taken":[{"damage":0.0,"enemies":"Jaw Worm","floor":1.0,"turns":1.0},{"damage":0.0,"enemies":"Small Slimes","floor":3.0,"turns":1.0},{"damage":0.0,"enemies":"2 Louse","floor":4.0,"turns":1.0},{"damage":32.0,"enemies":"Gremlin Nob","floor":6.0,"turns":4.0},{"damage":22.0,"enemies":"3 Sentries","floor":8.0,"turns":7.0},{"damage":9,"enemies":"Large Slime","floor":11,"turns":5},{"damage":34,"enemies":"Gremlin Nob","floor":13,"turns":3}],"seed_played":"743232423954645671","potions_obtained":[{"floor":4.0,"key":"Fire Potion"},{"floor":11,"key":"Explosive Potion"}],"is_trial":false,"path_per_floor":["M","?","M","M","$","E","R","E","T","?","M","R","E"],"character_chosen":"DEFECT","items_purchased":["Capacitor","Coolheaded"],"campfire_rested":2,"item_purchase_floors":[5,5],"current_hp_per_floor":[64,57,57,57,57,25,46,24,24,24,15,34,0,0],"gold":185,"neow_bonus":"THREE_ENEMY_KILL","is_daily":false,"chose_seed":false,"campfire_upgraded":0,"win_rate":0.0,"timestamp":1614421236,"path_taken":["M","?","M","M","$","E","R","E","T","?","M","R","E"],"items_purchased_type":["Card","Card"],"build_version":"2020-12-18","purchased_purges":0,"victory":false,"max_hp_per_floor":[71,71,71,71,71,71,71,71,71,64,64,64,64,64],"card_choices":[{"not_picked":["Streamline","Melter"],"picked":"Compile Driver","floor":1.0},{"not_picked":["Capacitor","Cold Snap"],"picked":"Ball Lightning","floor":3.0},{"not_picked":["Cold Snap","Streamline"],"picked":"Rip and Tear","floor":4.0},{"not_picked":["Hologram","Beam Cell"],"picked":"Barrage","floor":6.0},{"not_picked":["Rip and Tear","Leap"],"picked":"BootSequence","floor":8.0},{"not_picked":["White Noise","Force Field"],"picked":"Genetic Algorithm","floor":11},{"not_picked":["Skim","Blizzard"],"picked":"Loop","floor":12}],"player_experience":3172659,"relics_obtained":[{"floor":6.0,"key":"Bottled Flame"},{"floor":8.0,"key":"Dream Catcher"},{"floor":9.0,"key":"Tiny Chest"}],"event_choices":[{"cards_removed":["Strike_B"],"damage_healed":0.0,"max_hp_gain":0.0,"max_hp_loss":0.0,"gold_gain":0.0,"event_name":"Golden Wing","player_choice":"Card Removal","floor":2.0,"gold_loss":0.0,"damage_taken":7.0},{"damage_healed":0.0,"max_hp_gain":0.0,"max_hp_loss":7.0,"gold_gain":0.0,"event_name":"Golden Idol","player_choice":"Lose Max HP","floor":10.0,"gold_loss":0.0,"damage_taken":0.0,"relics_obtained":["Golden Idol"]}],"is_beta":true,"boss_relics":[],"items_purged_floors":[],"is_endless":false,"potions_floor_spawned":[4,11],"killed_by":"Gremlin Nob","ascension_level":20}}