{"host":"raaimkojny05jekw","time":1614429402,"event":{"mods":["AchievementEnabler","BaseMod","Colored Map","Colored Powertips","DeckTracker","Minty Spire (QoL Compilation)","Quick Restart","Rare Cards Sparkle","everything is the same but u backflip on backflip"],"gold_per_floor":[111,125,24,34,34,34,65,85,85,100,110,110,110,110],"floor_reached":13,"language":"KOR","playtime":328,"items_purged":["Writhe"],"score":144,"play_id":"926ae6fc-2f17-4099-83bf-7a247431d9e3","local_time":"20210227213642","is_ascension_mode":true,"campfire_choices":[{"data":"Immolate","floor":6,"key":"SMITH"},{"data":"Evolve","floor":12,"key":"SMITH"}],"circlet_count":0,"master_deck":["AscendersBane","Strike_R","Strike_R","Strike_R","Strike_R","Strike_R","Defend_R","Defend_R","Defend_R","Defend_R","Bash","Immolate+1","Wild Strike","Warcry","Shrug It Off","Thunderclap","Impervious","Fiend Fire","Flame Barrier","Evolve+1","Feel No Pain"],"relics":["Burning Blood","White Beast Statue","InkBottle"],"acts_visited":["Exordium"],"potions_floor_usage":[7,10,13],"damage_taken":[{"damage":7,"enemies":"Jaw Worm","floor":1,"turns":3},{"damage":1,"enemies":"Cultist","floor":2,"turns":3},{"damage":0,"enemies":"Small Slimes","floor":4,"turns":2},{"damage":49,"enemies":"Lagavulin","floor":7,"turns":7},{"damage":0,"enemies":"2 Fungi Beasts","floor":8,"turns":2},{"damage":6,"enemies":"Looter","floor":10,"turns":2},{"damage":6,"enemies":"Exordium Thugs","floor":11,"turns":4},{"damage":51,"enemies":"Gremlin Nob","floor":13,"turns":6}],"seed_played":"8980160213071291229","potions_obtained":[{"floor":2,"key":"SpeedPotion"},{"floor":7,"key":"SteroidPotion"},{"floor":8,"key":"CultistPotion"},{"floor":10,"key":"ColorlessPotion"},{"floor":11,"key":"PowerPotion"}],"is_trial":false,"path_per_floor":["M","M","$","M","?","R","E","M","T","M","M","R","E"],"character_chosen":"IRONCLAD","items_purchased":["Shrug It Off"],"campfire_rested":0,"item_purchase_floors":[3],"current_hp_per_floor":[71,76,76,80,80,80,37,43,43,43,43,43,0,0],"gold":110,"neow_bonus":"THREE_RARE_CARDS","is_daily":false,"chose_seed":false,"campfire_upgraded":2,"win_rate":0.0,"timestamp":1614429402,"path_taken":["M","M","$","M","?","R","E","M","T","?","M","R","E"],"items_purchased_type":["Card"],"build_version":"2020-12-22","purchased_purges":1,"victory":false,"max_hp_per_floor":[80,80,80,80,80,80,80,80,80,80,80,80,80,80],"card_choices":[{"not_picked":["Double Tap","Reaper"],"picked":"Immolate","floor":0},{"not_picked":["Dark Embrace","Warcry"],"picked":"Wild Strike","floor":1},{"not_picked":["Sword Boomerang","Anger"],"picked":"Warcry","floor":2},{"not_picked":["Anger","Body Slam"],"picked":"Thunderclap","floor":4},{"not_picked":["Armaments","Anger"],"picked":"Fiend Fire","floor":7},{"not_picked":["Armaments","Iron Wave"],"picked":"Flame Barrier","floor":8},{"not_picked":["Anger","Fiend Fire"],"picked":"Evolve","floor":10},{"not_picked":["Armaments","Anger"],"picked":"Feel No Pain","floor":11}],"player_experience":793270,"relics_obtained":[{"floor":7,"key":"White Beast Statue"},{"floor":9,"key":"InkBottle"}],"event_choices":[{"damage_healed":0,"gold_gain":0,"player_choice":"1 cards matched","damage_taken":0,"max_hp_gain":0,"max_hp_loss":0,"event_name":"Match and Keep!","floor":5,"gold_loss":0,"cards_obtained":["Impervious"]}],"is_beta":false,"boss_relics":[],"items_purged_floors":[3],"is_endless":false,"potions_floor_spawned":[2,7,8,10,11],"killed_by":"Gremlin Nob","ascension_level":13}}