{"host":"k919bq8mkuzdqhzi","time":1614454378,"event":{"mods":["AchievementEnabler","BaseMod","Colored Map","Colored Powertips","DeckTracker","Minty Spire (QoL Compilation)","Relic Sorter","SuperFastMode"],"gold_per_floor":[117,117,292,19,19,19,34,9,34,34,51,51,82,107,119,230,242,268,280,292,229,40,40,240,260,260,5,17,17,27,37,37,134,134,153,153,169,169,195,195,208,253,253,253,253,273,286,0,0,0,0],"floor_reached":50,"language":"ENG","playtime":3123,"items_purged":["Doubt","Strike_P"],"score":563,"play_id":"6a8ac881-7018-42c4-93c4-04ef9b5429d7","local_time":"20210227143258","is_ascension_mode":false,"campfire_choices":[{"data":"Eruption","floor":6.0,"key":"SMITH"},{"data":"Vigilance","floor":10.0,"key":"SMITH"},{"data":"SignatureMove","floor":12.0,"key":"SMITH"},{"data":"Protect","floor":15.0,"key":"SMITH"},{"data":"Crescendo","floor":23.0,"key":"SMITH"},{"data":"Halt","floor":29.0,"key":"SMITH"},{"data":"EmptyFist","floor":32.0,"key":"SMITH"},{"data":"Vault","floor":40.0,"key":"SMITH"},{"data":"FollowUp","floor":45.0,"key":"SMITH"},{"data":"EmptyBody","floor":49.0,"key":"SMITH"}],"circlet_count":0,"master_deck":["Strike_P","Defend_P","Eruption+1","Vigilance+1","Crescendo+1","FollowUp+1","DeceiveReality","PathToVictory","SignatureMove+1","Protect+1","EmptyFist+1","ConjureBlade","CurseOfTheBell","CarveReality","RitualDagger","Evaluate","SashWhip+1","PathToVictory","CutThroughFate","Vault+1","DeceiveReality+1","DeceiveReality+1","EmptyFist+1","WaveOfTheHand+1","FlurryOfBlows+1","EmptyBody+1","Wallop+1","CrushJoints+1"],"relics":["PureWater","Bag of Marbles","Lantern","Boot","MawBank","Calling Bell","Bag of Preparation","Eternal Feather","Lizard Tail","Tiny Chest","Dead Branch","Pen Nib","Astrolabe","Pear","Blood Vial","Torii","Pocketwatch","Gremlin Horn","Red Mask"],"acts_visited":["Exordium","TheCity","TheBeyond"],"potions_floor_usage":[50],"damage_taken":[{"damage":2.0,"enemies":"Small Slimes","floor":1.0,"turns":3.0},{"damage":0.0,"enemies":"Jaw Worm","floor":7.0,"turns":2.0},{"damage":0.0,"enemies":"2 Louse","floor":11.0,"turns":2.0},{"damage":0.0,"enemies":"Gremlin Nob","floor":13.0,"turns":2.0},{"damage":2.0,"enemies":"Blue Slaver","floor":14.0,"turns":3.0},{"damage":2.0,"enemies":"The Guardian","floor":16.0,"turns":6.0},{"damage":0.0,"enemies":"Spheric Guardian","floor":18.0,"turns":3.0},{"damage":1.0,"enemies":"Shell Parasite","floor":25.0,"turns":2.0},{"damage":0.0,"enemies":"3 Cultists","floor":28.0,"turns":3.0},{"damage":1.0,"enemies":"Snecko","floor":30.0,"turns":3.0},{"damage":4.0,"enemies":"Cultist and Chosen","floor":31.0,"turns":4.0},{"damage":28.0,"enemies":"Collector","floor":33.0,"turns":4.0},{"damage":0.0,"enemies":"Orb Walker","floor":35.0,"turns":2.0},{"damage":0.0,"enemies":"3 Darklings","floor":37.0,"turns":3.0},{"damage":16.0,"enemies":"Sphere and 2 Shapes","floor":41.0,"turns":4.0},{"damage":0.0,"enemies":"2 Orb Walkers","floor":42.0,"turns":4.0},{"damage":1.0,"enemies":"Maw","floor":46.0,"turns":5.0},{"damage":11.0,"enemies":"Writhing Mass","floor":47.0,"turns":4.0},{"damage":150,"enemies":"Awakened One","floor":50,"turns":24}],"seed_played":"-1273577860615759600","potions_obtained":[{"floor":1.0,"key":"LiquidBronze"},{"floor":7.0,"key":"CultistPotion"},{"floor":14.0,"key":"LiquidBronze"},{"floor":16.0,"key":"Ancient Potion"},{"floor":18.0,"key":"SpeedPotion"},{"floor":28.0,"key":"LiquidBronze"},{"floor":31.0,"key":"Regen Potion"},{"floor":33.0,"key":"DistilledChaos"},{"floor":35.0,"key":"Swift Potion"},{"floor":41.0,"key":"LiquidBronze"}],"is_trial":false,"path_per_floor":["M","?","?","$","?","R","M","$","T","R","M","R","E","M","R","B",null,"M","?","?","?","$","R","?","M","T","$","M","R","M","M","R","B",null,"M","?","M","T","T","R","M","?","T","T","R","M","M","?","R","B"],"character_chosen":"WATCHER","items_purchased":["Bag of Marbles","FollowUp","PathToVictory","Tiny Chest","Halt","Pen Nib"],"campfire_rested":0,"item_purchase_floors":[4,4,8,22,22,27],"current_hp_per_floor":[77,70,70,70,58,58,58,58,58,58,58,58,58,56,56,54,79,79,73,73,73,73,79,79,78,78,78,78,79,78,74,79,51,79,79,79,79,89,89,89,73,75,75,75,89,88,78,78,89,0,0],"gold":0,"neow_bonus":"TEN_PERCENT_HP_BONUS","is_daily":false,"chose_seed":false,"campfire_upgraded":10,"win_rate":0.0,"timestamp":1614454378,"path_taken":["M","?","?","$","?","R","M","$","T","R","M","R","E","M","R","BOSS","M","?","?","?","?","R","?","M","T","$","M","R","?","M","R","BOSS","M","?","M","?","?","R","?","?","T","?","R","M","M","?","R","BOSS"],"items_purchased_type":["Relic","Card","Card","Relic","Card","Relic"],"build_version":"2020-12-22","purchased_purges":2,"victory":false,"max_hp_per_floor":[79,79,79,79,79,79,79,79,79,79,79,79,79,79,79,79,79,79,79,79,79,79,79,79,79,79,79,79,79,79,79,79,79,79,79,79,79,89,89,89,89,89,89,89,89,89,89,89,89,89,89],"card_choices":[{"not_picked":["Nirvana","WindmillStrike"],"picked":"Crescendo","floor":1.0},{"not_picked":["BowlingBash","Prostrate"],"picked":"DeceiveReality","floor":7.0},{"not_picked":["MentalFortress","Worship"],"picked":"SignatureMove","floor":11.0},{"not_picked":["MentalFortress","Meditate"],"picked":"Protect","floor":13.0},{"not_picked":["ClearTheMind","Prostrate"],"picked":"EmptyFist","floor":14.0},{"not_picked":["Brilliance","Blasphemy"],"picked":"ConjureBlade","floor":16.0},{"not_picked":["Study","WreathOfFlame"],"picked":"CarveReality","floor":18.0},{"not_picked":["ThirdEye","WreathOfFlame"],"picked":"Evaluate","floor":25.0},{"not_picked":["EmptyBody","ClearTheMind"],"picked":"SashWhip+1","floor":28.0},{"not_picked":["FlyingSleeves","WheelKick"],"picked":"PathToVictory","floor":30.0},{"not_picked":["JustLucky","BattleHymn"],"picked":"CutThroughFate","floor":31.0},{"not_picked":["Brilliance","Establishment"],"picked":"Vault","floor":33.0},{"not_picked":["Crescendo+1","ThirdEye"],"picked":"WaveOfTheHand+1","floor":35.0},{"not_picked":["PathToVictory","Evaluate"],"picked":"FlurryOfBlows+1","floor":37.0},{"not_picked":["FlyingSleeves+1","SandsOfTime+1"],"picked":"EmptyBody","floor":41.0},{"not_picked":["JustLucky+1","Consecrate+1"],"picked":"Wallop+1","floor":42.0},{"not_picked":["LikeWater+1","CarveReality+1"],"picked":"CrushJoints+1","floor":46.0},{"not_picked":["Devotion","Wallop","FlurryOfBlows"],"picked":"SKIP","floor":47.0}],"player_experience":179045,"relics_obtained":[{"floor":9.0,"key":"Boot"},{"floor":13.0,"key":"MawBank"},{"floor":17.0,"key":"Bag of Preparation"},{"floor":17.0,"key":"Eternal Feather"},{"floor":17.0,"key":"Lizard Tail"},{"floor":26.0,"key":"Dead Branch"},{"floor":38.0,"key":"Pear"},{"floor":39.0,"key":"Blood Vial"},{"floor":42.0,"key":"Torii"},{"floor":43.0,"key":"Pocketwatch"},{"floor":44.0,"key":"Gremlin Horn"}],"event_choices":[{"cards_removed":["Strike_P"],"damage_healed":0.0,"max_hp_gain":0.0,"max_hp_loss":0.0,"gold_gain":0.0,"event_name":"Golden Wing","player_choice":"Card Removal","floor":2.0,"gold_loss":0.0,"damage_taken":7.0},{"damage_healed":0.0,"max_hp_gain":0.0,"max_hp_loss":0.0,"gold_gain":175.0,"event_name":"Liars Game","player_choice":"AGREE","floor":3.0,"gold_loss":0.0,"damage_taken":0.0,"cards_obtained":["Doubt"]},{"damage_healed":0.0,"max_hp_gain":0.0,"max_hp_loss":0.0,"gold_gain":0.0,"event_name":"Scrap Ooze","player_choice":"Success","floor":5.0,"gold_loss":0.0,"damage_taken":12.0,"relics_obtained":["Lantern"]},{"damage_healed":0.0,"max_hp_gain":0.0,"max_hp_loss":0.0,"gold_gain":0.0,"event_name":"Nest","player_choice":"Joined the Cult","floor":19.0,"gold_loss":0.0,"damage_taken":6.0,"cards_obtained":["RitualDagger"]},{"damage_healed":0.0,"max_hp_gain":0.0,"max_hp_loss":0.0,"gold_gain":0.0,"event_name":"Ghosts","player_choice":"Ignored","floor":20.0,"gold_loss":0.0,"damage_taken":0.0},{"cards_removed":["Defend_P"],"damage_healed":0.0,"max_hp_gain":0.0,"max_hp_loss":0.0,"gold_gain":0.0,"event_name":"Beggar","player_choice":"Gave Gold","floor":21.0,"gold_loss":75.0,"damage_taken":0.0},{"damage_healed":0.0,"max_hp_gain":0.0,"max_hp_loss":0.0,"gold_gain":200.0,"event_name":"Wheel of Change","player_choice":"Gold","floor":24.0,"gold_loss":0.0,"damage_taken":0.0},{"cards_removed":["Halt"],"damage_healed":0.0,"max_hp_gain":0.0,"max_hp_loss":0.0,"gold_gain":0.0,"event_name":"Falling","player_choice":"Removed Skill","floor":36.0,"gold_loss":0.0,"damage_taken":0.0},{"damage_healed":0.0,"max_hp_gain":0.0,"max_hp_loss":0.0,"gold_gain":0.0,"event_name":"Mysterious Sphere","player_choice":"Fight","floor":42.0,"gold_loss":0.0,"damage_taken":0.0},{"damage_healed":0.0,"max_hp_gain":0.0,"max_hp_loss":0.0,"gold_gain":0.0,"event_name":"Tomb of Lord Red Mask","player_choice":"Paid","floor":48.0,"gold_loss":286.0,"damage_taken":0.0,"relics_obtained":["Red Mask"]}],"is_beta":false,"boss_relics":[{"not_picked":["VioletLotus","Runic Dome"],"picked":"Calling Bell"},{"not_picked":["Coffee Dripper","Snecko Eye"],"picked":"Astrolabe"}],"items_purged_floors":[4,27],"is_endless":false,"potions_floor_spawned":[1,7,14,16,18,28,31,33,35,41],"killed_by":"Awakened One","ascension_level":0}}