{"host":"rantoq7h0pygex6x","time":1614403718,"event":{"mods":["AchievementEnabler","BaseMod","BetterRewards","Minty Spire (QoL Compilation)","SuperFastMode"],"gold_per_floor":[117,24,42,60,73,73,103,103,103,128,159,188,200,212,224,314,326,351,363,375,404,466,504,516,178,178,178,196,146,158,71,71,148,148,167,167,0,17,17,17,17,17],"floor_reached":41,"language":"ENG","playtime":901,"items_purged":["Strike_R","Defend_R","Strike_R","Writhe"],"score":1147,"play_id":"ab67c02f-c795-4401-b580-16514401a64c","local_time":"20210227132838","is_ascension_mode":true,"campfire_choices":[{"data":"Rupture","floor":6.0,"key":"SMITH"},{"data":"Combust","floor":8.0,"key":"SMITH"},{"data":"Infernal Blade","floor":13.0,"key":"SMITH"},{"data":"Shockwave","floor":15.0,"key":"SMITH"},{"floor":24.0,"key":"REST"},{"data":"Feel No Pain","floor":32.0,"key":"SMITH"},{"data":"Juggernaut","floor":40.0,"key":"SMITH"}],"circlet_count":0,"master_deck":["AscendersBane","Defend_R","Defend_R","Bash","Rupture+1","Shockwave+1","Combust+1","Infernal Blade+1","Pummel","Sword Boomerang","Metallicize+1","Shrug It Off","Iron Wave","Impervious","Reaper","Reaper","Bandage Up","Metallicize","Flame Barrier","True Grit","Bite","Bite","Bite","Bite","Power Through","Feel No Pain+1","Juggernaut+1","Disarm+1"],"relics":["Burning Blood","Smiling Mask","White Beast Statue","MawBank","Busted Crown","Dead Branch","Dream Catcher","Regal Pillow","Empty Cage","Red Mask","Vajra"],"acts_visited":["Exordium","TheCity","TheBeyond"],"potions_floor_usage":[41,41],"damage_taken":[{"damage":4.0,"enemies":"Jaw Worm","floor":1.0,"turns":3.0},{"damage":10.0,"enemies":"Cultist","floor":3.0,"turns":4.0},{"damage":7.0,"enemies":"Small Slimes","floor":4.0,"turns":2.0},{"damage":6.0,"enemies":"3 Louse","floor":5.0,"turns":4.0},{"damage":19.0,"enemies":"3 Sentries","floor":7.0,"turns":6.0},{"damage":4.0,"enemies":"Blue Slaver","floor":10.0,"turns":2.0},{"damage":1.0,"enemies":"Looter","floor":11.0,"turns":3.0},{"damage":3.0,"enemies":"Large Slime","floor":12.0,"turns":4.0},{"damage":15.0,"enemies":"Hexaghost","floor":16.0,"turns":9.0},{"damage":35.0,"enemies":"Shell Parasite","floor":18.0,"turns":6.0},{"damage":4.0,"enemies":"Chosen","floor":21.0,"turns":4.0},{"damage":26.0,"enemies":"Slavers","floor":23.0,"turns":5.0},{"damage":24.0,"enemies":"Centurion and Healer","floor":28.0,"turns":6.0},{"damage":24.0,"enemies":"Sentry and Sphere","floor":30.0,"turns":6.0},{"damage":94.0,"enemies":"Collector","floor":33.0,"turns":11.0},{"damage":41.0,"enemies":"3 Darklings","floor":35.0,"turns":7.0},{"damage":20.0,"enemies":"3 Shapes","floor":38.0,"turns":5.0},{"damage":68,"enemies":"Reptomancer","floor":41,"turns":3}],"seed_played":"-2983523403302834764","potions_obtained":[{"floor":5.0,"key":"Ancient Potion"},{"floor":7.0,"key":"Fruit Juice"},{"floor":10.0,"key":"Explosive Potion"},{"floor":12.0,"key":"Regen Potion"},{"floor":18.0,"key":"SkillPotion"},{"floor":21.0,"key":"Swift Potion"},{"floor":23.0,"key":"BloodPotion"},{"floor":28.0,"key":"DistilledChaos"},{"floor":30.0,"key":"Dexterity Potion"},{"floor":33.0,"key":"Explosive Potion"},{"floor":35.0,"key":"Weak Potion"},{"floor":38.0,"key":"LiquidBronze"}],"is_trial":false,"path_per_floor":["M","?","M","M","M","R","E","R","T","M","M","M","R","?","R","B",null,"M","?","?","M","?","E","R","$","T","?","M","$","M","$","R","B",null,"M","?","?","M","T","R","E"],"character_chosen":"IRONCLAD","items_purchased":["Rupture","Shockwave","Combust","Infernal Blade","Pummel","Sword Boomerang","Bandage Up","Metallicize","Flame Barrier","True Grit","Feel No Pain"],"campfire_rested":1,"item_purchase_floors":[0,0,0,0,0,0,25,25,25,25,31],"current_hp_per_floor":[41,41,37,36,36,36,28,28,28,30,35,38,38,38,38,29,67,50,50,50,52,52,44,68,68,68,56,56,56,56,56,56,42,53,56,56,56,53,53,53,0,0],"gold":17,"neow_bonus":"","is_daily":false,"chose_seed":false,"campfire_upgraded":6,"win_rate":0.0,"timestamp":1614403718,"path_taken":["M","?","M","M","M","R","E","R","T","?","?","M","R","?","R","BOSS","M","?","?","M","?","E","R","?","T","?","M","?","M","$","R","BOSS","M","?","?","M","?","R","E"],"items_purchased_type":["Card","Card","Card","Card","Card","Card","Card","Card","Card","Card","Card"],"build_version":"2020-12-22","purchased_purges":4,"victory":false,"max_hp_per_floor":[75,75,75,75,75,75,80,80,80,80,80,80,80,80,80,80,80,80,80,80,80,80,80,80,80,80,56,56,56,56,56,56,56,56,56,56,56,56,56,56,56,56],"card_choices":[{"not_picked":["Cleave","Wild Strike"],"picked":"Metallicize","floor":1.0},{"not_picked":["Reckless Charge","Cleave"],"picked":"Shrug It Off","floor":3.0},{"not_picked":["Dual Wield","Perfected Strike"],"picked":"Iron Wave","floor":4.0},{"not_picked":["Clash","Dark Embrace","Flex"],"picked":"SKIP","floor":5.0},{"not_picked":["Havoc","Clash"],"picked":"Impervious","floor":7.0},{"not_picked":["Spot Weakness","Pommel Strike","Body Slam"],"picked":"SKIP","floor":10.0},{"not_picked":["Burning Pact","Cleave","Whirlwind"],"picked":"SKIP","floor":11.0},{"not_picked":["Perfected Strike","Warcry","Iron Wave"],"picked":"SKIP","floor":12.0},{"not_picked":["Limit Break","Double Tap"],"picked":"Reaper","floor":16.0},{"not_picked":["Havoc"],"picked":"SKIP","floor":18.0},{"not_picked":["Evolve"],"picked":"SKIP","floor":21.0},{"not_picked":[],"picked":"Reaper","floor":23.0},{"not_picked":["Anger"],"picked":"SKIP","floor":28.0},{"not_picked":[],"picked":"Power Through","floor":30.0},{"not_picked":[],"picked":"Juggernaut","floor":33.0},{"not_picked":[],"picked":"Disarm+1","floor":35.0},{"not_picked":["Thunderclap"],"picked":"SKIP","floor":38.0}],"player_experience":1013417,"relics_obtained":[{"floor":7.0,"key":"White Beast Statue"},{"floor":9.0,"key":"MawBank"},{"floor":23.0,"key":"Dream Catcher"},{"floor":26.0,"key":"Regal Pillow"},{"floor":39.0,"key":"Vajra"}],"event_choices":[{"damage_healed":0.0,"max_hp_gain":0.0,"max_hp_loss":0.0,"gold_gain":0.0,"event_name":"WeMeetAgain","player_choice":"Paid Gold","floor":2.0,"gold_loss":93.0,"damage_taken":0.0,"relics_obtained":["Smiling Mask"]},{"damage_healed":0.0,"max_hp_gain":0.0,"max_hp_loss":0.0,"gold_gain":0.0,"event_name":"Living Wall","player_choice":"Grow","floor":14.0,"gold_loss":0.0,"damage_taken":0.0,"cards_upgraded":["Metallicize"]},{"damage_healed":0.0,"max_hp_gain":0.0,"max_hp_loss":0.0,"gold_gain":0.0,"event_name":"The Mausoleum","player_choice":"Opened","floor":19.0,"gold_loss":0.0,"damage_taken":0.0,"relics_obtained":["Dead Branch"],"cards_obtained":["Writhe"]},{"damage_healed":0.0,"max_hp_gain":0.0,"max_hp_loss":0.0,"gold_gain":0.0,"event_name":"Cursed Tome","player_choice":"Ignored","floor":20.0,"gold_loss":0.0,"damage_taken":0.0},{"damage_healed":0.0,"max_hp_gain":0.0,"max_hp_loss":0.0,"gold_gain":50.0,"event_name":"Nest","player_choice":"Stole From Cult","floor":22.0,"gold_loss":0.0,"damage_taken":0.0},{"damage_healed":0.0,"max_hp_gain":0.0,"max_hp_loss":24.0,"gold_gain":0.0,"event_name":"Vampires","player_choice":"Became a vampire","floor":27.0,"gold_loss":0.0,"damage_taken":0.0,"cards_obtained":["Bite","Bite","Bite","Bite","Bite"]},{"damage_healed":0.0,"max_hp_gain":0.0,"max_hp_loss":0.0,"gold_gain":0.0,"event_name":"Mysterious Sphere","player_choice":"Ignored","floor":36.0,"gold_loss":0.0,"damage_taken":0.0},{"damage_healed":0.0,"max_hp_gain":0.0,"max_hp_loss":0.0,"gold_gain":0.0,"event_name":"Tomb of Lord Red Mask","player_choice":"Paid","floor":37.0,"gold_loss":167.0,"damage_taken":0.0,"relics_obtained":["Red Mask"]}],"is_beta":false,"boss_relics":[{"not_picked":["SacredBark","SlaversCollar"],"picked":"Busted Crown"},{"not_picked":["Runic Dome","Tiny House"],"picked":"Empty Cage"}],"items_purged_floors":[0,0,25,29],"is_endless":false,"potions_floor_spawned":[5,7,10,11,12,16,18,21,23,28,30,33,35,38],"killed_by":"Reptomancer","ascension_level":20}}