{"host":"bxn2em57qlx5u4i0","time":1614384389,"event":{"mods":["BaseMod","Colored Map","Colored Powertips","Highlight Path","Minty Spire (QoL Compilation)","Random Character Button","Relic Sorter","Relic Stats","StSLib","SuperFastMode"],"gold_per_floor":[111,111,111,111,126,126,159,234,258,258,297,311,311,2,2,92,92,117,117,117,117,133,133,147,182,182,216,216,239,239,280,280,280,280],"floor_reached":33,"language":"ENG","playtime":806,"items_purged":["Strike_G"],"score":718,"play_id":"96ee765c-0ef6-4c7a-b8d7-a0331d02068e","local_time":"20210226190629","is_ascension_mode":true,"campfire_choices":[{"data":"Dagger Throw","floor":6,"key":"SMITH"},{"data":"Neutralize","floor":13,"key":"SMITH"},{"data":"A Thousand Cuts","floor":15,"key":"SMITH"},{"floor":23,"key":"REST"},{"data":"Footwork","floor":28,"key":"SMITH"},{"floor":30,"key":"REST"},{"data":"Calculated Gamble","floor":32,"key":"SMITH"}],"circlet_count":0,"master_deck":["AscendersBane","Strike_G","Strike_G","Strike_G","Defend_G","Defend_G","Defend_G","Defend_G","Defend_G","Survivor","Neutralize+1","Predator+1","Dagger Throw+1","Glass Knife","Endless Agony","Calculated Gamble+1","A Thousand Cuts+1","After Image","Footwork+1","Necronomicurse","PiercingWail"],"relics":["Ring of the Snake","NeowsBlessing","Unceasing Top","Snake Skull","Golden Idol","HornCleat","Membership Card","Philosopher\u0027s Stone","Necronomicon","Strawberry","Mummified Hand","Happy Flower","Bottled Lightning"],"acts_visited":["Exordium","TheCity"],"potions_floor_usage":[11,25,27,29],"damage_taken":[{"damage":0,"enemies":"Small Slimes","floor":1,"turns":1},{"damage":0,"enemies":"2 Louse","floor":5,"turns":1},{"damage":0,"enemies":"Lagavulin","floor":7,"turns":1},{"damage":22,"enemies":"3 Sentries","floor":11,"turns":8},{"damage":1,"enemies":"Jaw Worm","floor":12,"turns":2},{"damage":16,"enemies":"The Guardian","floor":16,"turns":14},{"damage":14,"enemies":"Shell Parasite","floor":18,"turns":5},{"damage":0,"enemies":"Chosen","floor":22,"turns":3},{"damage":13,"enemies":"Centurion and Healer","floor":24,"turns":6},{"damage":11,"enemies":"Gremlin Leader","floor":25,"turns":5},{"damage":3,"enemies":"Slavers","floor":27,"turns":3},{"damage":4,"enemies":"Snake Plant","floor":29,"turns":5},{"damage":0,"enemies":"Book of Stabbing","floor":31,"turns":4},{"damage":33,"enemies":"Champ","floor":33,"turns":11}],"seed_played":"-6036880321523612170","potions_obtained":[{"floor":7,"key":"AttackPotion"},{"floor":18,"key":"CunningPotion"},{"floor":25,"key":"Swift Potion"}],"is_trial":false,"path_per_floor":["M","?","?","?","M","R","E","?","T","?","E","M","R","$","R","B",null,"M","?","?","?","M","R","M","E","T","E","R","M","R","E","R","B"],"character_chosen":"THE_SILENT","items_purchased":["Membership Card","A Thousand Cuts","Block Potion"],"campfire_rested":2,"item_purchase_floors":[14,14,14],"current_hp_per_floor":[59,52,57,57,57,57,57,46,46,46,24,23,23,23,23,7,50,36,36,36,15,15,34,21,17,17,14,14,10,31,31,31,0,0],"gold":280,"neow_bonus":"THREE_ENEMY_KILL","is_daily":false,"chose_seed":false,"campfire_upgraded":5,"win_rate":0.0,"timestamp":1614384389,"path_taken":["M","?","?","?","M","R","E","?","T","?","E","M","R","$","R","BOSS","M","?","?","?","?","R","M","E","T","E","R","M","R","E","R","BOSS"],"items_purchased_type":["Relic","Card","Potion"],"build_version":"2020-12-22","purchased_purges":1,"victory":false,"max_hp_per_floor":[66,66,71,71,71,71,71,71,71,64,64,64,64,64,64,64,64,64,64,64,64,64,64,64,71,71,71,71,71,71,71,71,71,71],"relic_stats":{"Happy Flower":[6],"counters":[14,69],"Golden Idol":67,"Mummified Hand":[11],"Snake Skull":[0],"Necronomicon":[14],"obtain_stats":[{"NeowsBlessing":0,"Happy Flower":27,"Golden Idol":10,"Snake Skull":9,"HornCleat":11,"Mummified Hand":26,"Strawberry":25,"Philosopher\u0027s Stone":17,"Necronomicon":21,"Membership Card":14,"Bottled Lightning":31,"Unceasing Top":7,"Ring of the Snake":0},{"NeowsBlessing":0,"Happy Flower":11,"Golden Idol":3,"Snake Skull":3,"HornCleat":4,"Mummified Hand":10,"Strawberry":10,"Philosopher\u0027s Stone":6,"Necronomicon":7,"Membership Card":5,"Bottled Lightning":13,"Unceasing Top":3,"Ring of the Snake":0},{"NeowsBlessing":0,"Happy Flower":49,"Golden Idol":3,"Snake Skull":3,"HornCleat":11,"Mummified Hand":46,"Strawberry":46,"Philosopher\u0027s Stone":27,"Necronomicon":32,"Membership Card":13,"Bottled Lightning":58,"Unceasing Top":3,"Ring of the Snake":0}],"Unceasing Top":[9],"Ring of the Snake":[31]},"card_choices":[{"not_picked":["Underhanded Strike","Bane"],"picked":"Predator","floor":1},{"not_picked":["Cloak And Dagger","Deflect"],"picked":"Dagger Throw","floor":5},{"not_picked":["Setup","Dagger Spray"],"picked":"Glass Knife","floor":7},{"not_picked":["Dagger Throw","Finisher"],"picked":"Endless Agony","floor":11},{"not_picked":["Dagger Spray","Backflip"],"picked":"Calculated Gamble","floor":12},{"not_picked":["Phantasmal Killer","Venomology"],"picked":"After Image","floor":16},{"not_picked":["Cloak And Dagger","Choke"],"picked":"Footwork","floor":18},{"not_picked":["Flechettes","Distraction"],"picked":"PiercingWail","floor":22},{"not_picked":["Well Laid Plans","Bane+1","Riddle With Holes"],"picked":"SKIP","floor":24},{"not_picked":["Outmaneuver","Prepared","Masterful Stab"],"picked":"SKIP","floor":25},{"not_picked":["Backstab","Heel Hook+1","Accuracy"],"picked":"SKIP","floor":27},{"not_picked":["Quick Slash","Eviscerate","Predator"],"picked":"SKIP","floor":29},{"not_picked":["Underhanded Strike","Dagger Throw","Eviscerate+1"],"picked":"SKIP","floor":31}],"player_experience":3060586,"relics_obtained":[{"floor":7,"key":"Unceasing Top"},{"floor":9,"key":"Snake Skull"},{"floor":11,"key":"HornCleat"},{"floor":21,"key":"Necronomicon"},{"floor":25,"key":"Strawberry"},{"floor":26,"key":"Mummified Hand"},{"floor":27,"key":"Happy Flower"},{"floor":31,"key":"Bottled Lightning"}],"event_choices":[{"cards_removed":["Strike_G"],"damage_healed":0,"gold_gain":0,"player_choice":"Card Removal","damage_taken":7,"max_hp_gain":0,"max_hp_loss":0,"event_name":"Golden Wing","floor":2,"gold_loss":0},{"damage_healed":0,"gold_gain":0,"player_choice":"Donut","damage_taken":0,"max_hp_gain":5,"max_hp_loss":0,"event_name":"Big Fish","floor":3,"gold_loss":0},{"damage_healed":0,"gold_gain":0,"player_choice":"Grow","damage_taken":0,"max_hp_gain":0,"max_hp_loss":0,"event_name":"Living Wall","floor":4,"gold_loss":0,"cards_upgraded":["Predator"]},{"damage_healed":0,"gold_gain":75,"player_choice":"Gather Gold","damage_taken":11,"max_hp_gain":0,"max_hp_loss":0,"event_name":"World of Goop","floor":8,"gold_loss":0},{"damage_healed":0,"gold_gain":0,"player_choice":"Lose Max HP","damage_taken":0,"relics_obtained":["Golden Idol"],"max_hp_gain":0,"max_hp_loss":7,"event_name":"Golden Idol","floor":10,"gold_loss":0},{"damage_healed":0,"gold_gain":0,"player_choice":"Ignored","damage_taken":0,"max_hp_gain":0,"max_hp_loss":0,"event_name":"Vampires","floor":19,"gold_loss":0},{"damage_healed":0,"gold_gain":0,"player_choice":"Ignored","damage_taken":0,"max_hp_gain":0,"max_hp_loss":0,"event_name":"The Mausoleum","floor":20,"gold_loss":0},{"damage_healed":0,"gold_gain":0,"player_choice":"Obtained Book","damage_taken":21,"max_hp_gain":0,"max_hp_loss":0,"event_name":"Cursed Tome","floor":21,"gold_loss":0}],"is_beta":false,"boss_relics":[{"not_picked":["Ectoplasm","Velvet Choker"],"picked":"Philosopher\u0027s Stone"}],"items_purged_floors":[14],"is_endless":false,"potions_floor_spawned":[7,18,22,25],"killed_by":"Champ","ascension_level":20}}