{"host":"wbs0wzz0alz01mnq","time":1614459579,"event":{"mods":["2.2 Compatiblity","AchievementEnabler","BaseMod","Bestiary","Colored Map","Colored Powertips","Curses Come First","Dark Map","DeckTracker","GifTheSpireLib","Googly Eyes","Highlight Path","Minty Spire (QoL Compilation)","Morshu Shopkeeper - ENHANCED","Permanent Neow","Quick Restart","RNG Fix","Rare Cards Sparkle","Relic Stats","Smile Girya","StSLib","UnlockEverythingMod","Waifu the Spire","Weighted Paths","thorton"],"gold_per_floor":[115,40,40,52,15,15,56,56,82,113,113,162,217,267,267,410,482,508,552,552,552],"floor_reached":19,"language":"ENG","playtime":1237,"items_purged":["Normality"],"score":183,"play_id":"97e7d874-714c-4c18-887e-96c3de01e378","local_time":"20210227155939","is_ascension_mode":false,"campfire_choices":[{"data":"thethorton:BookBash","floor":6,"key":"SMITH"},{"floor":8,"key":"REST"},{"floor":15,"key":"REST"}],"circlet_count":0,"master_deck":["thethorton:Heckle+1","thethorton:CreditCard","thethorton:BoardroomBlast","thethorton:BookBash+1","thethorton:CoinShield","thethorton:Hindsight","thethorton:Crash","thethorton:Portfolio","thethorton:AngerMoment","thethorton:SellShort","thethorton:SeeingDouble","thethorton:Crash","thethorton:DodgeAndRollAndRun","thethorton:MidnightStrike","thethorton:GemGun","thethorton:MomentaryBreak","thethorton:ScalingIsWin","thethorton:GemGun","thethorton:DoubleRun+1","thethorton:MomentaryBreak"],"relics":["thethorton:CouragePotion","Gambling Chip","Lantern","CeramicFish","Art of War","Pandora\u0027s Box"],"acts_visited":["Exordium","TheCity"],"potions_floor_usage":[7,7,14],"damage_taken":[{"damage":10,"enemies":"Cultist","floor":1,"turns":5},{"damage":0,"enemies":"2 Louse","floor":4,"turns":2},{"damage":26,"enemies":"3 Sentries","floor":7,"turns":7},{"damage":0,"enemies":"Jaw Worm","floor":10,"turns":3},{"damage":7,"enemies":"Gremlin Nob","floor":12,"turns":3},{"damage":10,"enemies":"Lagavulin","floor":14,"turns":4},{"damage":37,"enemies":"Slime Boss","floor":16,"turns":12},{"damage":72,"enemies":"3 Byrds","floor":18,"turns":8},{"damage":20,"enemies":"Spheric Guardian","floor":19,"turns":3}],"seed_played":"-6785340659651757349","potions_obtained":[{"floor":1,"key":"SteroidPotion"},{"floor":4,"key":"SkillPotion"},{"floor":10,"key":"SteroidPotion"},{"floor":16,"key":"Strength Potion"}],"is_trial":false,"path_per_floor":["M","$","?","M","$","R","E","R","T","M","?","E","?","E","R","B",null,"M","M"],"character_chosen":"THE_THORT","items_purchased":["thethorton:CoinShield"],"campfire_rested":2,"item_purchase_floors":[5],"current_hp_per_floor":[52,52,52,52,52,52,26,50,50,50,34,27,27,17,41,4,80,11,0,0,0],"gold":552,"neow_bonus":"TWENTY_PERCENT_HP_BONUS","is_daily":false,"chose_seed":false,"campfire_upgraded":1,"win_rate":0.0,"timestamp":1614459579,"path_taken":["M","$","?","M","?","R","E","R","T","M","?","E","?","E","R","BOSS","M","M"],"items_purchased_type":["Card"],"build_version":"2020-12-22","purchased_purges":1,"victory":false,"max_hp_per_floor":[80,80,80,80,80,80,80,80,80,80,80,80,80,80,80,80,80,80,80,80,80],"relic_stats":{"counters":[9,47],"Gambling Chip":[16],"CeramicFish":117,"Pandora\u0027s Box":["thethorton:SeeingDouble","thethorton:Crash","thethorton:DodgeAndRollAndRun","thethorton:MidnightStrike","thethorton:GemGun","thethorton:MomentaryBreak","thethorton:ScalingIsWin","thethorton:GemGun"],"Art of War":[5],"obtain_stats":[{"Lantern":9,"Gambling Chip":7,"CeramicFish":12,"Pandora\u0027s Box":17,"thethorton:CouragePotion":0,"Art of War":14},{"Lantern":3,"Gambling Chip":3,"CeramicFish":5,"Pandora\u0027s Box":7,"thethorton:CouragePotion":0,"Art of War":6},{"Lantern":14,"Gambling Chip":14,"CeramicFish":20,"Pandora\u0027s Box":36,"thethorton:CouragePotion":0,"Art of War":24}]},"card_choices":[{"not_picked":["thethorton:AngerMoment","thethorton:RunningKick"],"picked":"thethorton:BoardroomBlast","floor":1},{"not_picked":["thethorton:MomentaryBreak","thethorton:ElbowSmash"],"picked":"thethorton:BookBash","floor":4},{"not_picked":["thethorton:DownPayment","thethorton:FearfulRun"],"picked":"thethorton:Hindsight","floor":7},{"not_picked":["thethorton:BookBash","thethorton:Distance"],"picked":"thethorton:Crash","floor":10},{"not_picked":["thethorton:ChartProject","thethorton:Distance"],"picked":"thethorton:Portfolio","floor":12},{"not_picked":["thethorton:CashBash","thethorton:WhirlingBriefcase"],"picked":"thethorton:AngerMoment","floor":14},{"not_picked":["thethorton:EquivalentExchange","thethorton:DodgeAndRollAndRun"],"picked":"thethorton:SellShort","floor":16},{"not_picked":["thethorton:FocusStrength","thethorton:CoinClash"],"picked":"thethorton:DoubleRun+1","floor":18}],"player_experience":62682,"relics_obtained":[{"floor":7,"key":"Gambling Chip"},{"floor":9,"key":"Lantern"},{"floor":12,"key":"CeramicFish"},{"floor":14,"key":"Art of War"}],"event_choices":[{"damage_healed":0,"gold_gain":0,"player_choice":"Grow","damage_taken":0,"max_hp_gain":0,"max_hp_loss":0,"event_name":"Living Wall","floor":3,"gold_loss":0,"cards_upgraded":["thethorton:Heckle"]},{"damage_healed":0,"gold_gain":0,"player_choice":"Entered Light","damage_taken":16,"max_hp_gain":0,"max_hp_loss":0,"event_name":"Shining Light","floor":11,"gold_loss":0,"cards_upgraded":["thethorton:Defend","thethorton:Strike"]},{"damage_healed":0,"gold_gain":55,"player_choice":"Gained Gold","damage_taken":0,"max_hp_gain":0,"max_hp_loss":0,"event_name":"Golden Wing","floor":13,"gold_loss":0}],"is_beta":false,"boss_relics":[{"not_picked":["Runic Dome","Cursed Key"],"picked":"Pandora\u0027s Box"}],"items_purged_floors":[2],"is_endless":false,"potions_floor_spawned":[1,4,10,16],"killed_by":"Spheric Guardian","ascension_level":0}}