{"host":"or8fr2mp0k3eluj8","time":1614418733,"event":{"mods":["AchievementEnabler","BaseMod","Colored Map","DeckTracker","Keyboard Shortcuts","Minty Spire (QoL Compilation)","StSLib","SuperFastMode","everything is the same but u backflip on backflip"],"gold_per_floor":[119,119,119,119,129,157,157,46,46,46,46,46,66,99,99,194,194,184,184,198,211,111,111,111],"floor_reached":23,"language":"KOR","playtime":624,"items_purged":["Defend_B","Strike_B"],"score":244,"play_id":"c1650e0e-5e5d-4486-9ebb-7f85d2e48ba2","local_time":"20210227183853","is_ascension_mode":true,"campfire_choices":[{"data":"Zap","floor":7,"key":"SMITH"},{"data":"Dualcast","floor":10,"key":"SMITH"},{"data":"Gash","floor":12,"key":"SMITH"},{"data":"Cold Snap","floor":15,"key":"SMITH"}],"circlet_count":0,"master_deck":["Strike_B","Strike_B","Defend_B","Defend_B","Defend_B","Zap+1","Dualcast+1","Sweeping Beam","Self Repair","Gash+1","Glacier","Cold Snap+1","Capacitor","Cold Snap+1","Coolheaded","Barrage+1"],"relics":["Cracked Core","NeowsBlessing","HornCleat","Nunchaku","Bottled Flame","Emotion Chip","Black Star"],"acts_visited":["Exordium","TheCity"],"potions_floor_usage":[],"damage_taken":[{"damage":0,"enemies":"2 Louse","floor":1,"turns":1},{"damage":0,"enemies":"Jaw Worm","floor":5,"turns":1},{"damage":0,"enemies":"Gremlin Nob","floor":6,"turns":1},{"damage":0,"enemies":"Cultist","floor":13,"turns":4},{"damage":7,"enemies":"3 Sentries","floor":14,"turns":6},{"damage":23,"enemies":"The Guardian","floor":16,"turns":11},{"damage":9,"enemies":"2 Thieves","floor":18,"turns":4},{"damage":8,"enemies":"Spheric Guardian","floor":20,"turns":6},{"damage":34,"enemies":"Cultist and Chosen","floor":21,"turns":7},{"damage":64,"enemies":"Gremlin Leader","floor":23,"turns":10}],"seed_played":"-7450191571923855959","potions_obtained":[{"floor":5,"key":"GamblersBrew"},{"floor":14,"key":"Ancient Potion"},{"floor":16,"key":"Energy Potion"},{"floor":18,"key":"FocusPotion"}],"is_trial":false,"path_per_floor":["M","?","?","?","M","E","R","$","T","R","$","R","M","E","R","B",null,"M","?","M","M","$","E"],"character_chosen":"DEFECT","items_purchased":["Glacier"],"campfire_rested":0,"item_purchase_floors":[8],"current_hp_per_floor":[75,80,80,62,62,62,62,62,62,62,62,62,69,69,69,53,80,78,78,77,50,50,0,0],"gold":111,"neow_bonus":"THREE_ENEMY_KILL","is_daily":false,"chose_seed":false,"campfire_upgraded":4,"win_rate":0.0,"timestamp":1614418733,"path_taken":["M","?","?","?","?","E","R","?","T","R","$","R","M","E","R","BOSS","M","?","?","M","$","E"],"items_purchased_type":["Card"],"build_version":"2020-12-22","purchased_purges":2,"victory":false,"max_hp_per_floor":[75,80,80,80,80,80,80,80,80,80,80,80,80,80,80,80,80,80,80,80,80,80,80,80],"card_choices":[{"not_picked":["Gash","Beam Cell"],"picked":"Sweeping Beam","floor":1},{"not_picked":["Conserve Battery","Hologram"],"picked":"Self Repair","floor":5},{"not_picked":["Compile Driver","Scrape"],"picked":"Gash","floor":6},{"not_picked":["Barrage","Electrodynamics"],"picked":"Cold Snap","floor":13},{"not_picked":["Hologram","Creative AI"],"picked":"Capacitor","floor":14},{"not_picked":["Compile Driver","Leap"],"picked":"Cold Snap","floor":18},{"not_picked":["Steam+1","Heatsinks"],"picked":"Coolheaded","floor":20},{"not_picked":["Core Surge","FTL"],"picked":"Barrage+1","floor":21}],"player_experience":479550,"relics_obtained":[{"floor":6,"key":"Nunchaku"},{"floor":9,"key":"Bottled Flame"},{"floor":14,"key":"Emotion Chip"}],"event_choices":[{"damage_healed":0,"gold_gain":0,"player_choice":"Donut","damage_taken":0,"max_hp_gain":5,"max_hp_loss":0,"event_name":"Big Fish","floor":2,"gold_loss":0},{"cards_removed":["Strike_B"],"damage_healed":0,"gold_gain":0,"player_choice":"Forget","damage_taken":0,"max_hp_gain":0,"max_hp_loss":0,"event_name":"Living Wall","floor":3,"gold_loss":0},{"damage_healed":0,"gold_gain":0,"player_choice":"Success","damage_taken":18,"relics_obtained":["HornCleat"],"max_hp_gain":0,"max_hp_loss":0,"event_name":"Scrap Ooze","floor":4,"gold_loss":0},{"damage_healed":0,"gold_gain":0,"player_choice":"Upgraded","damage_taken":0,"max_hp_gain":0,"max_hp_loss":0,"event_name":"Upgrade Shrine","floor":19,"gold_loss":0,"cards_upgraded":["Cold Snap"]}],"is_beta":false,"boss_relics":[{"not_picked":["Runic Dome","Fusion Hammer"],"picked":"Black Star"}],"items_purged_floors":[8,22],"is_endless":false,"potions_floor_spawned":[5,14,16,18],"killed_by":"Gremlin Leader","ascension_level":2}}