{"host":"h053bmw6xomhy8md","time":1614455900,"event":{"mods":["AchievementEnabler","BaseMod","Colored Map","Colored Powertips","Highlight Path","Minty Spire (QoL Compilation)"],"gold_per_floor":[109,124,136,154,169,169,204,204,273,273,50,50,68,84,84,184,184,194,73,73,87,104,104,131,131,154,183,199,234,245,170,170,272,272,283,9,29,78,78,112,124,153,165,203,215,253,265,28,28,28,28,28,28,55,55,55],"floor_reached":55,"language":"ENG","playtime":5919,"items_purged":["Decay","Defend_P"],"score":986,"play_id":"c6a256bc-908b-438f-b11f-a0e4b1efb8ad","local_time":"20210227145820","is_ascension_mode":true,"campfire_choices":[{"data":"Eruption","floor":6.0,"key":"SMITH"},{"data":"Pray","floor":8.0,"key":"SMITH"},{"data":"Worship","floor":10.0,"key":"SMITH"},{"data":"Secret Technique","floor":15,"key":"SMITH"},{"data":"Scrawl","floor":23,"key":"SMITH"},{"data":"Scrawl","floor":25,"key":"SMITH"},{"data":"Study","floor":32,"key":"SMITH"},{"floor":41,"key":"RECALL"},{"data":"Devotion","floor":45,"key":"SMITH"},{"data":"Vault","floor":49,"key":"SMITH"},{"data":"Worship","floor":52,"key":"SMITH"}],"circlet_count":0,"master_deck":["Strike_P","Strike_P","Defend_P","Defend_P","Defend_P","Eruption+1","Vigilance","Consecrate","Pray+1","Worship+1","InnerPeace","Tantrum","Study+1","Secret Technique+1","SashWhip+1","Scrawl+1","Scrawl+1","Prostrate","Ghostly","Ghostly","Ghostly","Ghostly","Ghostly","FearNoEvil+1","Indignation","Prostrate","Brilliance+1","Worship+1","Prostrate+1","Devotion+1","Vault+1"],"relics":["PureWater","CaptainsWheel","Pen Nib","Meat on the Bone","Molten Egg 2","Philosopher\u0027s Stone","Ginger","Vajra","Bag of Marbles","Pantograph","VioletLotus","StoneCalendar","MawBank","Torii","Orichalcum","HornCleat","Bottled Tornado"],"acts_visited":["Exordium","TheCity","TheBeyond","TheEnding"],"potions_floor_usage":[13,29,55],"damage_taken":[{"damage":0.0,"enemies":"Cultist","floor":1.0,"turns":3.0},{"damage":0.0,"enemies":"2 Louse","floor":2.0,"turns":2.0},{"damage":0.0,"enemies":"Small Slimes","floor":3.0,"turns":1.0},{"damage":2.0,"enemies":"Looter","floor":4.0,"turns":2.0},{"damage":6.0,"enemies":"Blue Slaver","floor":5.0,"turns":5.0},{"damage":23.0,"enemies":"Lagavulin","floor":7.0,"turns":7.0},{"damage":7,"enemies":"Lots of Slimes","floor":13,"turns":3},{"damage":9,"enemies":"Looter","floor":14,"turns":3},{"damage":3,"enemies":"Slime Boss","floor":16,"turns":4},{"damage":4,"enemies":"Chosen","floor":18,"turns":4},{"damage":0,"enemies":"3 Byrds","floor":21,"turns":5},{"damage":2,"enemies":"Shelled Parasite and Fungi","floor":22,"turns":2},{"damage":1,"enemies":"Slavers","floor":24,"turns":6},{"damage":0,"enemies":"Gremlin Leader","floor":27,"turns":3},{"damage":0,"enemies":"Snecko","floor":28,"turns":2},{"damage":8,"enemies":"Book of Stabbing","floor":29,"turns":3},{"damage":0,"enemies":"3 Cultists","floor":30,"turns":3},{"damage":19,"enemies":"Champ","floor":33,"turns":6},{"damage":0,"enemies":"Orb Walker","floor":35,"turns":2},{"damage":6,"enemies":"3 Shapes","floor":37,"turns":3},{"damage":0,"enemies":"2 Orb Walkers","floor":38,"turns":3},{"damage":0,"enemies":"Reptomancer","floor":40,"turns":3},{"damage":1,"enemies":"Transient","floor":42,"turns":5},{"damage":0,"enemies":"Giant Head","floor":44,"turns":4},{"damage":0,"enemies":"Reptomancer","floor":46,"turns":2},{"damage":69,"enemies":"Time Eater","floor":50,"turns":11},{"damage":43,"enemies":"Shield and Spear","floor":54,"turns":7},{"damage":118,"enemies":"The Heart","floor":55,"turns":9}],"seed_played":"3427727808509886323","potions_obtained":[{"floor":1.0,"key":"SkillPotion"},{"floor":4.0,"key":"FairyPotion"},{"floor":7.0,"key":"Ambrosia"},{"floor":14,"key":"StancePotion"},{"floor":16,"key":"FairyPotion"},{"floor":33,"key":"GamblersBrew"},{"floor":54,"key":"Weak Potion"}],"is_trial":false,"path_per_floor":["M","M","M","M","M","R","E","R","T","R","$","T","M","M","R","B",null,"M","$","?","M","M","R","E","R","T","E","M","E","M","?","R","B",null,"M","$","M","?","?","E","R","M","T","E","R","E","?","$","R","B",null,"R","$","E","B"],"character_chosen":"WATCHER","items_purchased":["Study","Secret Technique","Prostrate","FairyPotion","Worship","HornCleat"],"campfire_rested":0,"item_purchase_floors":[11,11,19,36,36,48],"current_hp_per_floor":[72,72,72,70,64,64,41,41,41,41,41,41,46,37,37,46,72,68,68,36,36,34,34,33,33,33,33,33,25,25,25,25,29,36,36,36,30,30,30,30,30,29,29,29,29,29,29,29,29,22,34,34,34,22,0,0],"gold":55,"neow_bonus":"ONE_RARE_RELIC","is_daily":false,"chose_seed":false,"campfire_upgraded":10,"win_rate":0.0,"timestamp":1614455900,"path_taken":["M","M","M","M","?","R","E","R","T","R","$","?","M","M","R","BOSS","M","$","?","M","M","R","E","R","T","E","M","E","M","?","R","BOSS","M","$","M","?","?","E","R","M","T","E","R","E","?","?","R","BOSS","R","$","E","BOSS"],"items_purchased_type":["Card","Card","Card","Potion","Card","Relic"],"build_version":"2020-12-22","purchased_purges":2,"victory":false,"max_hp_per_floor":[72,72,72,72,72,72,72,72,72,72,72,72,72,72,72,72,72,72,72,36,36,36,36,36,36,36,36,36,36,36,36,36,36,36,36,36,36,36,34,34,34,34,34,34,34,34,34,34,34,34,34,34,34,34,34,34],"card_choices":[{"not_picked":["ThirdEye","FlurryOfBlows"],"picked":"Consecrate","floor":1.0},{"not_picked":["Evaluate","Consecrate"],"picked":"Pray","floor":2.0},{"not_picked":["FlurryOfBlows","SashWhip"],"picked":"Worship","floor":3.0},{"not_picked":["Fasting2","FlurryOfBlows"],"picked":"InnerPeace","floor":4.0},{"not_picked":["Protect","InnerPeace"],"picked":"Tantrum","floor":5.0},{"not_picked":["EmptyFist","FollowUp","FlyingSleeves"],"picked":"SKIP","floor":7.0},{"not_picked":["JustLucky+1","EmptyFist+1"],"picked":"SashWhip+1","floor":13},{"not_picked":["ThirdEye","CarveReality+1"],"picked":"Scrawl","floor":14},{"not_picked":["Omniscience","Ragnarok+1"],"picked":"Scrawl","floor":16},{"not_picked":["PathToVictory","Study","TalkToTheHand+1"],"picked":"SKIP","floor":18},{"not_picked":["ClearTheMind","JustLucky+1"],"picked":"FearNoEvil+1","floor":21},{"not_picked":["ConjureBlade","FearNoEvil+1","WreathOfFlame"],"picked":"SKIP","floor":22},{"not_picked":["SashWhip+1","Consecrate+1"],"picked":"Indignation","floor":24},{"not_picked":["JustLucky+1","EmptyMind+1","DeceiveReality+1"],"picked":"SKIP","floor":27},{"not_picked":["Evaluate","Halt+1"],"picked":"Prostrate","floor":28},{"not_picked":["FlyingSleeves+1","JustLucky+1","EmptyMind"],"picked":"SKIP","floor":29},{"not_picked":["EmptyFist+1","CrushJoints+1","FollowUp+1"],"picked":"SKIP","floor":30},{"not_picked":["Blasphemy","DevaForm"],"picked":"Brilliance+1","floor":33},{"not_picked":["Collect+1","Evaluate","ClearTheMind"],"picked":"SKIP","floor":35},{"not_picked":["Sanctity","SandsOfTime+1"],"picked":"Prostrate+1","floor":37},{"not_picked":["PathToVictory","Pray+1"],"picked":"Devotion","floor":38},{"not_picked":["CrushJoints+1","ThirdEye+1","SashWhip+1"],"picked":"SKIP","floor":40},{"not_picked":["SashWhip+1","ThirdEye+1","Study+1"],"picked":"SKIP","floor":42},{"not_picked":["FlyingSleeves+1","Consecrate+1","FollowUp+1"],"picked":"SKIP","floor":44},{"not_picked":["Weave+1","Meditate"],"picked":"Vault","floor":46},{"not_picked":["TalkToTheHand+1","Nirvana+1","JustLucky+1"],"picked":"SKIP","floor":54}],"player_experience":31763,"relics_obtained":[{"floor":7.0,"key":"Pen Nib"},{"floor":9.0,"key":"Meat on the Bone"},{"floor":12.0,"key":"Molten Egg 2"},{"floor":24,"key":"Ginger"},{"floor":26,"key":"Vajra"},{"floor":27,"key":"Bag of Marbles"},{"floor":29,"key":"Pantograph"},{"floor":38,"key":"StoneCalendar"},{"floor":40,"key":"MawBank"},{"floor":44,"key":"Torii"},{"floor":46,"key":"Orichalcum"},{"floor":54,"key":"Bottled Tornado"}],"event_choices":[{"damage_healed":0,"gold_gain":0,"player_choice":"Became a Ghost","damage_taken":0,"max_hp_gain":0,"max_hp_loss":36,"event_name":"Ghosts","floor":20,"gold_loss":0,"cards_obtained":["Ghostly","Ghostly","Ghostly","Ghostly","Ghostly"]},{"cards_removed":["Strike_P"],"damage_healed":0,"gold_gain":0,"player_choice":"Gave Gold","damage_taken":0,"max_hp_gain":0,"max_hp_loss":0,"event_name":"Beggar","floor":31,"gold_loss":75},{"damage_healed":0,"gold_gain":0,"player_choice":"Fight","damage_taken":0,"max_hp_gain":0,"max_hp_loss":0,"event_name":"Mysterious Sphere","floor":38,"gold_loss":0},{"damage_healed":0,"gold_gain":0,"player_choice":"Max HP","damage_taken":0,"max_hp_gain":0,"max_hp_loss":2,"event_name":"Winding Halls","floor":39,"gold_loss":0},{"cards_removed":["Strike_P"],"damage_healed":0,"gold_gain":0,"player_choice":"Removed Attack","damage_taken":0,"max_hp_gain":0,"max_hp_loss":0,"event_name":"Falling","floor":47,"gold_loss":0}],"is_beta":false,"boss_relics":[{"not_picked":["Black Star","Ectoplasm"],"picked":"Philosopher\u0027s Stone"},{"not_picked":["Cursed Key","Empty Cage"],"picked":"VioletLotus"}],"items_purged_floors":[19,36],"is_endless":false,"potions_floor_spawned":[1,4,7,14,16,18,24,27,28,33,37,38,46,54],"killed_by":"The Heart","ascension_level":1}}