{"host":"3fq4qkq16k5wd7va","time":1614442293,"event":{"mods":["BaseMod","Better Match","Googly Eyes","Minty Spire (QoL Compilation)","StSLib"],"gold_per_floor":[111,186,200,216,235,267,267,45,70,70,70,70,88,98,98,201,201,176,192,192,207,107,107,107,107],"floor_reached":24,"language":"ENG","playtime":1076,"items_purged":["Strike_R","Strike_R"],"score":218,"play_id":"172cffc5-7628-4700-9a78-8ef83a12aba5","local_time":"20210228031133","is_ascension_mode":true,"campfire_choices":[{"floor":7,"key":"REST"},{"data":"Limit Break","floor":10,"key":"SMITH"},{"data":"True Grit","floor":15,"key":"SMITH"},{"data":"Entrench","floor":23,"key":"SMITH"}],"circlet_count":0,"master_deck":["Strike_R+1","Strike_R","Defend_R","Defend_R","Defend_R","Defend_R+1","Bash","Impervious","True Grit+1","Entrench+1","Shockwave","Limit Break+1","Body Slam","Demon Form","Feed","Power Through"],"relics":["Burning Blood","Regal Pillow","Vajra","Lantern","Velvet Choker"],"acts_visited":["Exordium","TheCity"],"potions_floor_usage":[1,6,24],"damage_taken":[{"damage":12,"enemies":"2 Louse","floor":1,"turns":3},{"damage":8,"enemies":"Jaw Worm","floor":3,"turns":6},{"damage":1,"enemies":"Cultist","floor":4,"turns":3},{"damage":14,"enemies":"2 Fungi Beasts","floor":5,"turns":6},{"damage":43,"enemies":"Lagavulin","floor":6,"turns":8},{"damage":9,"enemies":"Looter","floor":13,"turns":4},{"damage":10,"enemies":"Large Slime","floor":14,"turns":6},{"damage":32,"enemies":"The Guardian","floor":16,"turns":13},{"damage":30,"enemies":"2 Thieves","floor":18,"turns":5},{"damage":20,"enemies":"Shell Parasite","floor":19,"turns":6},{"damage":43,"enemies":"3 Cultists","floor":21,"turns":6},{"damage":29,"enemies":"Cultist and Chosen","floor":24,"turns":8}],"seed_played":"-3091887756343750824","potions_obtained":[{"floor":1,"key":"Fruit Juice"},{"floor":3,"key":"FairyPotion"},{"floor":4,"key":"Explosive Potion"},{"floor":21,"key":"Block Potion"}],"is_trial":false,"path_per_floor":["M","?","M","M","M","E","R","$","T","R","?","?","M","M","R","B",null,"M","M","?","M","$","R","M"],"character_chosen":"IRONCLAD","items_purchased":["Vajra"],"campfire_rested":1,"item_purchase_floors":[8],"current_hp_per_floor":[71,60,58,63,55,18,56,56,56,56,56,41,38,34,34,8,77,53,39,39,28,28,28,0,0],"gold":107,"neow_bonus":"THREE_RARE_CARDS","is_daily":false,"chose_seed":false,"campfire_upgraded":3,"win_rate":0.0,"timestamp":1614442293,"path_taken":["M","?","M","M","M","E","R","$","T","R","?","?","M","M","R","BOSS","M","M","?","M","$","R","M"],"items_purchased_type":["Relic"],"build_version":"2020-12-22","purchased_purges":2,"victory":false,"max_hp_per_floor":[77,77,77,77,77,77,77,77,77,77,77,77,77,77,77,77,77,77,77,77,80,80,80,80,80],"card_choices":[{"not_picked":["Corruption","Reaper"],"picked":"Impervious","floor":0},{"not_picked":["Sever Soul","Body Slam"],"picked":"True Grit","floor":1},{"not_picked":["Perfected Strike","Shrug It Off"],"picked":"Entrench","floor":3},{"not_picked":["Clash","Perfected Strike"],"picked":"Shockwave","floor":4},{"not_picked":["Pommel Strike","Heavy Blade","Clash"],"picked":"SKIP","floor":5},{"not_picked":["Pommel Strike","Reckless Charge"],"picked":"Limit Break","floor":6},{"not_picked":["Armaments","Perfected Strike"],"picked":"Body Slam","floor":13},{"not_picked":["Dropkick","Headbutt","True Grit"],"picked":"SKIP","floor":14},{"not_picked":["Exhume","Fiend Fire"],"picked":"Demon Form","floor":16},{"not_picked":["Warcry","True Grit","Iron Wave+1"],"picked":"SKIP","floor":18},{"not_picked":["Clash+1","Pommel Strike"],"picked":"Feed","floor":19},{"not_picked":["Iron Wave+1","Flex","Perfected Strike"],"picked":"SKIP","floor":21}],"player_experience":163362,"relics_obtained":[{"floor":6,"key":"Regal Pillow"},{"floor":9,"key":"Lantern"}],"event_choices":[{"damage_healed":0,"gold_gain":75,"player_choice":"Gather Gold","damage_taken":11,"max_hp_gain":0,"max_hp_loss":0,"event_name":"World of Goop","floor":2,"gold_loss":0},{"damage_healed":0,"gold_gain":0,"player_choice":"Ignored","damage_taken":0,"max_hp_gain":0,"max_hp_loss":0,"event_name":"Liars Game","floor":11,"gold_loss":0},{"damage_healed":0,"gold_gain":0,"player_choice":"Entered Light","damage_taken":15,"max_hp_gain":0,"max_hp_loss":0,"event_name":"Shining Light","floor":12,"gold_loss":0,"cards_upgraded":["Strike_R","Defend_R"]},{"damage_healed":0,"gold_gain":0,"cards_transformed":["Strike_R"],"player_choice":"Transformed","damage_taken":0,"max_hp_gain":0,"max_hp_loss":0,"event_name":"Transmorgrifier","floor":20,"gold_loss":0,"cards_obtained":["Power Through"]}],"is_beta":false,"boss_relics":[{"not_picked":["Mark of Pain","Snecko Eye"],"picked":"Velvet Choker"}],"items_purged_floors":[8,22],"is_endless":false,"potions_floor_spawned":[1,3,4,21],"killed_by":"Cultist and Chosen","ascension_level":2}}