{"host":"wshey5htrz8rni6u","time":1614420093,"event":{"mods":["2.2 Compatiblity","BaseMod","Block Reminder","Colored Map","Colored Powertips","Current Relic Mod","Curses Come First","Dark Map","Key Reminder","Keyboard Shortcuts","Minty Spire (QoL Compilation)","Potion Indicator Mod","Quick Restart","Random Character Button","Relic Sorter","Relic Stats","StSLib","SuperFastMode","Unceasing Turn Reminder","UnlockEverythingMod","Weighted Paths"],"gold_per_floor":[116,41,116,132,132,165,165,195,195,210,210,230,261,275,275,347,347,365,385,104,118,132,165,165,196,196,65,81,81,81,61,61,132,132,146,26,26,46,65,92,92,92,92],"floor_reached":42,"language":"ENG","playtime":2401,"items_purged":["Strike_B","Strike_B","Strike_B","Shame"],"score":936,"play_id":"b0505956-8a1f-4186-93c2-5b9f3ce6770b","local_time":"20210227020133","is_ascension_mode":true,"campfire_choices":[{"floor":7.0,"key":"REST"},{"floor":11.0,"key":"REST"},{"floor":15.0,"key":"REST"},{"floor":24.0,"key":"REST"},{"floor":32,"key":"REST"},{"floor":41,"key":"REST"}],"circlet_count":0,"master_deck":["AscendersBane","Defend_B","Defend_B","Defend_B","Zap+1","Dualcast","Undo","Capacitor","Sweeping Beam","Sweeping Beam","Ball Lightning","Leap","Sweeping Beam","Multi-Cast","Chill","Rip and Tear","Melter","Electrodynamics+1","Conserve Battery","Reinforced Body","Ball Lightning","Defragment+1","Hologram","Hyperbeam","Melter","Barrage","Genetic Algorithm","Consume","Static Discharge+1","Fission","Capacitor+1","Steam"],"relics":["Cracked Core","Frozen Egg 2","HornCleat","Pantograph","Dream Catcher","Nuclear Battery","OrangePellets","Mango","InkBottle","The Courier","Peace Pipe","Busted Crown","Bag of Preparation","keyreminder:keyreminder"],"acts_visited":["Exordium","TheCity","TheBeyond"],"potions_floor_usage":[33,39,42],"damage_taken":[{"damage":3.0,"enemies":"Jaw Worm","floor":1.0,"turns":5.0},{"damage":0.0,"enemies":"2 Louse","floor":4.0,"turns":3.0},{"damage":24.0,"enemies":"Lagavulin","floor":6.0,"turns":8.0},{"damage":10.0,"enemies":"3 Sentries","floor":8.0,"turns":7.0},{"damage":0.0,"enemies":"Cultist","floor":10.0,"turns":3.0},{"damage":5.0,"enemies":"3 Louse","floor":12.0,"turns":3.0},{"damage":31.0,"enemies":"Gremlin Nob","floor":13.0,"turns":5.0},{"damage":0.0,"enemies":"Looter","floor":14.0,"turns":3.0},{"damage":0.0,"enemies":"Slime Boss","floor":16.0,"turns":7.0},{"damage":0.0,"enemies":"3 Byrds","floor":18.0,"turns":2.0},{"damage":12.0,"enemies":"Shell Parasite","floor":19.0,"turns":4.0},{"damage":13.0,"enemies":"Snecko","floor":21.0,"turns":5.0},{"damage":6.0,"enemies":"Shelled Parasite and Fungi","floor":22.0,"turns":5.0},{"damage":6.0,"enemies":"Slavers","floor":23.0,"turns":3.0},{"damage":37.0,"enemies":"Book of Stabbing","floor":25.0,"turns":7.0},{"damage":16.0,"enemies":"Centurion and Healer","floor":28.0,"turns":7.0},{"damage":50,"enemies":"Automaton","floor":33,"turns":8},{"damage":0,"enemies":"Orb Walker","floor":35,"turns":4},{"damage":10,"enemies":"3 Shapes","floor":38,"turns":7},{"damage":1,"enemies":"Jaw Worm Horde","floor":39,"turns":3},{"damage":38,"enemies":"Reptomancer","floor":40,"turns":6},{"damage":60,"enemies":"Giant Head","floor":42,"turns":8}],"seed_played":"-1701451372155806186","potions_obtained":[{"floor":6.0,"key":"DuplicationPotion"},{"floor":10.0,"key":"Fruit Juice"},{"floor":13.0,"key":"Energy Potion"},{"floor":14.0,"key":"Strength Potion"},{"floor":23.0,"key":"AttackPotion"},{"floor":28,"key":"ColorlessPotion"},{"floor":33,"key":"Explosive Potion"},{"floor":38,"key":"FearPotion"}],"is_trial":false,"path_per_floor":["M","$","?","M","?","E","R","E","T","M","R","M","E","M","R","B",null,"M","M","$","M","M","E","R","E","T","$","M","?","?","?","R","B",null,"M","$","?","M","M","E","R","E"],"character_chosen":"DEFECT","items_purchased":["Ball Lightning","OrangePellets","Genetic Algorithm"],"campfire_rested":6,"item_purchase_floors":[20,20,27],"current_hp_per_floor":[43,43,32,32,32,8,29,19,19,19,40,35,9,9,31,56,71,71,59,59,46,40,48,75,38,38,38,22,22,22,22,49,24,74,74,74,74,64,63,25,52,0,0],"gold":92,"neow_bonus":"TRANSFORM_TWO_CARDS","is_daily":false,"chose_seed":false,"campfire_upgraded":0,"win_rate":0.0,"timestamp":1614420093,"path_taken":["M","$","?","M","?","E","R","E","T","M","R","?","E","M","R","BOSS","M","M","$","M","M","E","R","E","T","$","M","?","?","?","R","BOSS","M","$","?","M","M","E","R","E"],"items_purchased_type":["Card","Relic","Card"],"build_version":"2020-12-13","purchased_purges":4,"victory":false,"max_hp_per_floor":[71,71,71,71,71,71,71,71,71,71,71,71,76,76,76,76,76,76,76,76,76,76,90,90,90,90,90,90,90,90,90,90,90,90,90,90,90,90,90,90,90,90,90],"relic_stats":{"Peace Pipe":0,"OrangePellets":[8],"Dream Catcher":4,"Busted Crown":10,"counters":[22,113],"Pantograph":50,"Bag of Preparation":[2],"obtain_stats":[{"Mango":23,"The Courier":26,"Bag of Preparation":40,"Frozen Egg 2":6,"Nuclear Battery":17,"Peace Pipe":29,"keyreminder:keyreminder":40,"OrangePellets":20,"Dream Catcher":13,"HornCleat":8,"Busted Crown":34,"Pantograph":9,"Cracked Core":0,"InkBottle":25},{"Mango":14,"The Courier":15,"Bag of Preparation":21,"Frozen Egg 2":3,"Nuclear Battery":9,"Peace Pipe":16,"keyreminder:keyreminder":21,"OrangePellets":11,"Dream Catcher":7,"HornCleat":4,"Busted Crown":17,"Pantograph":4,"Cracked Core":0,"InkBottle":15},{"Mango":63,"The Courier":70,"Bag of Preparation":105,"Frozen Egg 2":16,"Nuclear Battery":44,"Peace Pipe":77,"keyreminder:keyreminder":105,"OrangePellets":50,"Dream Catcher":34,"HornCleat":23,"Busted Crown":85,"Pantograph":23,"Cracked Core":0,"InkBottle":70}],"InkBottle":[16]},"card_choices":[{"not_picked":["Compile Driver","Turbo"],"picked":"Sweeping Beam","floor":1.0},{"not_picked":["Double Energy","Gash"],"picked":"Sweeping Beam","floor":4.0},{"not_picked":["Undo","Redo"],"picked":"Ball Lightning","floor":6.0},{"not_picked":["Sweeping Beam","Coolheaded"],"picked":"Leap","floor":8.0},{"not_picked":["Steam","Go for the Eyes"],"picked":"Sweeping Beam","floor":10.0},{"not_picked":["Rebound","FTL"],"picked":"Multi-Cast","floor":12.0},{"not_picked":["Beam Cell","Rebound"],"picked":"Chill","floor":13.0},{"not_picked":["Go for the Eyes","Turbo"],"picked":"Rip and Tear","floor":14.0},{"not_picked":["Gash","Redo"],"picked":"Melter","floor":15.0},{"not_picked":["Hyperbeam","Machine Learning+1"],"picked":"Electrodynamics+1","floor":16.0},{"not_picked":["Streamline","Leap"],"picked":"Conserve Battery","floor":18.0},{"not_picked":["Chaos","Gash"],"picked":"Reinforced Body","floor":19.0},{"not_picked":["Force Field","Melter"],"picked":"Defragment+1","floor":21.0},{"not_picked":["Go for the Eyes+1","Gash"],"picked":"Hologram","floor":22.0},{"not_picked":["Gash","Hologram"],"picked":"Hyperbeam","floor":23.0},{"not_picked":["Recycle","Darkness"],"picked":"Melter","floor":24.0},{"not_picked":["Coolheaded","Sunder"],"picked":"Barrage","floor":25.0},{"not_picked":["Tempest+1","Blizzard"],"picked":"Consume","floor":28},{"not_picked":["Double Energy","Stack"],"picked":"Static Discharge+1","floor":32},{"not_picked":["Electrodynamics+1","Amplify"],"picked":"Fission","floor":33},{"not_picked":["Beam Cell"],"picked":"SKIP","floor":35},{"not_picked":["Go for the Eyes"],"picked":"SKIP","floor":38},{"not_picked":["Reprogram+1"],"picked":"SKIP","floor":39},{"not_picked":[],"picked":"Steam","floor":40}],"player_experience":235581,"relics_obtained":[{"floor":6.0,"key":"Frozen Egg 2"},{"floor":8.0,"key":"HornCleat"},{"floor":9.0,"key":"Pantograph"},{"floor":13.0,"key":"Dream Catcher"},{"floor":23.0,"key":"Mango"},{"floor":25.0,"key":"InkBottle"},{"floor":26.0,"key":"The Courier"},{"floor":40,"key":"Bag of Preparation"}],"event_choices":[{"damage_healed":0.0,"max_hp_gain":0.0,"max_hp_loss":0.0,"gold_gain":75.0,"event_name":"World of Goop","player_choice":"Gather Gold","floor":3.0,"gold_loss":0.0,"damage_taken":11.0},{"damage_healed":0.0,"max_hp_gain":0.0,"max_hp_loss":0.0,"gold_gain":0.0,"event_name":"Upgrade Shrine","player_choice":"Upgraded","floor":5.0,"gold_loss":0.0,"damage_taken":0.0,"cards_upgraded":["Zap"]},{"damage_healed":0,"gold_gain":0,"player_choice":"Stole Relic","damage_taken":0,"relics_obtained":["Peace Pipe"],"max_hp_gain":0,"max_hp_loss":0,"event_name":"Addict","floor":29,"gold_loss":0,"cards_obtained":["Shame"]},{"damage_healed":0,"gold_gain":0,"player_choice":"Ignored","damage_taken":0,"max_hp_gain":0,"max_hp_loss":0,"event_name":"Vampires","floor":30,"gold_loss":0},{"damage_healed":0,"gold_gain":0,"player_choice":"Bought 1 Potion","damage_taken":0,"max_hp_gain":0,"max_hp_loss":0,"event_name":"The Woman in Blue","floor":31,"gold_loss":0},{"damage_healed":0,"gold_gain":0,"player_choice":"Copied","damage_taken":0,"max_hp_gain":0,"max_hp_loss":0,"event_name":"Duplicator","floor":37,"gold_loss":0,"cards_obtained":["Capacitor"]}],"is_beta":false,"boss_relics":[{"not_picked":["Black Star","Fusion Hammer"],"picked":"Nuclear Battery"},{"not_picked":["Calling Bell","Empty Cage"],"picked":"Busted Crown"}],"items_purged_floors":[2,20,27,36],"is_endless":false,"potions_floor_spawned":[6,10,13,14,23,28,33,38],"killed_by":"Giant Head","ascension_level":14}}