{"host":"6xghz2lkudss8si6","time":1614426768,"event":{"mods":["AchievementEnabler","BaseMod","Colored Map","DeckTracker","Minty Spire (QoL Compilation)","Quick Restart","StSLib","SuperFastMode"],"gold_per_floor":[110,128,33,44,144,171,186,211,238,238,256,256,289,300,300,401,401,418,418,403,318,334,334,334,334],"floor_reached":24,"language":"KOR","playtime":1056,"items_purged":[],"score":377,"play_id":"d5c3e312-ef32-4004-a8ca-3292053ed553","local_time":"20210227205248","is_ascension_mode":true,"campfire_choices":[{"data":"Dualcast","floor":10,"key":"SMITH"},{"data":"Compile Driver","floor":12,"key":"SMITH"},{"data":"Fission","floor":15,"key":"SMITH"},{"floor":23,"key":"REST"}],"circlet_count":0,"master_deck":["AscendersBane","Strike_B","Defend_B","Defend_B","Defend_B","Defend_B","Zap","Dualcast+1","Chaos+1","Buffer+1","Multi-Cast+1","Compile Driver+1","Cold Snap","Flash of Steel","Capacitor","Gash","Genetic Algorithm","Capacitor","Coolheaded","Fission+1","Barrage","Machine Learning","Cold Snap"],"relics":["Astrolabe","Kunai","Bag of Preparation","Toy Ornithopter","Akabeko","SlaversCollar","Singing Bowl"],"acts_visited":["Exordium","TheCity"],"potions_floor_usage":[24],"damage_taken":[{"damage":0,"enemies":"Jaw Worm","floor":1,"turns":3},{"damage":0,"enemies":"Cultist","floor":2,"turns":3},{"damage":0,"enemies":"2 Louse","floor":4,"turns":4},{"damage":0,"enemies":"Lagavulin","floor":6,"turns":7},{"damage":11,"enemies":"Large Slime","floor":7,"turns":5},{"damage":8,"enemies":"Gremlin Nob","floor":8,"turns":5},{"damage":4,"enemies":"Exordium Wildlife","floor":11,"turns":4},{"damage":5,"enemies":"3 Sentries","floor":13,"turns":13},{"damage":7,"enemies":"3 Louse","floor":14,"turns":6},{"damage":2,"enemies":"Slime Boss","floor":16,"turns":13},{"damage":5,"enemies":"Shell Parasite","floor":18,"turns":9},{"damage":34,"enemies":"2 Thieves","floor":20,"turns":4},{"damage":12,"enemies":"Centurion and Healer","floor":22,"turns":9},{"damage":45,"enemies":"Book of Stabbing","floor":24,"turns":5}],"seed_played":"4199893179413210175","potions_obtained":[{"floor":4,"key":"SpeedPotion"},{"floor":8,"key":"CultistPotion"}],"is_trial":false,"path_per_floor":["M","M","$","M","?","E","M","E","T","R","M","R","E","M","R","B",null,"M","?","M","?","M","R","E"],"character_chosen":"DEFECT","items_purchased":["Flash of Steel"],"campfire_rested":1,"item_purchase_floors":[3],"current_hp_per_floor":[68,68,68,68,68,68,57,49,49,49,45,45,40,33,33,31,64,59,59,25,25,15,38,0,0],"gold":334,"neow_bonus":"BOSS_RELIC","is_daily":false,"chose_seed":false,"campfire_upgraded":3,"win_rate":0.0,"timestamp":1614426768,"path_taken":["M","M","$","M","?","E","?","E","T","R","M","R","E","M","R","BOSS","M","?","M","?","M","R","E"],"items_purchased_type":["Card"],"build_version":"2020-12-22","purchased_purges":0,"victory":false,"max_hp_per_floor":[75,75,75,75,75,75,75,75,75,75,75,75,75,75,75,75,75,75,75,75,75,77,77,77,77],"card_choices":[{"not_picked":["Beam Cell","Sweeping Beam"],"picked":"Compile Driver","floor":1},{"not_picked":["Leap","Darkness"],"picked":"Cold Snap","floor":2},{"not_picked":["Go for the Eyes","Chaos"],"picked":"Capacitor","floor":4},{"not_picked":["Double Energy","Redo"],"picked":"Gash","floor":6},{"not_picked":["Heatsinks","Steam"],"picked":"Genetic Algorithm","floor":7},{"not_picked":["BootSequence","Stack"],"picked":"Capacitor","floor":8},{"not_picked":["Storm","Hello World"],"picked":"Coolheaded","floor":11},{"not_picked":["Steam","White Noise"],"picked":"Fission","floor":13},{"not_picked":["BootSequence","Turbo"],"picked":"Barrage","floor":14},{"not_picked":["Fission","Reboot"],"picked":"Machine Learning","floor":16},{"not_picked":["Streamline","Sweeping Beam","Redo"],"picked":"SKIP","floor":18},{"not_picked":["Auto Shields","Coolheaded+1"],"picked":"Cold Snap","floor":20},{"not_picked":["Hologram","Streamline+1","Stack"],"picked":"Singing Bowl","floor":22}],"player_experience":277350,"relics_obtained":[{"floor":6,"key":"Kunai"},{"floor":8,"key":"Bag of Preparation"},{"floor":9,"key":"Toy Ornithopter"},{"floor":13,"key":"Akabeko"}],"event_choices":[{"damage_healed":0,"gold_gain":100,"player_choice":"Pray","damage_taken":0,"max_hp_gain":0,"max_hp_loss":0,"event_name":"Golden Shrine","floor":5,"gold_loss":0},{"damage_healed":0,"gold_gain":0,"player_choice":"Ignored","damage_taken":0,"max_hp_gain":0,"max_hp_loss":0,"event_name":"Vampires","floor":19,"gold_loss":0},{"damage_healed":0,"gold_gain":0,"player_choice":"Obtained Relic","damage_taken":0,"relics_obtained":["Singing Bowl"],"max_hp_gain":0,"max_hp_loss":0,"event_name":"Addict","floor":21,"gold_loss":85}],"is_beta":false,"boss_relics":[{"not_picked":["Velvet Choker","Sozu"],"picked":"SlaversCollar"}],"items_purged_floors":[],"is_endless":false,"potions_floor_spawned":[4,8,11,14,18,22],"killed_by":"Book of Stabbing","ascension_level":11}}