{"host":"3j2m8n0ywf988fwb","time":1614412353,"event":{"mods":["2.2 Compatiblity","AchievementEnabler","Aspiration","BaseMod","Bestiary","Better Altar","Better Match","Better Note","Better Sensory Stone","Better Skull","Better Third Choice","CCEM2","Colored Map","Colored Powertips","Conspire","Dark Map","Googly Eyes","Halation","HexUI Lib","Highlight Path","Hubris","Infinite Spire","Jedi Mod","Marked Mod","Minty Spire (QoL Compilation)","Monster B Gone","Permanent Neow","Random Character Button","Relic Filter Mod","Relic Stats","Reliquary","Replay The Spire","Shop Mod","StS++","StSLib","Unceasing Turn Reminder","Weighted Paths","everything is the same but u backflip on backflip"],"gold_per_floor":[115,37,50,50,50,50,50,50],"floor_reached":7,"language":"ENG","playtime":217,"items_purged":[],"score":59,"play_id":"ce6661f0-1486-47dd-b2e5-a5b7452bb0c1","local_time":"20210227015233","is_ascension_mode":true,"campfire_choices":[{"data":"Neutralize","floor":6,"key":"SMITH"}],"circlet_count":0,"master_deck":["AscendersBane","Strike_G","Strike_G","Strike_G","Strike_G","Defend_G","Defend_G","Defend_G","Defend_G","Defend_G","Survivor","Neutralize+1"],"relics":["Ring of the Snake","Darkstone Periapt","halation:PinkSoulGem"],"acts_visited":["Exordium"],"potions_floor_usage":[],"damage_taken":[{"damage":16,"enemies":"Cultist","floor":1,"turns":7},{"damage":0,"enemies":"2 Louse","floor":3,"turns":3},{"damage":49,"enemies":"3 Sentries","floor":7,"turns":8}],"seed_played":"8309645860107385190","potions_obtained":[],"is_trial":false,"path_per_floor":["M","?","M","?","$","R","E"],"character_chosen":"THE_SILENT","items_purchased":[],"campfire_rested":0,"item_purchase_floors":[],"current_hp_per_floor":[47,47,47,47,47,47,0,0],"gold":50,"neow_bonus":"REMOVE_CARD","is_daily":false,"chose_seed":false,"campfire_upgraded":1,"win_rate":0.0,"timestamp":1614412353,"path_taken":["M","?","?","?","$","R","E"],"items_purchased_type":[],"build_version":"2020-12-22","purchased_purges":0,"victory":false,"max_hp_per_floor":[70,70,70,70,70,70,70,70],"relic_stats":{"Darkstone Periapt":0,"counters":[3,18],"obtain_stats":[{"Darkstone Periapt":2,"halation:PinkSoulGem":4,"Ring of the Snake":0},{"Darkstone Periapt":1,"halation:PinkSoulGem":2,"Ring of the Snake":0},{"Darkstone Periapt":7,"halation:PinkSoulGem":10,"Ring of the Snake":0}],"Ring of the Snake":[6]},"card_choices":[{"not_picked":["Skewer","Heel Hook","jedi:pocketpoison"],"picked":"SKIP","floor":1},{"not_picked":["hubris:SlightOfHand","jedi:unstablefumes","StSpp:Dive"],"picked":"SKIP","floor":3}],"player_experience":795610,"relics_obtained":[],"event_choices":[{"damage_healed":0,"gold_gain":0,"player_choice":"Paid Gold","damage_taken":0,"relics_obtained":["Darkstone Periapt"],"max_hp_gain":0,"max_hp_loss":0,"event_name":"WeMeetAgain","floor":2,"gold_loss":78}],"is_beta":false,"boss_relics":[],"items_purged_floors":[],"is_endless":false,"potions_floor_spawned":[],"killed_by":"3 Sentries","ascension_level":10}}