{"host":"or8fr2mp0k3eluj8","time":1614429058,"event":{"mods":["AchievementEnabler","BaseMod","Colored Map","DeckTracker","Keyboard Shortcuts","Minty Spire (QoL Compilation)","StSLib","SuperFastMode","everything is the same but u backflip on backflip"],"gold_per_floor":[117,117,133,133,133,133,150,169,249,273,291,301,301,336,336,336,336],"floor_reached":16,"language":"KOR","playtime":589,"items_purged":[],"score":159,"play_id":"56d72eb3-913b-475e-a04d-4460add9c755","local_time":"20210227213058","is_ascension_mode":true,"campfire_choices":[{"data":"Sword Boomerang","floor":6,"key":"SMITH"},{"data":"Bash","floor":13,"key":"SMITH"},{"data":"Wild Strike","floor":15,"key":"SMITH"}],"circlet_count":0,"master_deck":["Strike_R","Strike_R","Strike_R","Strike_R","Strike_R","Defend_R","Defend_R","Defend_R","Bash+1","Sword Boomerang+1","Perfected Strike+1","Wild Strike+1"],"relics":["Burning Blood","Bronze Scales","Singing Bowl","Vajra","Nunchaku"],"acts_visited":["Exordium"],"potions_floor_usage":[],"damage_taken":[{"damage":9,"enemies":"2 Louse","floor":1,"turns":3},{"damage":1,"enemies":"Jaw Worm","floor":3,"turns":5},{"damage":0,"enemies":"Cultist","floor":7,"turns":2},{"damage":14,"enemies":"Red Slaver","floor":8,"turns":2},{"damage":9,"enemies":"3 Louse","floor":11,"turns":2},{"damage":10,"enemies":"Lots of Slimes","floor":12,"turns":3},{"damage":0,"enemies":"Gremlin Nob","floor":14,"turns":2},{"damage":76,"enemies":"The Guardian","floor":16,"turns":8}],"seed_played":"-6892982470245763867","potions_obtained":[{"floor":1,"key":"BlessingOfTheForge"},{"floor":7,"key":"Dexterity Potion"},{"floor":14,"key":"FearPotion"}],"is_trial":false,"path_per_floor":["M","?","M","?","?","R","M","M","T","T","M","M","R","E","R","B"],"character_chosen":"IRONCLAD","items_purchased":[],"campfire_rested":0,"item_purchase_floors":[],"current_hp_per_floor":[77,77,80,73,73,73,79,71,71,71,70,68,68,76,76,0,0],"gold":336,"neow_bonus":"RANDOM_COMMON_RELIC","is_daily":false,"chose_seed":false,"campfire_upgraded":3,"win_rate":0.0,"timestamp":1614429058,"path_taken":["M","?","M","?","?","R","M","M","T","?","M","M","R","E","R","BOSS"],"items_purchased_type":[],"build_version":"2020-12-22","purchased_purges":0,"victory":false,"max_hp_per_floor":[80,80,80,80,80,80,80,80,80,80,82,84,84,86,86,86,86],"card_choices":[{"not_picked":["Pummel","Havoc"],"picked":"Sword Boomerang","floor":1},{"not_picked":["Clothesline","Warcry"],"picked":"Perfected Strike","floor":3},{"not_picked":["Second Wind","Flex","Clash"],"picked":"SKIP","floor":7},{"not_picked":["Iron Wave","Shrug It Off"],"picked":"Wild Strike","floor":8},{"not_picked":["Body Slam","Dual Wield","Second Wind"],"picked":"Singing Bowl","floor":11},{"not_picked":["Sentinel","Reckless Charge","Anger"],"picked":"Singing Bowl","floor":12},{"not_picked":["Combust","Whirlwind","Dual Wield"],"picked":"Singing Bowl","floor":14}],"player_experience":489768,"relics_obtained":[{"floor":9,"key":"Singing Bowl"},{"floor":10,"key":"Vajra"},{"floor":14,"key":"Nunchaku"}],"event_choices":[{"damage_healed":0,"gold_gain":0,"player_choice":"Ignored","damage_taken":0,"max_hp_gain":0,"max_hp_loss":0,"event_name":"Liars Game","floor":2,"gold_loss":0},{"cards_removed":["Defend_R"],"damage_healed":0,"gold_gain":0,"player_choice":"Card Removal","damage_taken":7,"max_hp_gain":0,"max_hp_loss":0,"event_name":"Golden Wing","floor":4,"gold_loss":0},{"damage_healed":0,"gold_gain":0,"player_choice":"Grow","damage_taken":0,"max_hp_gain":0,"max_hp_loss":0,"event_name":"Living Wall","floor":5,"gold_loss":0,"cards_upgraded":["Perfected Strike"]}],"is_beta":false,"boss_relics":[],"items_purged_floors":[],"is_endless":false,"potions_floor_spawned":[1,7,14],"killed_by":"The Guardian","ascension_level":5}}