{"host":"a4s27ghlnr83kbqz","time":1614418369,"event":{"mods":["AchievementEnabler","BaseMod","Colored Map","Minty Spire (QoL Compilation)","Permanent Neow","SuperFastMode"],"gold_per_floor":[13,13,24,24,24,43,43,81,81,94,112,112,135,158,158,249,249,249,249,174,174,174],"floor_reached":21,"language":"KOR","playtime":417,"items_purged":["Strike_R"],"score":362,"play_id":"b3fa5575-aad8-49fe-ab4e-ae47f5f385d3","local_time":"20210227183249","is_ascension_mode":true,"campfire_choices":[{"data":"Armaments","floor":7,"key":"SMITH"},{"data":"Fire Breathing","floor":12,"key":"SMITH"},{"data":"Evolve","floor":15,"key":"SMITH"}],"circlet_count":0,"master_deck":["AscendersBane","Strike_R","Strike_R","Strike_R","Defend_R","Defend_R","Defend_R","Defend_R","Bash","Twin Strike","Evolve+1","Cleave","Armaments+1","Fire Breathing+1","Disarm","Impervious","Spot Weakness"],"relics":["Burning Blood","Golden Idol","Lizard Tail","TungstenRod","PreservedInsect","Ectoplasm"],"acts_visited":["Exordium","TheCity"],"potions_floor_usage":[8,16,18],"damage_taken":[{"damage":6,"enemies":"Jaw Worm","floor":1,"turns":5},{"damage":14,"enemies":"Small Slimes","floor":3,"turns":5},{"damage":10,"enemies":"2 Louse","floor":6,"turns":2},{"damage":26,"enemies":"Lagavulin","floor":8,"turns":9},{"damage":5,"enemies":"Looter","floor":10,"turns":4},{"damage":10,"enemies":"3 Louse","floor":11,"turns":3},{"damage":8,"enemies":"Red Slaver","floor":14,"turns":3},{"damage":12,"enemies":"Hexaghost","floor":16,"turns":9},{"damage":19,"enemies":"3 Byrds","floor":18,"turns":8},{"damage":47,"enemies":"Spheric Guardian","floor":19,"turns":8},{"damage":37,"enemies":"Snecko","floor":21,"turns":5}],"seed_played":"6683877249550348387","potions_obtained":[{"floor":1,"key":"Energy Potion"},{"floor":10,"key":"PowerPotion"},{"floor":11,"key":"Explosive Potion"},{"floor":16,"key":"DistilledChaos"},{"floor":18,"key":"Energy Potion"}],"is_trial":false,"path_per_floor":["M","?","M","?","?","M","R","E","T","M","M","R","T","M","R","B",null,"M","M","$","M"],"character_chosen":"IRONCLAD","items_purchased":[],"campfire_rested":0,"item_purchase_floors":[],"current_hp_per_floor":[82,82,74,74,79,75,75,55,55,56,52,52,52,50,50,44,76,63,22,22,36,36],"gold":174,"neow_bonus":"TWENTY_PERCENT_HP_BONUS","is_daily":false,"chose_seed":false,"campfire_upgraded":3,"win_rate":0.0,"timestamp":1614418369,"path_taken":["M","?","M","?","?","M","R","E","T","M","M","R","?","M","R","BOSS","M","M","$","M"],"items_purchased_type":[],"build_version":"2020-12-22","purchased_purges":1,"victory":false,"max_hp_per_floor":[89,89,89,81,86,86,86,86,86,86,86,86,86,86,86,86,86,86,86,86,86,86],"card_choices":[{"not_picked":["Evolve","Warcry"],"picked":"Twin Strike","floor":1},{"not_picked":["Iron Wave","Clash"],"picked":"Cleave","floor":3},{"not_picked":["Whirlwind","Combust"],"picked":"Armaments","floor":6},{"not_picked":["Whirlwind","Dual Wield"],"picked":"Fire Breathing","floor":8},{"not_picked":["Shrug It Off","Body Slam"],"picked":"Disarm","floor":10},{"not_picked":["Intimidate","Headbutt","True Grit"],"picked":"SKIP","floor":11},{"not_picked":["Feel No Pain","Twin Strike","Sword Boomerang"],"picked":"SKIP","floor":14},{"not_picked":["Berserk","Bludgeon"],"picked":"Impervious","floor":16},{"not_picked":["Body Slam","Perfected Strike"],"picked":"Spot Weakness","floor":18},{"not_picked":["Clothesline","Havoc","Pommel Strike"],"picked":"SKIP","floor":19}],"player_experience":1153627,"relics_obtained":[{"floor":8,"key":"Lizard Tail"},{"floor":9,"key":"TungstenRod"},{"floor":13,"key":"PreservedInsect"}],"event_choices":[{"damage_healed":0,"gold_gain":0,"cards_transformed":["Strike_R"],"player_choice":"Change","damage_taken":0,"max_hp_gain":0,"max_hp_loss":0,"event_name":"Living Wall","floor":2,"gold_loss":0,"cards_obtained":["Evolve"]},{"damage_healed":0,"gold_gain":0,"player_choice":"Lose Max HP","damage_taken":0,"relics_obtained":["Golden Idol"],"max_hp_gain":0,"max_hp_loss":8,"event_name":"Golden Idol","floor":4,"gold_loss":0},{"damage_healed":0,"gold_gain":0,"player_choice":"Donut","damage_taken":0,"max_hp_gain":5,"max_hp_loss":0,"event_name":"Big Fish","floor":5,"gold_loss":0}],"is_beta":false,"boss_relics":[{"not_picked":["Runic Dome","Snecko Eye"],"picked":"Ectoplasm"}],"items_purged_floors":[20],"is_endless":false,"potions_floor_spawned":[1,10,11,16,18],"killed_by":"Snecko","ascension_level":20}}