{"host":"g792ep1fbt4i7bvb","time":1614442209,"event":{"mods":["BaseMod","Beaked The Cultist","Colored Map","Colored Powertips","DeckTracker","Highlight Path","Minty Spire (QoL Compilation)","Relic Stats","StSLib","SuperFastMode"],"gold_per_floor":[363,538,552,552,568,608,608,621,621,634,659,674,552,592,592,715,715,739,754,754,854,854,854,872,872,872,872,971,971,971],"floor_reached":29,"language":"JPN","playtime":1250,"items_purged":["Doubt"],"score":308,"play_id":"91467188-53b6-4013-b643-7a16e4c0b56e","local_time":"20210228011009","is_ascension_mode":true,"campfire_choices":[{"data":"beaked:Roost","floor":7,"key":"SMITH"},{"data":"beaked:HuntressSpirit","floor":15,"key":"SMITH"},{"data":"beaked:LeadersExecution","floor":23,"key":"SMITH"},{"data":"beaked:MachineEssence","floor":25,"key":"SMITH"},{"floor":27,"key":"REST"}],"circlet_count":0,"master_deck":["beaked:Strike_Y","beaked:Strike_Y","beaked:Strike_Y","beaked:Strike_Y","beaked:Strike_Y","beaked:Strike_Y","beaked:Defend_Y","beaked:Defend_Y","beaked:Defend_Y","beaked:Defend_Y","beaked:Ceremony","beaked:Ceremony","beaked:Ceremony","beaked:WindBringer","beaked:SacrificialDive","beaked:Molting","beaked:Roost+1","beaked:HuntressSpirit+1","beaked:Brace","beaked:MaddeningMurmurs","beaked:Windmill","beaked:TuckingFeathers","beaked:MachineEssence+1","beaked:Sacrifice","beaked:LeadersExecution+1","beaked:Struggle+1"],"relics":["beaked:MendingPlumage","Golden Idol","Blood Vial","Art of War","beaked:ShinyBauble","beaked:SacredDeck","Enchiridion","Bottled Flame"],"acts_visited":["Exordium","TheCity"],"potions_floor_usage":[6,16,22,22],"damage_taken":[{"damage":13,"enemies":"Jaw Worm","floor":1,"turns":4},{"damage":18,"enemies":"Small Slimes","floor":3,"turns":11},{"damage":1,"enemies":"Cultist","floor":5,"turns":4},{"damage":28,"enemies":"Lagavulin","floor":6,"turns":7},{"damage":7,"enemies":"2 Fungi Beasts","floor":8,"turns":6},{"damage":17,"enemies":"Exordium Wildlife","floor":10,"turns":8},{"damage":18,"enemies":"Gremlin Gang","floor":11,"turns":4},{"damage":0,"enemies":"Blue Slaver","floor":12,"turns":8},{"damage":16,"enemies":"3 Sentries","floor":14,"turns":7},{"damage":50,"enemies":"The Guardian","floor":16,"turns":11},{"damage":34,"enemies":"Shell Parasite","floor":18,"turns":6},{"damage":23,"enemies":"Spheric Guardian","floor":19,"turns":6},{"damage":35,"enemies":"3 Cultists","floor":22,"turns":5},{"damage":28,"enemies":"Sentry and Sphere","floor":24,"turns":5},{"damage":89,"enemies":"Slavers","floor":29,"turns":4}],"seed_played":"-136505477303703157","potions_obtained":[{"floor":1,"key":"SpeedPotion"},{"floor":5,"key":"FearPotion"},{"floor":8,"key":"Strength Potion"},{"floor":10,"key":"FairyPotion"},{"floor":18,"key":"SmokeBomb"}],"is_trial":false,"path_per_floor":["M","?","M","?","M","E","R","M","T","M","M","M","$","E","R","B",null,"M","M","?","?","M","R","M","R","T","R","?","E"],"character_chosen":"BEAKED_THE_CULTIST","items_purchased":["beaked:TuckingFeathers"],"campfire_rested":1,"item_purchase_floors":[13],"current_hp_per_floor":[31,31,38,26,36,26,26,39,39,48,40,50,50,50,50,50,50,32,45,29,29,10,10,9,9,9,25,25,0,0],"gold":971,"neow_bonus":"TWO_FIFTY_GOLD","is_daily":false,"chose_seed":false,"campfire_upgraded":4,"win_rate":0.0,"timestamp":1614442209,"path_taken":["M","?","M","?","?","E","R","M","T","?","M","M","$","E","R","BOSS","M","M","?","?","?","R","M","R","T","R","?","E"],"items_purchased_type":["Card"],"build_version":"2020-12-22","purchased_purges":1,"victory":false,"max_hp_per_floor":[50,50,50,50,50,50,50,50,50,50,50,50,50,50,50,50,50,50,53,53,53,53,53,56,56,56,56,56,56,56],"relic_stats":{"Blood Vial":16,"counters":[15,96],"Golden Idol":74,"Art of War":[13],"obtain_stats":[{"Blood Vial":6,"beaked:ShinyBauble":14,"Bottled Flame":26,"Golden Idol":4,"beaked:SacredDeck":17,"Enchiridion":20,"Art of War":9,"beaked:MendingPlumage":0},{"Blood Vial":4,"beaked:ShinyBauble":9,"Bottled Flame":14,"Golden Idol":2,"beaked:SacredDeck":10,"Enchiridion":12,"Art of War":5,"beaked:MendingPlumage":0},{"Blood Vial":26,"beaked:ShinyBauble":59,"Bottled Flame":92,"Golden Idol":15,"beaked:SacredDeck":70,"Enchiridion":82,"Art of War":32,"beaked:MendingPlumage":0}]},"card_choices":[{"not_picked":["beaked:MaddeningMurmurs","beaked:DigDeeper"],"picked":"beaked:WindBringer","floor":1},{"not_picked":["beaked:WarriorEssence","beaked:Tweet"],"picked":"beaked:SacrificialDive","floor":3},{"not_picked":["beaked:Overexert","beaked:Flinch"],"picked":"beaked:Molting","floor":5},{"not_picked":["beaked:TuckingFeathers","beaked:FeelMyPain"],"picked":"beaked:Roost","floor":6},{"not_picked":["beaked:StickSmack","beaked:TuckingFeathers"],"picked":"beaked:HuntressSpirit","floor":8},{"not_picked":["beaked:Negation","beaked:CursingBlood"],"picked":"beaked:Brace","floor":10},{"not_picked":["beaked:Insight","beaked:Mantra"],"picked":"beaked:MaddeningMurmurs","floor":11},{"not_picked":["beaked:SurvivalInstinct","beaked:Poke"],"picked":"beaked:Windmill","floor":12},{"not_picked":["beaked:Resilience","beaked:Evade"],"picked":"beaked:MachineEssence","floor":14},{"not_picked":["beaked:CheekyTricks","beaked:VolatileMisfortune"],"picked":"beaked:Sacrifice","floor":16},{"not_picked":["beaked:RuinSticks","beaked:Windmill","beaked:Daydream"],"picked":"SKIP","floor":18},{"not_picked":["beaked:Insight","beaked:FeelMyPain"],"picked":"beaked:Struggle+1","floor":19},{"not_picked":["beaked:Windmill","beaked:CrazyRituals","beaked:WindBringer"],"picked":"SKIP","floor":24}],"player_experience":792630,"relics_obtained":[{"floor":6,"key":"Blood Vial"},{"floor":9,"key":"Art of War"},{"floor":14,"key":"beaked:ShinyBauble"},{"floor":20,"key":"Enchiridion"},{"floor":26,"key":"Bottled Flame"}],"event_choices":[{"damage_healed":0,"gold_gain":175,"player_choice":"AGREE","damage_taken":0,"max_hp_gain":0,"max_hp_loss":0,"event_name":"Liars Game","floor":2,"gold_loss":0,"cards_obtained":["Doubt"]},{"damage_healed":0,"gold_gain":0,"player_choice":"Take Damage","damage_taken":12,"relics_obtained":["Golden Idol"],"max_hp_gain":0,"max_hp_loss":0,"event_name":"Golden Idol","floor":4,"gold_loss":0},{"damage_healed":0,"gold_gain":0,"player_choice":"Obtained Book","damage_taken":16,"max_hp_gain":0,"max_hp_loss":0,"event_name":"Cursed Tome","floor":20,"gold_loss":0},{"damage_healed":0,"gold_gain":100,"player_choice":"Pray","damage_taken":0,"max_hp_gain":0,"max_hp_loss":0,"event_name":"Golden Shrine","floor":21,"gold_loss":0},{"damage_healed":0,"gold_gain":99,"player_choice":"Stole From Cult","damage_taken":0,"max_hp_gain":0,"max_hp_loss":0,"event_name":"Nest","floor":28,"gold_loss":0}],"is_beta":false,"boss_relics":[{"not_picked":["Runic Pyramid","Pandora\u0027s Box"],"picked":"beaked:SacredDeck"}],"items_purged_floors":[13],"is_endless":false,"potions_floor_spawned":[1,5,8,10,14,18],"killed_by":"Slavers","ascension_level":6}}