{"host":"3omna1v4kuj0u9pv","time":1614392212,"event":{"mods":["AchievementEnabler","Act Like it!","Aspiration","BaseMod","Better Altar","Better Match","Better Note","Better Sensory Stone","Better Skull","Better Third Choice","Better Vampires","BetterRewards","CCEM2","CapriCore","Conspire","Curses Come First","Displayed Cursed Tome","Downfall","Fox Events","Halation","Hubris","Infinite Spire","Library of Ruina","Library of Ruina Extra","Minty Spire (QoL Compilation)","Permanent Neow","Poor People Problems","Rare Cards Sparkle","Reliquary","Replay The Spire","Ruina","Shop Mod","Spicy Shops","StSLib","The Animator","Transform Curses"],"gold_per_floor":[115,129,149,149,169,169,169,169],"floor_reached":7,"language":"ENG","playtime":453,"items_purged":[],"score":93,"play_id":"ccb43202-51d5-465e-b9cd-8ef68565439e","local_time":"20210227121652","is_ascension_mode":false,"campfire_choices":[{"floor":6,"key":"REST"}],"circlet_count":0,"master_deck":["conspire:GhostlyDefend","conspire:GhostlyStrike","conspire:GhostlyStrike","conspire:GhostlyStrike","conspire:GhostlyDefend","conspire:GhostlyDefend","conspire:GhostlyDefend","conspire:GhostlyStrike","conspire:GhostlyStrike","Overcharge","HandlingWork","BackAttack"],"relics":["PageOfLibrarian"],"acts_visited":["Exordium"],"potions_floor_usage":[],"damage_taken":[{"damage":11,"enemies":"Jaw Worm","floor":1,"turns":3},{"damage":5,"enemies":"Small Slimes","floor":2,"turns":4},{"damage":11,"enemies":"Cultist","floor":3,"turns":6},{"damage":8,"enemies":"2 Fungi Beasts","floor":5,"turns":3},{"damage":14,"enemies":"Gremlin Nob","floor":7,"turns":3}],"seed_played":"-48396596962780595","potions_obtained":[{"floor":3,"key":"Elixir"}],"is_trial":false,"path_per_floor":["M","M","M","?","M","R","E"],"character_chosen":"Librarian","items_purchased":[],"campfire_rested":1,"item_purchase_floors":[],"current_hp_per_floor":[49,44,33,33,26,44,30,30],"gold":169,"neow_bonus":"REMOVE_CARD","is_daily":false,"chose_seed":false,"campfire_upgraded":0,"win_rate":0.0,"timestamp":1614392212,"path_taken":["M","M","M","?","M","R","E"],"items_purchased_type":[],"build_version":"2020-12-22","purchased_purges":0,"victory":false,"max_hp_per_floor":[67,67,63,63,62,62,62,62],"card_choices":[{"not_picked":["DesperateStruggle","BladeWhirl","FleetFootsteps"],"picked":"Overcharge","floor":1},{"not_picked":["FierceCharge","SmokingPipe","DevastatingThrash"],"picked":"HandlingWork","floor":2},{"not_picked":["CleanUp","HiddenBlade","Outburst"],"picked":"BackAttack","floor":3},{"not_picked":["DarkCloud","FierceCharge","UncannyStrike","GuidanceOfTheGears"],"picked":"SKIP","floor":5}],"player_experience":149306,"relics_obtained":[],"event_choices":[{"damage_healed":0,"gold_gain":0,"player_choice":"Agree","damage_taken":0,"max_hp_gain":0,"max_hp_loss":0,"event_name":"conspire:LoneGhost","floor":4,"gold_loss":0}],"is_beta":false,"boss_relics":[],"items_purged_floors":[],"is_endless":false,"potions_floor_spawned":[3],"killed_by":"Gremlin Nob","ascension_level":0}}