{"host":"sc0o2qwpf9j16a4i","time":1614410631,"event":{"mods":["AchievementEnabler","BaseMod","BetterRewards","Block Reminder","Colored Map","Colored Powertips","Custom Start","Highlight Path","Minty Spire (QoL Compilation)","Relic Stats"],"gold_per_floor":[114,131,141,23,23,56,68,68,68,46,46,72,72,72,72,171,171,182,182,201,201,218,218,244,44,44,63,95,108,139,155,155,259,259,269,269,269,269],"floor_reached":37,"language":"ENG","playtime":1861,"items_purged":[],"score":712,"play_id":"a1e887a6-1c0b-46d4-8742-112b3a90480a","local_time":"20210227092351","daily_mods":["Insanity","Green Cards","Terminal"],"is_ascension_mode":false,"campfire_choices":[{"data":"True Grit","floor":11,"key":"SMITH"},{"data":"Malaise","floor":13,"key":"SMITH"},{"floor":15,"key":"DIG"},{"floor":23,"key":"DIG"},{"floor":32,"key":"DIG"}],"circlet_count":0,"master_deck":["Sword Boomerang","Flame Barrier","Acrobatics","Cleave","Body Slam","Uppercut","Quick Slash","Terror","Bane","Dagger Throw","Cloak And Dagger","Dodge and Roll","Outmaneuver","Flex","Flame Barrier","Backflip","Blade Dance","Expertise","Thunderclap","Prepared","Acrobatics","Terror","Accuracy","Backstab","Power Through","Twin Strike","Headbutt","Twin Strike","Body Slam","Headbutt","Inflame","Disarm","True Grit+1","PiercingWail","Underhanded Strike","Backflip","Concentrate","Outmaneuver","Bouncing Flask","Prepared","Headbutt","Perfected Strike","Dropkick","Disarm","Riddle With Holes","Noxious Fumes","Headbutt","Accuracy","Cloak And Dagger","Acrobatics","Noxious Fumes","Blade Dance","Malaise+1","Bouncing Flask","Acrobatics","Backflip","Bullet Time","Concentrate","Sword Boomerang","Dagger Throw","Dark Shackles","Dagger Throw","Sword Boomerang","Dagger Throw","Cloak And Dagger","Noxious Fumes","Flex+1","Power Through+1","Concentrate+1","Corpse Explosion","Calculated Gamble"],"relics":["Burning Blood","Shovel","Eternal Feather","Paper Frog","Girya","Runic Pyramid","Bottled Tornado","Oddly Smooth Stone","PreservedInsect","Pocketwatch","White Beast Statue","Self Forming Clay","The Courier","Coffee Dripper"],"acts_visited":["Exordium","TheCity","TheBeyond"],"potions_floor_usage":[12,22,24,28,28,30,30,33,33,35,37],"damage_taken":[{"damage":0.0,"enemies":"2 Louse","floor":1.0,"turns":2.0},{"damage":6.0,"enemies":"Jaw Worm","floor":2.0,"turns":2.0},{"damage":0.0,"enemies":"Cultist","floor":3.0,"turns":3.0},{"damage":8,"enemies":"3 Sentries","floor":6,"turns":7},{"damage":2,"enemies":"Blue Slaver","floor":7,"turns":2},{"damage":0,"enemies":"Gremlin Nob","floor":12,"turns":3},{"damage":0,"enemies":"The Guardian","floor":16,"turns":12},{"damage":3,"enemies":"Spheric Guardian","floor":18,"turns":4},{"damage":0,"enemies":"Chosen","floor":20,"turns":6},{"damage":11,"enemies":"Shelled Parasite and Fungi","floor":22,"turns":5},{"damage":22,"enemies":"Gremlin Leader","floor":24,"turns":5},{"damage":5,"enemies":"3 Cultists","floor":27,"turns":4},{"damage":6,"enemies":"Slavers","floor":28,"turns":3},{"damage":0,"enemies":"Cultist and Chosen","floor":29,"turns":6},{"damage":0,"enemies":"Gremlin Leader","floor":30,"turns":5},{"damage":3,"enemies":"Centurion and Healer","floor":31,"turns":4},{"damage":0,"enemies":"Automaton","floor":33,"turns":11},{"damage":4,"enemies":"3 Shapes","floor":35,"turns":3},{"damage":62,"enemies":"2 Orb Walkers","floor":37,"turns":4}],"seed_played":"-3279893342713350935","potions_obtained":[{"floor":2.0,"key":"GamblersBrew"},{"floor":3.0,"key":"FearPotion"},{"floor":7,"key":"Fruit Juice"},{"floor":20,"key":"Explosive Potion"},{"floor":22,"key":"BloodPotion"},{"floor":24,"key":"PowerPotion"},{"floor":27,"key":"Strength Potion"},{"floor":29,"key":"Weak Potion"},{"floor":30,"key":"SkillPotion"},{"floor":31,"key":"EssenceOfSteel"},{"floor":33,"key":"Explosive Potion"},{"floor":35,"key":"Explosive Potion"}],"is_trial":true,"path_per_floor":["M","M","M","$","?","E","M","?","T","$","R","E","R","?","R","B",null,"M","?","M","?","M","R","E","$","T","M","E","M","E","M","R","B",null,"M","?","?"],"character_chosen":"IRONCLAD","items_purchased":["Noxious Fumes","Blade Dance","Acrobatics","PreservedInsect","Dagger Throw"],"campfire_rested":0,"item_purchase_floors":[4,4,10,25,25],"current_hp_per_floor":[78,77,76,75,74,72,72,71,70,69,68,67,66,65,64,63,62,61,60,59,58,58,61,57,57,57,57,56,55,54,53,52,51,50,49,46,0,0],"gold":269,"neow_bonus":"","is_daily":false,"chose_seed":false,"campfire_upgraded":2,"win_rate":0.0,"timestamp":1614410631,"path_taken":["M","M","M","$","?","E","?","?","T","?","R","E","R","?","R","BOSS","M","?","M","?","?","R","E","?","T","M","E","?","E","M","R","BOSS","M","?","?"],"items_purchased_type":["Card","Card","Card","Relic","Card"],"build_version":"2020-12-22","purchased_purges":0,"victory":false,"max_hp_per_floor":[78,77,76,75,74,73,72,71,70,69,68,67,66,65,64,63,62,61,60,59,58,62,61,60,59,58,57,56,55,54,53,52,51,50,49,46,46,46],"relic_stats":{"Shovel":3,"counters":[19,91],"Self Forming Clay":[15],"Eternal Feather":4,"PreservedInsect":87,"obtain_stats":[{"Girya":15,"Self Forming Clay":30,"Oddly Smooth Stone":24,"Eternal Feather":9,"PreservedInsect":25,"The Courier":32,"Bottled Tornado":23,"Burning Blood":0,"White Beast Statue":28,"Shovel":6,"Coffee Dripper":34,"Paper Frog":12,"Runic Pyramid":17,"Pocketwatch":26},{"Girya":6,"Self Forming Clay":15,"Oddly Smooth Stone":11,"Eternal Feather":5,"PreservedInsect":11,"The Courier":16,"Bottled Tornado":10,"Burning Blood":0,"White Beast Statue":13,"Shovel":4,"Coffee Dripper":17,"Paper Frog":6,"Runic Pyramid":7,"Pocketwatch":11},{"Girya":19,"Self Forming Clay":69,"Oddly Smooth Stone":51,"Eternal Feather":16,"PreservedInsect":51,"The Courier":73,"Bottled Tornado":46,"Burning Blood":0,"White Beast Statue":58,"Shovel":14,"Coffee Dripper":84,"Paper Frog":19,"Runic Pyramid":31,"Pocketwatch":51}],"Burning Blood":49,"Pocketwatch":[6]},"card_choices":[{"not_picked":["Slice","Blur"],"picked":"Accuracy","floor":1.0},{"not_picked":["Shockwave","Inflame"],"picked":"Cloak And Dagger","floor":2.0},{"not_picked":["Seeing Red","Bloodletting"],"picked":"Acrobatics","floor":3.0},{"not_picked":["Iron Wave","Outmaneuver"],"picked":"Malaise","floor":6},{"not_picked":["Sucker Punch","Escape Plan"],"picked":"Bouncing Flask","floor":7},{"not_picked":["Sword Boomerang","Dagger Throw"],"picked":"Backflip","floor":12},{"not_picked":["Brutality","Limit Break"],"picked":"Bullet Time","floor":16},{"not_picked":["True Grit","Dodge and Roll"],"picked":"Concentrate","floor":18},{"not_picked":["Heavy Blade","Evolve"],"picked":"Sword Boomerang","floor":20},{"not_picked":["Escape Plan","Quick Slash"],"picked":"Dagger Throw","floor":22},{"not_picked":["Warcry","Iron Wave"],"picked":"Sword Boomerang","floor":24},{"not_picked":["Fire Breathing+1","Metallicize"],"picked":"Cloak And Dagger","floor":27},{"not_picked":["Expertise","Flying Knee"],"picked":"Noxious Fumes","floor":28},{"not_picked":["Searing Blow","Pommel Strike"],"picked":"Flex+1","floor":29},{"not_picked":["Pummel+1","Combust"],"picked":"Power Through+1","floor":30},{"not_picked":["Havoc+1","Headbutt"],"picked":"Concentrate+1","floor":31},{"not_picked":["Berserk","Brutality"],"picked":"Corpse Explosion","floor":33},{"not_picked":["Iron Wave","Prepared"],"picked":"Calculated Gamble","floor":35}],"player_experience":1572065,"relics_obtained":[{"floor":6,"key":"Shovel"},{"floor":9,"key":"Eternal Feather"},{"floor":12,"key":"Paper Frog"},{"floor":15,"key":"Girya"},{"floor":23,"key":"Bottled Tornado"},{"floor":24,"key":"Oddly Smooth Stone"},{"floor":26,"key":"Pocketwatch"},{"floor":28,"key":"White Beast Statue"},{"floor":30,"key":"Self Forming Clay"},{"floor":32,"key":"The Courier"}],"event_choices":[{"cards_removed":["Intimidate"],"damage_healed":0.0,"max_hp_gain":0.0,"max_hp_loss":0.0,"gold_gain":0.0,"event_name":"Wheel of Change","player_choice":"Card Removal","floor":5.0,"gold_loss":0.0,"damage_taken":0.0},{"cards_removed":["Rupture"],"damage_healed":0,"gold_gain":0,"player_choice":"Offered Uncommon","damage_taken":0,"max_hp_gain":0,"max_hp_loss":0,"event_name":"Bonfire Elementals","floor":8,"gold_loss":0},{"damage_healed":0,"gold_gain":0,"player_choice":"Leave","damage_taken":0,"max_hp_gain":0,"max_hp_loss":0,"event_name":"The Cleric","floor":14,"gold_loss":0},{"cards_removed":["Anger"],"damage_healed":0,"gold_gain":0,"player_choice":"Elegance","damage_taken":0,"max_hp_gain":0,"max_hp_loss":0,"event_name":"Back to Basics","floor":19,"gold_loss":0},{"damage_healed":0,"gold_gain":0,"player_choice":"2 cards matched","damage_taken":0,"max_hp_gain":0,"max_hp_loss":0,"event_name":"Match and Keep!","floor":21,"gold_loss":0,"cards_obtained":["Dagger Throw","Dark Shackles"]},{"damage_healed":0,"gold_gain":0,"player_choice":"Max HP","damage_taken":0,"max_hp_gain":0,"max_hp_loss":2,"event_name":"Winding Halls","floor":36,"gold_loss":0},{"damage_healed":0,"gold_gain":0,"player_choice":"Fight","damage_taken":0,"max_hp_gain":0,"max_hp_loss":0,"event_name":"Mysterious Sphere","floor":37,"gold_loss":0}],"is_beta":false,"boss_relics":[{"not_picked":["Black Blood","Ectoplasm"],"picked":"Runic Pyramid"},{"not_picked":["Runic Cube","Snecko Eye"],"picked":"Coffee Dripper"}],"items_purged_floors":[],"is_endless":false,"potions_floor_spawned":[2,3,7,20,22,24,27,29,30,31,33,35],"killed_by":"2 Orb Walkers","ascension_level":0}}