{"host":"l2dnabsh5e0fsksb","time":1614412923,"event":{"mods":["2.2 Compatiblity","BaseMod","Downfall","Minty Spire (QoL Compilation)","Quick Restart","StSLib"],"gold_per_floor":[99,109,121,121,141,141,192,222,253,275,316,128,150,180,202,214,214,214],"floor_reached":16,"language":"ENG","playtime":559,"items_purged":[],"score":203,"play_id":"0c139f49-564c-43ec-a496-eed09ebfb700","local_time":"20210227183203","is_ascension_mode":true,"campfire_choices":[{"floor":1.0,"key":"RECALL"},{"floor":12,"key":"REST"}],"circlet_count":0,"master_deck":["AscendersBane","hexamod:Strike","hexamod:Strike","hexamod:Strike","hexamod:Strike","hexamod:Defend","hexamod:Defend","hexamod:Defend","hexamod:Defend","hexamod:Sear+1","hexamod:Float","hexamod:ShieldOfDarkness","hexamod:ShieldOfDarkness","hexamod:GhostLash+1","downfall:Aged","hexamod:GhostOfSpirePast","hexamod:RainOfEmbers","hexamod:EmpoweredFlame","hexamod:AdvancingGuard","hexamod:GhostLash","hexamod:BurningTouch","hexamod:ThermalTransfer"],"relics":["hexamod:SpiritBrand","Lantern","MawBank","bronze:DecasWashers","downfall:HeartBlessingGreen","downfall:HeartBlessingRed"],"acts_visited":["Exordium"],"potions_floor_usage":[8,16],"damage_taken":[{"damage":2.0,"enemies":"Jaw Worm","floor":2.0,"turns":3.0},{"damage":0.0,"enemies":"2 Louse","floor":3.0,"turns":3.0},{"damage":0.0,"enemies":"Cultist","floor":5.0,"turns":4.0},{"damage":13,"enemies":"3 Sentries","floor":8,"turns":9},{"damage":0,"enemies":"2 Fungi Beasts","floor":9,"turns":3},{"damage":1,"enemies":"Exordium Thugs","floor":10,"turns":3},{"damage":36,"enemies":"Gremlin Nob","floor":11,"turns":5},{"damage":0,"enemies":"downfall:LooterAlt","floor":13,"turns":3},{"damage":0,"enemies":"3 Louse","floor":14,"turns":3},{"damage":0,"enemies":"Large Slime","floor":15,"turns":3},{"damage":31,"enemies":"DF_ARCHETYPE_STREAMLINE","floor":16,"turns":6}],"seed_played":"-2036561133096631896","potions_obtained":[{"floor":0.0,"key":"hexamod:DoubleChargePotion"},{"floor":0.0,"key":"PowerPotion"},{"floor":0.0,"key":"Fruit Juice"},{"floor":5.0,"key":"DistilledChaos"},{"floor":14,"key":"Ancient Potion"}],"is_trial":false,"path_per_floor":["R","M","M","?","M","?","T","E","M","M","E","R","M","M","M","B"],"character_chosen":"THE_SPIRIT","items_purchased":[],"campfire_rested":1,"item_purchase_floors":[],"current_hp_per_floor":[57,55,55,55,60,60,60,47,47,46,10,30,30,30,30,0,0,0],"gold":214,"neow_bonus":"THREE_SMALL_POTIONS","is_daily":false,"chose_seed":false,"campfire_upgraded":0,"win_rate":0.0,"timestamp":1614412923,"path_taken":["R","M","M","?","M","?","T","E","M","?","E","R","M","M","M","BOSS"],"items_purchased_type":[],"build_version":"2020-12-22","purchased_purges":0,"victory":false,"max_hp_per_floor":[63,63,63,63,68,68,68,68,68,68,68,68,68,68,68,68,68,68],"card_choices":[{"not_picked":["hexamod:RecurringNightmare","hexamod:Firestarter"],"picked":"hexamod:ShieldOfDarkness","floor":2.0},{"not_picked":["hexamod:BurningTouch","hexamod:FourthSeal"],"picked":"hexamod:ShieldOfDarkness","floor":3.0},{"not_picked":["hexamod:SuperheatedStrike","hexamod:Firestarter"],"picked":"hexamod:GhostLash","floor":5.0},{"not_picked":["hexamod:ChargedBarrage","hexamod:CatchUp"],"picked":"hexamod:GhostOfSpirePast","floor":8},{"not_picked":["hexamod:CatchUp","hexamod:HeatMetal"],"picked":"hexamod:RainOfEmbers","floor":9},{"not_picked":["hexamod:SpectralAdrenaline","hexamod:NightmareStrike"],"picked":"hexamod:EmpoweredFlame","floor":10},{"not_picked":["hexamod:UnleashSpirits","hexamod:ThirdSeal"],"picked":"hexamod:AdvancingGuard","floor":11},{"not_picked":["hexamod:GhostShield","hexamod:HauntingEcho"],"picked":"hexamod:GhostLash","floor":13},{"not_picked":["hexamod:AdvancingGuard","hexamod:CatchUp"],"picked":"hexamod:BurningTouch","floor":14},{"not_picked":["hexamod:BurningTouch","hexamod:BacktrackSmack"],"picked":"hexamod:ThermalTransfer","floor":15}],"player_experience":1983447,"relics_obtained":[{"floor":7.0,"key":"Lantern"},{"floor":8,"key":"MawBank"},{"floor":11,"key":"bronze:DecasWashers"}],"event_choices":[],"is_beta":false,"boss_relics":[],"items_purged_floors":[],"is_endless":false,"potions_floor_spawned":[3,5,14,15],"killed_by":"DF_ARCHETYPE_STREAMLINE","ascension_level":15}}