{"host":"e7sl0pd4xxdbbdh2","time":1614429443,"event":{"mods":["AchievementEnabler","BaseMod","Colored Map","Colored Powertips","Minty Spire (QoL Compilation)","StSLib"],"gold_per_floor":[114,131,131,144,144,144,144,144],"floor_reached":7,"language":"SPA","playtime":250,"items_purged":[],"score":82,"play_id":"796a29c5-8abf-4588-8794-0879fa4e6e07","local_time":"20210227093723","daily_mods":["Cursed Run","Time Dilation","Night Terrors"],"is_ascension_mode":true,"campfire_choices":[{"data":"Coolheaded","floor":6,"key":"SMITH"}],"circlet_count":0,"master_deck":["AscendersBane","Strike_B","Strike_B","Strike_B","Strike_B","Defend_B","Defend_B","Defend_B+1","Defend_B","Zap","Dualcast","Hello World+1","Coolheaded+1","Injury"],"relics":["Cursed Key","Darkstone Periapt","Du-Vu Doll","Golden Idol"],"acts_visited":["Exordium"],"potions_floor_usage":[],"damage_taken":[{"damage":4,"enemies":"Small Slimes","floor":1,"turns":3},{"damage":4,"enemies":"2 Louse","floor":2,"turns":3},{"damage":7,"enemies":"Jaw Worm","floor":4,"turns":3},{"damage":64,"enemies":"Gremlin Nob","floor":7,"turns":4}],"seed_played":"-3024281294759180774","potions_obtained":[{"floor":4,"key":"Fire Potion"}],"is_trial":true,"path_per_floor":["M","M","?","M","?","R","E"],"character_chosen":"DEFECT","items_purchased":[],"campfire_rested":0,"item_purchase_floors":[],"current_hp_per_floor":[60,56,35,28,34,34,0,0],"gold":144,"neow_bonus":"","is_daily":false,"chose_seed":false,"campfire_upgraded":1,"win_rate":0.0,"timestamp":1614429443,"path_taken":["M","M","?","M","?","R","E"],"items_purchased_type":[],"build_version":"2020-12-22","purchased_purges":0,"victory":false,"max_hp_per_floor":[71,71,71,71,77,77,77,77],"card_choices":[{"not_picked":["Turbo","Heatsinks"],"picked":"Hello World","floor":1},{"not_picked":["Barrage","Storm","Scrape"],"picked":"SKIP","floor":2},{"not_picked":["Rebound","Leap"],"picked":"Coolheaded","floor":4}],"player_experience":1707681,"relics_obtained":[],"event_choices":[{"damage_healed":0,"gold_gain":0,"player_choice":"Entered Light","damage_taken":21,"max_hp_gain":0,"max_hp_loss":0,"event_name":"Shining Light","floor":3,"gold_loss":0,"cards_upgraded":["Hello World","Defend_B"]},{"damage_healed":0,"gold_gain":0,"player_choice":"Take Wound","damage_taken":0,"relics_obtained":["Golden Idol"],"max_hp_gain":0,"max_hp_loss":0,"event_name":"Golden Idol","floor":5,"gold_loss":0,"cards_obtained":["Injury"]}],"is_beta":false,"boss_relics":[],"items_purged_floors":[],"is_endless":false,"potions_floor_spawned":[4],"killed_by":"Gremlin Nob","ascension_level":20}}