{"host":"suw5tyb7z6zbnnfs","time":1614399565,"event":{"mods":["AchievementEnabler","BaseMod","Colored Map","Minty Spire (QoL Compilation)"],"gold_per_floor":[361,141,176,209,159,191,191,257,282,335,335,365,365,375,375,518,518,572,195,235,247,247,247,172,207,207,207,240,278,336,369,369,469,469,483,483,513,26,64,64,64,64,91,109,125,125,184,201,201,201],"floor_reached":51,"language":"ENG","playtime":4617,"items_purged":["Defend_B","Defend_B"],"score":1301,"play_id":"50d1498f-d0b0-48de-af8e-f820df6b30e4","local_time":"20210226231925","is_ascension_mode":true,"campfire_choices":[{"data":"Dualcast","floor":7.0,"key":"SMITH"},{"floor":13.0,"key":"REST"},{"data":"Hologram","floor":15.0,"key":"SMITH"},{"floor":23.0,"key":"DIG"},{"floor":27.0,"key":"DIG"},{"floor":32.0,"key":"DIG"},{"floor":40,"key":"DIG"},{"floor":42,"key":"DIG"},{"floor":46,"key":"DIG"},{"floor":49,"key":"DIG"}],"circlet_count":0,"master_deck":["AscendersBane","Strike_B","Strike_B","Defend_B+1","Defend_B","Zap+1","Dualcast+1","Turbo","HandOfGreed","Coolheaded","Streamline","Glacier","Self Repair","Hologram+1","Beam Cell","Biased Cognition","Conserve Battery","Go for the Eyes+1","Electrodynamics","Echo Form+1","Parasite","Zap+1","Undo+1"],"relics":["Cracked Core","War Paint","Bag of Preparation","DataDisk","Emotion Chip","Oddly Smooth Stone","SacredBark","Thread and Needle","Shovel","CaptainsWheel","Ancient Tea Set","Singing Bowl","Question Card","Potion Belt","Frozen Egg 2","Coffee Dripper","Lantern","OrangePellets","Toxic Egg 2","Omamori","Vajra","StoneCalendar","FossilizedHelix"],"acts_visited":["TheBeyond"],"potions_floor_usage":[47,50,50,50,50,50,50,50,50,50,50],"damage_taken":[{"damage":0.0,"enemies":"Small Slimes","floor":1.0,"turns":3.0},{"damage":7.0,"enemies":"Jaw Worm","floor":3.0,"turns":2.0},{"damage":0.0,"enemies":"2 Louse","floor":4.0,"turns":3.0},{"damage":24.0,"enemies":"Gremlin Nob","floor":6.0,"turns":4.0},{"damage":10.0,"enemies":"3 Sentries","floor":8.0,"turns":7.0},{"damage":12.0,"enemies":"Gremlin Nob","floor":10.0,"turns":4.0},{"damage":0.0,"enemies":"Blue Slaver","floor":14.0,"turns":3.0},{"damage":22.0,"enemies":"Slime Boss","floor":16.0,"turns":12.0},{"damage":0.0,"enemies":"2 Thieves","floor":18.0,"turns":4.0},{"damage":0.0,"enemies":"Spheric Guardian","floor":20.0,"turns":4.0},{"damage":15.0,"enemies":"Centurion and Healer","floor":21.0,"turns":10.0},{"damage":0.0,"enemies":"Book of Stabbing","floor":25.0,"turns":5.0},{"damage":21.0,"enemies":"Cultist and Chosen","floor":28.0,"turns":9.0},{"damage":0.0,"enemies":"Snake Plant","floor":29.0,"turns":5.0},{"damage":6.0,"enemies":"Sentry and Sphere","floor":30.0,"turns":6.0},{"damage":0.0,"enemies":"Slavers","floor":31.0,"turns":1.0},{"damage":88.0,"enemies":"Collector","floor":33.0,"turns":16.0},{"damage":6,"enemies":"3 Darklings","floor":35,"turns":4},{"damage":0,"enemies":"3 Shapes","floor":37,"turns":4},{"damage":14,"enemies":"Writhing Mass","floor":39,"turns":6},{"damage":0,"enemies":"4 Shapes","floor":44,"turns":5},{"damage":15,"enemies":"3 Darklings","floor":45,"turns":4},{"damage":0,"enemies":"Sphere and 2 Shapes","floor":47,"turns":4},{"damage":9,"enemies":"Transient","floor":48,"turns":5},{"damage":0,"enemies":"Awakened One","floor":50,"turns":15}],"seed_played":"-324736828948093267","potions_obtained":[{"floor":4.0,"key":"Strength Potion"},{"floor":6.0,"key":"Explosive Potion"},{"floor":10.0,"key":"Strength Potion"},{"floor":14.0,"key":"Explosive Potion"},{"floor":21.0,"key":"SkillPotion"},{"floor":25.0,"key":"SkillPotion"},{"floor":28.0,"key":"AttackPotion"},{"floor":31.0,"key":"Regen Potion"},{"floor":39,"key":"Explosive Potion"},{"floor":44,"key":"Explosive Potion"},{"floor":45,"key":"Block Potion"},{"floor":47,"key":"Strength Potion"},{"floor":48,"key":"EntropicBrew"}],"is_trial":false,"path_per_floor":["M","$","M","M","?","E","R","E","T","E","?","?","R","M","R","B",null,"M","$","M","M","?","R","?","E","T","R","M","M","M","E","R","B",null,"M","?","M","$","M","R","?","R","T","M","M","R","M","M","R","B",null],"character_chosen":"DEFECT","items_purchased":["HandOfGreed","Coolheaded","Thread and Needle","Lantern","OrangePellets","DuplicationPotion"],"campfire_rested":1,"item_purchase_floors":[2,2,19,38,38,38],"current_hp_per_floor":[68,68,61,61,61,37,37,27,27,22,19,19,39,46,46,31,59,66,66,68,60,60,60,60,67,67,67,53,60,63,65,65,45,65,68,74,76,76,71,71,71,71,71,80,81,81,84,84,84,86],"gold":201,"neow_bonus":"TWO_FIFTY_GOLD","is_daily":false,"chose_seed":false,"campfire_upgraded":2,"win_rate":0.0,"timestamp":1614399565,"path_taken":["M","$","M","M","?","E","R","E","T","E","?","?","R","M","R","BOSS","M","$","M","M","?","R","?","E","T","R","M","M","M","E","R","BOSS","M","?","M","?","M","R","?","R","T","M","M","R","?","M","R","BOSS"],"items_purchased_type":["Card","Card","Relic","Relic","Relic","Potion"],"build_version":"2020-12-22","purchased_purges":2,"victory":true,"max_hp_per_floor":[68,68,68,68,68,68,68,68,68,68,68,68,68,68,68,68,68,68,68,68,68,68,68,68,68,68,68,68,68,70,72,72,72,72,74,74,76,76,78,78,78,78,78,80,82,82,84,86,86,86],"card_choices":[{"not_picked":["Beam Cell","Cold Snap"],"picked":"Turbo","floor":1.0},{"not_picked":["Gash","Rebound"],"picked":"Streamline","floor":3.0},{"not_picked":["Scrape","Electrodynamics"],"picked":"Glacier","floor":4.0},{"not_picked":["Tempest","Leap","Darkness"],"picked":"SKIP","floor":6.0},{"not_picked":["Loop","Compile Driver"],"picked":"Self Repair","floor":8.0},{"not_picked":["Hello World","Melter"],"picked":"Hologram","floor":10.0},{"not_picked":["Coolheaded","Cold Snap"],"picked":"Beam Cell","floor":14.0},{"not_picked":["Rainbow","Multi-Cast"],"picked":"Biased Cognition","floor":16.0},{"not_picked":["Static Discharge","Leap+1"],"picked":"Conserve Battery","floor":18.0},{"not_picked":["Aggregate+1","Conserve Battery","Beam Cell"],"picked":"SKIP","floor":20.0},{"not_picked":["Doom and Gloom","Compile Driver","Conserve Battery"],"picked":"SKIP","floor":21.0},{"not_picked":["Barrage","Hyperbeam","Stack"],"picked":"SKIP","floor":25.0},{"not_picked":["Hologram+1","Loop","Darkness"],"picked":"Go for the Eyes+1","floor":28.0},{"not_picked":["Compile Driver","Hologram","Lockon+1"],"picked":"Electrodynamics","floor":29.0},{"not_picked":["Rebound","Beam Cell","Coolheaded","Double Energy+1"],"picked":"Singing Bowl","floor":30.0},{"not_picked":["Blizzard","Chaos","Go for the Eyes","Barrage"],"picked":"Singing Bowl","floor":31.0},{"not_picked":["Multi-Cast","Reboot","Amplify"],"picked":"Echo Form+1","floor":33.0},{"not_picked":["Turbo+1","Leap+1","Gash","Conserve Battery"],"picked":"Singing Bowl","floor":35},{"not_picked":["Redo+1","Turbo+1","Consume+1","Conserve Battery+1"],"picked":"Singing Bowl","floor":37},{"not_picked":["Go for the Eyes","Biased Cognition+1","Coolheaded+1","Auto Shields"],"picked":"Singing Bowl","floor":39},{"not_picked":["Lockon","Cold Snap","Beam Cell","Consume+1"],"picked":"Singing Bowl","floor":44},{"not_picked":["Cold Snap","Ball Lightning+1","Coolheaded+1","Streamline+1"],"picked":"Singing Bowl","floor":45},{"not_picked":["Tempest+1","Fusion+1","Aggregate+1","Ball Lightning+1"],"picked":"Singing Bowl","floor":47},{"not_picked":["Rebound","Beam Cell","Sunder+1","Aggregate+1"],"picked":"Singing Bowl","floor":48}],"player_experience":989953,"relics_obtained":[{"floor":6.0,"key":"War Paint"},{"floor":8.0,"key":"Bag of Preparation"},{"floor":9.0,"key":"DataDisk"},{"floor":10.0,"key":"Emotion Chip"},{"floor":23.0,"key":"CaptainsWheel"},{"floor":25.0,"key":"Ancient Tea Set"},{"floor":26.0,"key":"Singing Bowl"},{"floor":27.0,"key":"Question Card"},{"floor":31.0,"key":"Potion Belt"},{"floor":32.0,"key":"Frozen Egg 2"},{"floor":40,"key":"Toxic Egg 2"},{"floor":42,"key":"Omamori"},{"floor":43,"key":"Vajra"},{"floor":46,"key":"StoneCalendar"},{"floor":49,"key":"FossilizedHelix"}],"event_choices":[{"cards_removed":["Strike_B"],"damage_healed":0.0,"max_hp_gain":0.0,"max_hp_loss":0.0,"gold_gain":0.0,"event_name":"The Cleric","player_choice":"Card Removal","floor":5.0,"gold_loss":50.0,"damage_taken":0.0},{"damage_healed":0.0,"max_hp_gain":0.0,"max_hp_loss":0.0,"gold_gain":0.0,"event_name":"Scrap Ooze","player_choice":"Success","floor":11.0,"gold_loss":0.0,"damage_taken":3.0,"relics_obtained":["Oddly Smooth Stone"]},{"damage_healed":0.0,"max_hp_gain":0.0,"max_hp_loss":0.0,"gold_gain":30.0,"event_name":"Dead Adventurer","player_choice":"Searched \u00271\u0027 times","floor":12.0,"gold_loss":0.0,"damage_taken":0.0},{"damage_healed":0.0,"max_hp_gain":0.0,"max_hp_loss":0.0,"gold_gain":0.0,"event_name":"The Mausoleum","player_choice":"Opened","floor":22.0,"gold_loss":0.0,"damage_taken":0.0,"relics_obtained":["Shovel"]},{"cards_removed":["Strike_B"],"damage_healed":0.0,"max_hp_gain":0.0,"max_hp_loss":0.0,"gold_gain":0.0,"event_name":"Beggar","player_choice":"Gave Gold","floor":24.0,"gold_loss":75.0,"damage_taken":0.0},{"damage_healed":6,"gold_gain":0,"player_choice":"Full Heal","damage_taken":0,"max_hp_gain":0,"max_hp_loss":0,"event_name":"Wheel of Change","floor":36,"gold_loss":0},{"damage_healed":0,"gold_gain":0,"player_choice":"2 cards matched","damage_taken":0,"max_hp_gain":0,"max_hp_loss":0,"event_name":"Match and Keep!","floor":41,"gold_loss":0,"cards_obtained":["Zap","Undo"]}],"is_beta":false,"boss_relics":[{"not_picked":["Astrolabe","Busted Crown"],"picked":"SacredBark"},{"not_picked":["Fusion Hammer","Inserter"],"picked":"Coffee Dripper"}],"items_purged_floors":[19,38],"is_endless":false,"potions_floor_spawned":[4,6,10,14,21,25,28,30,31,39,44,45,47,48],"ascension_level":11}}