{"host":"gk5m6v7zec9neb0j","time":1614426344,"event":{"mods":["AchievementEnabler","AlwaysNeverKeys","BaseMod","BetterRewards","Block Reminder","Minty Spire (QoL Compilation)","RNG Fix","Rare Cards Sparkle","Relic Stats","StSLib"],"gold_per_floor":[109,183,203,60,72,72,86,86,86,106,43,57,57,115,115,218,218,230,230,245,49,49,79,114,26,26,58,78,105,5,19,19,118,118,133,179,179,195,212,212,1,1,1,1,1,1,1,1,1,1,1,1,1,34,34],"floor_reached":56,"language":"ENG","playtime":1336,"items_purged":["Strike_G","Strike_G","Strike_G","Strike_G","Strike_G","Defend_G","Writhe"],"score":1686,"play_id":"33229e3e-69d1-4cf1-a03a-80fcd87fb82f","local_time":"20210227064544","is_ascension_mode":false,"campfire_choices":[{"data":"Neutralize","floor":6.0,"key":"SMITH"},{"data":"Footwork","floor":8.0,"key":"SMITH"},{"floor":13.0,"key":"REST"},{"data":"Accuracy","floor":15.0,"key":"SMITH"},{"data":"After Image","floor":32.0,"key":"SMITH"},{"data":"Panache","floor":40.0,"key":"SMITH"},{"data":"Blade Dance","floor":42.0,"key":"SMITH"},{"data":"Blade Dance","floor":45,"key":"SMITH"},{"data":"Dramatic Entrance","floor":47,"key":"SMITH"},{"data":"Calculated Gamble","floor":49,"key":"SMITH"},{"data":"Blade Dance","floor":52,"key":"SMITH"}],"circlet_count":0,"master_deck":["Defend_G","Defend_G","Defend_G","Defend_G","Survivor","Neutralize+1","Blade Dance+1","Backstab","Footwork+1","Panache+1","Accuracy+1","Blur","Calculated Gamble+1","Blade Dance+1","After Image+1","Blade Dance+1","Parasite","Dramatic Entrance+1","Blur+1","Blade Dance+1","Pain"],"relics":["Ring of the Snake","ClockworkSouvenir","Orrery","Calipers","Membership Card","Tiny Chest","Art of War","SlaversCollar","Question Card","Kunai","Lizard Tail","WingedGreaves","Shuriken","Ninja Scroll","Oddly Smooth Stone","Ancient Tea Set","Cursed Key","Centennial Puzzle","Medical Kit","Mango","Toy Ornithopter"],"acts_visited":["Exordium","TheCity","TheBeyond","TheEnding"],"potions_floor_usage":[50],"damage_taken":[{"damage":0.0,"enemies":"2 Louse","floor":1.0,"turns":2.0},{"damage":0.0,"enemies":"Cultist","floor":3.0,"turns":3.0},{"damage":0.0,"enemies":"Jaw Worm","floor":5.0,"turns":3.0},{"damage":0.0,"enemies":"3 Louse","floor":7.0,"turns":2.0},{"damage":0.0,"enemies":"Red Slaver","floor":10.0,"turns":1.0},{"damage":0.0,"enemies":"Blue Slaver","floor":12.0,"turns":3.0},{"damage":10.0,"enemies":"Lagavulin Event","floor":14.0,"turns":4.0},{"damage":13.0,"enemies":"Hexaghost","floor":16.0,"turns":12.0},{"damage":0.0,"enemies":"Spheric Guardian","floor":18.0,"turns":3.0},{"damage":2.0,"enemies":"3 Byrds","floor":20.0,"turns":6.0},{"damage":0.0,"enemies":"Gremlin Leader","floor":23.0,"turns":7.0},{"damage":0.0,"enemies":"Book of Stabbing","floor":24.0,"turns":5.0},{"damage":0.0,"enemies":"Slavers","floor":27.0,"turns":3.0},{"damage":0.0,"enemies":"Sentry and Sphere","floor":28.0,"turns":3.0},{"damage":0.0,"enemies":"Gremlin Leader","floor":29.0,"turns":4.0},{"damage":0.0,"enemies":"3 Cultists","floor":31.0,"turns":3.0},{"damage":0.0,"enemies":"Automaton","floor":33.0,"turns":6.0},{"damage":0.0,"enemies":"Orb Walker","floor":35.0,"turns":2.0},{"damage":0.0,"enemies":"3 Darklings","floor":38.0,"turns":2.0},{"damage":0.0,"enemies":"Spire Growth","floor":39.0,"turns":4.0},{"damage":14,"enemies":"Donu and Deca","floor":50,"turns":5},{"damage":3,"enemies":"Shield and Spear","floor":54,"turns":4},{"damage":53,"enemies":"The Heart","floor":55,"turns":9}],"seed_played":"584431452375175728","potions_obtained":[{"floor":7.0,"key":"FairyPotion"},{"floor":12.0,"key":"Energy Potion"},{"floor":20.0,"key":"AttackPotion"},{"floor":54,"key":"SteroidPotion"}],"is_trial":false,"path_per_floor":["M","?","M","$","M","R","M","R","T","M","$","M","R","?","R","B",null,"M","T","M","$","?","E","E","$","T","E","M","E","$","M","R","B",null,"M","T","?","M","M","R","$","R","T","?","R","T","R","$","R","B",null,"R","$","E","B",null],"character_chosen":"THE_SILENT","items_purchased":["Blade Dance","ClockworkSouvenir","Backstab","Footwork","Orrery","Panache","Calipers","Accuracy","Membership Card","Kunai","Blade Dance","Medical Kit"],"campfire_rested":1,"item_purchase_floors":[0,0,0,0,0,0,0,0,4,21,41,41],"current_hp_per_floor":[28,28,28,28,28,28,28,28,28,28,28,28,49,39,39,26,70,70,70,68,68,68,68,68,68,68,68,68,68,68,68,68,68,70,70,70,60,60,60,60,60,60,60,60,60,74,74,74,74,60,80,80,80,77,24],"gold":34,"neow_bonus":"","is_daily":false,"chose_seed":false,"campfire_upgraded":10,"win_rate":0.0,"timestamp":1614426344,"path_taken":["M","?","M","$","M","R","M","R","T","M","$","M","R","?","R","BOSS","M","?","M","$","?","E","E","$","T","E","M","E","$","M","R","BOSS","M","?","?","?","M","R","$","R","T","?","R","?","R","$","R","BOSS","R","$","E","BOSS"],"items_purchased_type":["Card","Relic","Card","Card","Relic","Card","Relic","Card","Relic","Relic","Card","Relic"],"build_version":"2020-12-22","purchased_purges":7,"victory":true,"max_hp_per_floor":[70,70,70,70,70,70,70,70,70,70,70,70,70,70,70,70,70,70,70,70,70,70,70,70,70,70,70,70,70,70,70,70,70,70,70,70,70,70,70,70,70,70,70,66,66,80,80,80,80,80,80,80,80,80,80],"relic_stats":{"counters":[1190,6090],"Question Card":15,"Cursed Key":2,"Medical Kit":[7],"Lizard Tail":0,"Centennial Puzzle":[33],"Shuriken":[65],"Tiny Chest":2,"Art of War":[4],"Kunai":[74],"obtain_stats":[{"TwistedFunnel":0,"Spirit Poop":30,"Ginger":0,"Whetstone":11,"Bottled Tornado":43,"Boot":25,"Sling":0,"Old Coin":34,"Blood Vial":17,"Sundial":24,"MealTicket":31,"HandDrill":48,"Kunai":0,"Pear":28,"Blue Candle":54,"Velvet Choker":17,"Eternal Feather":54,"Tingsha":0,"Pen Nib":11,"Paper Crane":43,"Akabeko":3,"SlaversCollar":17,"MutagenicStrength":19,"Bird Faced Urn":38,"StrikeDummy":27,"Unceasing Top":46,"Ring of the Serpent":17,"Regal Pillow":9,"Lantern":45,"Torii":0,"Singing Bowl":43,"StoneCalendar":42,"Bag of Preparation":26,"Ancient Tea Set":4,"Cursed Key":17,"Smiling Mask":41,"Matryoshka":37,"Shovel":38,"WristBlade":34,"Ninja Scroll":0,"Toolbox":45,"WingedGreaves":17,"Chemical X":37,"InkBottle":54,"Ring of the Snake":0,"Potion Belt":9,"Lee\u0027s Waffle":48,"The Specimen":0,"Golden Idol":3,"Thread and Needle":45,"The Courier":26,"PreservedInsect":38,"Omamori":39,"Frozen Egg 2":43,"MawBank":45,"Busted Crown":34,"Ornamental Fan":0,"Bloody Idol":31,"Orrery":0,"Turnip":38,"Art of War":17,"Bottled Lightning":43,"Toy Ornithopter":27,"Ice Cream":7,"Calipers":13,"Tiny House":34,"Gremlin Horn":26,"Nilry\u0027s Codex":31,"CeramicFish":0,"HoveringKite":34,"Vajra":43,"Sozu":34,"Centennial Puzzle":6,"Lizard Tail":10,"HornCleat":43,"DollysMirror":4,"Strawberry":26,"Prayer Wheel":38,"Toxic Egg 2":28,"Girya":0,"Happy Flower":13,"Astrolabe":34,"Oddly Smooth Stone":0,"Letter Opener":53,"War Paint":43,"Question Card":48,"Du-Vu Doll":47,"OrangePellets":22,"Bottled Flame":25,"Shuriken":0,"Bronze Scales":10,"Molten Egg 2":9,"Black Star":17,"Meat on the Bone":17,"Pocketwatch":17,"Darkstone Periapt":23,"SacredBark":17,"Enchiridion":22,"Mango":43,"Snake Skull":54,"Juzu Bracelet":43,"Incense Burner":29,"Empty Cage":17,"PrismaticShard":53,"ClockworkSouvenir":20,"Frozen Eye":39,"Tough Bandages":25,"Nunchaku":31,"Dream Catcher":9,"Mummified Hand":30,"Pantograph":12,"Gambling Chip":0,"Tiny Chest":26,"Red Mask":47,"Orichalcum":26,"Odd Mushroom":12,"Medical Kit":37,"White Beast Statue":9,"Mercury Hourglass":54,"Peace Pipe":9,"Calling Bell":17,"Cauldron":53,"Strange Spoon":53,"Anchor":34,"CaptainsWheel":54,"Bag of Marbles":43,"Coffee Dripper":34,"Membership Card":36,"FossilizedHelix":0,"TungstenRod":26},{"TwistedFunnel":381,"Spirit Poop":819,"Ginger":97,"Whetstone":100,"Bottled Tornado":52,"Boot":640,"Sling":741,"Old Coin":338,"Blood Vial":129,"Sundial":44,"MealTicket":616,"HandDrill":491,"Kunai":31,"Pear":315,"Blue Candle":249,"Velvet Choker":784,"Eternal Feather":146,"Tingsha":274,"Pen Nib":356,"Paper Crane":322,"Akabeko":575,"SlaversCollar":231,"MutagenicStrength":156,"Bird Faced Urn":189,"StrikeDummy":17,"Unceasing Top":193,"Ring of the Serpent":388,"Regal Pillow":36,"Lantern":269,"Torii":31,"Singing Bowl":116,"StoneCalendar":217,"Bag of Preparation":366,"Ancient Tea Set":2,"Cursed Key":281,"Smiling Mask":452,"Matryoshka":137,"Shovel":594,"WristBlade":112,"Ninja Scroll":172,"Toolbox":675,"WingedGreaves":80,"Chemical X":22,"InkBottle":57,"Ring of the Snake":0,"Potion Belt":3,"Lee\u0027s Waffle":676,"The Specimen":274,"Golden Idol":2,"Thread and Needle":245,"The Courier":183,"PreservedInsect":240,"Omamori":189,"Frozen Egg 2":398,"MawBank":245,"Busted Crown":1158,"Ornamental Fan":72,"Bloody Idol":161,"Orrery":58,"Turnip":116,"Art of War":80,"Bottled Lightning":24,"Toy Ornithopter":17,"Ice Cream":11,"Calipers":154,"Tiny House":984,"Gremlin Horn":480,"Nilry\u0027s Codex":925,"CeramicFish":172,"HoveringKite":21,"Vajra":91,"Sozu":136,"Centennial Puzzle":278,"Lizard Tail":329,"HornCleat":621,"DollysMirror":123,"Strawberry":107,"Prayer Wheel":138,"Toxic Egg 2":108,"Girya":250,"Happy Flower":12,"Astrolabe":86,"Oddly Smooth Stone":122,"Letter Opener":272,"War Paint":191,"Question Card":94,"Du-Vu Doll":540,"OrangePellets":754,"Bottled Flame":16,"Shuriken":97,"Bronze Scales":36,"Molten Egg 2":151,"Black Star":13,"Meat on the Bone":80,"Pocketwatch":129,"Darkstone Periapt":182,"SacredBark":360,"Enchiridion":68,"Mango":538,"Snake Skull":273,"Juzu Bracelet":141,"Incense Burner":560,"Empty Cage":103,"PrismaticShard":272,"ClockworkSouvenir":41,"Frozen Eye":877,"Tough Bandages":16,"Nunchaku":85,"Dream Catcher":355,"Mummified Hand":110,"Pantograph":11,"Gambling Chip":197,"Tiny Chest":16,"Red Mask":54,"Orichalcum":235,"Odd Mushroom":499,"Medical Kit":188,"White Beast Statue":11,"Mercury Hourglass":349,"Peace Pipe":62,"Calling Bell":80,"Cauldron":625,"Strange Spoon":739,"Anchor":338,"CaptainsWheel":349,"Bag of Marbles":267,"Coffee Dripper":848,"Membership Card":163,"FossilizedHelix":250,"TungstenRod":416},{"TwistedFunnel":2158,"Spirit Poop":4420,"Ginger":599,"Whetstone":611,"Bottled Tornado":309,"Boot":3447,"Sling":3991,"Old Coin":1918,"Blood Vial":722,"Sundial":249,"MealTicket":3304,"HandDrill":2775,"Kunai":183,"Pear":1796,"Blue Candle":1454,"Velvet Choker":4248,"Eternal Feather":781,"Tingsha":1567,"Pen Nib":2009,"Paper Crane":1834,"Akabeko":3135,"SlaversCollar":1359,"MutagenicStrength":843,"Bird Faced Urn":1121,"StrikeDummy":100,"Unceasing Top":1141,"Ring of the Serpent":2183,"Regal Pillow":206,"Lantern":1539,"Torii":183,"Singing Bowl":676,"StoneCalendar":1281,"Bag of Preparation":2061,"Ancient Tea Set":5,"Cursed Key":1617,"Smiling Mask":2575,"Matryoshka":750,"Shovel":3206,"WristBlade":661,"Ninja Scroll":996,"Toolbox":3633,"WingedGreaves":500,"Chemical X":129,"InkBottle":364,"Ring of the Snake":0,"Potion Belt":9,"Lee\u0027s Waffle":3638,"The Specimen":1567,"Golden Idol":5,"Thread and Needle":1436,"The Courier":1085,"PreservedInsect":1411,"Omamori":1121,"Frozen Egg 2":2226,"MawBank":1436,"Busted Crown":5965,"Ornamental Fan":459,"Bloody Idol":873,"Orrery":367,"Turnip":676,"Art of War":500,"Bottled Lightning":139,"Toy Ornithopter":100,"Ice Cream":57,"Calipers":823,"Tiny House":5251,"Gremlin Horn":2719,"Nilry\u0027s Codex":4904,"CeramicFish":996,"HoveringKite":124,"Vajra":558,"Sozu":746,"Centennial Puzzle":1590,"Lizard Tail":1866,"HornCleat":3329,"DollysMirror":699,"Strawberry":637,"Prayer Wheel":755,"Toxic Egg 2":643,"Girya":1462,"Happy Flower":68,"Astrolabe":533,"Oddly Smooth Stone":696,"Letter Opener":1557,"War Paint":1131,"Question Card":574,"Du-Vu Doll":2986,"OrangePellets":4053,"Bottled Flame":94,"Shuriken":599,"Bronze Scales":206,"Molten Egg 2":801,"Black Star":79,"Meat on the Bone":500,"Pocketwatch":722,"Darkstone Periapt":1075,"SacredBark":2027,"Enchiridion":435,"Mango":2979,"Snake Skull":1562,"Juzu Bracelet":766,"Incense Burner":3065,"Empty Cage":621,"PrismaticShard":1557,"ClockworkSouvenir":234,"Frozen Eye":4692,"Tough Bandages":94,"Nunchaku":521,"Dream Catcher":2005,"Mummified Hand":652,"Pantograph":57,"Gambling Chip":1176,"Tiny Chest":94,"Red Mask":329,"Orichalcum":1384,"Odd Mushroom":2819,"Medical Kit":1117,"White Beast Statue":57,"Mercury Hourglass":1972,"Peace Pipe":387,"Calling Bell":500,"Cauldron":3355,"Strange Spoon":3981,"Anchor":1918,"CaptainsWheel":1972,"Bag of Marbles":1530,"Coffee Dripper":4530,"Membership Card":899,"FossilizedHelix":1462,"TungstenRod":2337}],"Toy Ornithopter":3,"Ring of the Snake":[508]},"card_choices":[{"not_picked":["Quick Slash","Crippling Poison"],"picked":"Blur","floor":1.0},{"not_picked":["Crippling Poison","Poisoned Stab"],"picked":"Calculated Gamble","floor":3.0},{"not_picked":["Flying Knee","Poisoned Stab"],"picked":"Blade Dance","floor":5.0},{"not_picked":["Acrobatics","Poisoned Stab","Choke"],"picked":"SKIP","floor":7.0},{"not_picked":["Distraction","Caltrops","Dash"],"picked":"SKIP","floor":10.0},{"not_picked":["Bane","Distraction","Night Terror"],"picked":"SKIP","floor":12.0},{"not_picked":["Bullet Time","Grand Finale"],"picked":"After Image","floor":16.0},{"not_picked":["Finisher","Bane+1","Dagger Throw"],"picked":"SKIP","floor":18.0},{"not_picked":["Distraction","PiercingWail","Deadly Poison+1","Crippling Poison"],"picked":"SKIP","floor":20.0},{"not_picked":["Well Laid Plans","Dagger Throw","Flying Knee","Sucker Punch"],"picked":"SKIP","floor":23.0},{"not_picked":["Well Laid Plans","Dagger Throw","Flying Knee","Sucker Punch"],"picked":"SKIP","floor":23.0},{"not_picked":["Prepared","Bane+1","Deflect"],"picked":"Blade Dance+1","floor":24.0},{"not_picked":["Endless Agony","A Thousand Cuts","Flechettes+1","Quick Slash+1"],"picked":"SKIP","floor":27.0},{"not_picked":["Dash","Bane","PiercingWail","Cloak And Dagger"],"picked":"SKIP","floor":28.0},{"not_picked":["Doppelganger","All Out Attack","Quick Slash","Deadly Poison"],"picked":"SKIP","floor":29.0},{"not_picked":["Reflex+1","Deflect","Prepared","All Out Attack+1"],"picked":"SKIP","floor":31.0},{"not_picked":["Sucker Punch+1","Prepared+1","Dagger Throw","Backstab"],"picked":"SKIP","floor":35.0},{"not_picked":["Sadistic Nature","Transmutation","Secret Weapon"],"picked":"Dramatic Entrance","floor":37.0},{"not_picked":["Riddle With Holes+1","Dagger Spray","Tactician+1","Calculated Gamble+1"],"picked":"SKIP","floor":38.0},{"not_picked":["Prepared","Caltrops+1","Outmaneuver"],"picked":"Blur+1","floor":39.0},{"not_picked":["Crippling Poison+1","Dagger Spray","Prepared","Deflect"],"picked":"SKIP","floor":54}],"player_experience":886082,"relics_obtained":[{"floor":9.0,"key":"Tiny Chest"},{"floor":14.0,"key":"Art of War"},{"floor":19.0,"key":"Question Card"},{"floor":23.0,"key":"WingedGreaves"},{"floor":24.0,"key":"Shuriken"},{"floor":26.0,"key":"Ninja Scroll"},{"floor":27.0,"key":"Oddly Smooth Stone"},{"floor":29.0,"key":"Ancient Tea Set"},{"floor":36.0,"key":"Centennial Puzzle"},{"floor":46,"key":"Mango"},{"floor":54,"key":"Toy Ornithopter"}],"event_choices":[{"damage_healed":0.0,"max_hp_gain":0.0,"max_hp_loss":0.0,"gold_gain":74.0,"event_name":"Golden Wing","player_choice":"Gained Gold","floor":2.0,"gold_loss":0.0,"damage_taken":0.0},{"damage_healed":0.0,"max_hp_gain":0.0,"max_hp_loss":0.0,"gold_gain":0.0,"event_name":"Dead Adventurer","player_choice":"Searched \u00272\u0027 times","floor":14.0,"gold_loss":0.0,"damage_taken":0.0},{"damage_healed":0.0,"max_hp_gain":0.0,"max_hp_loss":0.0,"gold_gain":0.0,"event_name":"The Mausoleum","player_choice":"Opened","floor":22.0,"gold_loss":0.0,"damage_taken":0.0,"relics_obtained":["Lizard Tail"],"cards_obtained":["Writhe"]},{"damage_healed":0.0,"max_hp_gain":0.0,"max_hp_loss":0.0,"gold_gain":0.0,"event_name":"SensoryStone","player_choice":"Memory 3","floor":37.0,"gold_loss":0.0,"damage_taken":10.0},{"damage_healed":0,"gold_gain":0,"player_choice":"Max HP","damage_taken":0,"max_hp_gain":0,"max_hp_loss":4,"event_name":"Winding Halls","floor":44,"gold_loss":0}],"is_beta":false,"boss_relics":[{"not_picked":["Pandora\u0027s Box","Ring of the Serpent"],"picked":"SlaversCollar"},{"not_picked":["HoveringKite","Runic Dome"],"picked":"Cursed Key"}],"items_purged_floors":[0,0,11,21,25,30,41],"is_endless":false,"potions_floor_spawned":[7,10,12,20,23,24,29,39,54],"ascension_level":0}}