{"host":"anl785ehjgcmdvvq","time":1614423242,"event":{"mods":["AchievementEnabler","BaseMod","Minty Spire (QoL Compilation)","StSLib","Together in Spire"],"gold_per_floor":[114,114,114,40,59,100,100,140,192,208,208,231,245,258,258,387,387,371,214,228,243,256,291,305,338,338,338,338],"floor_reached":27,"language":"ENG","playtime":1390,"items_purged":[],"score":336,"play_id":"ef5c606d-a605-4391-ac8d-2a0c0a037377","local_time":"20210227135402","is_ascension_mode":true,"campfire_choices":[{"data":"Accuracy","floor":7,"key":"SMITH"},{"floor":11,"key":"REST"},{"floor":15,"key":"REST"}],"circlet_count":0,"master_deck":["Strike_G","Strike_G","Strike_G+1","Strike_G","Strike_G+1","Defend_G","Defend_G","Defend_G","Defend_G","Defend_G","Survivor","Neutralize","Blade Dance","Accuracy+1","Blade Dance","Malaise","Cloak And Dagger","A Thousand Cuts"],"relics":["SlaversCollar","Golden Idol","Potion Belt","Strawberry","Lantern","Busted Crown","Vajra","Centennial Puzzle","Bag of Marbles","Kunai"],"acts_visited":["Exordium","TheCity"],"potions_floor_usage":[5,5,14,14,14,16,16,16,21,25],"damage_taken":[{"damage":4,"enemies":"2 Louse","floor":1,"turns":5},{"damage":4,"enemies":"Jaw Worm","floor":5,"turns":4},{"damage":16,"enemies":"Lagavulin","floor":6,"turns":9},{"damage":16,"enemies":"Gremlin Nob","floor":8,"turns":4},{"damage":0,"enemies":"Small Slimes","floor":10,"turns":2},{"damage":6,"enemies":"2 Fungi Beasts","floor":12,"turns":2},{"damage":7,"enemies":"Large Slime","floor":13,"turns":6},{"damage":16,"enemies":"Exordium Thugs","floor":14,"turns":5},{"damage":2,"enemies":"Hexaghost","floor":16,"turns":8},{"damage":18,"enemies":"2 Thieves","floor":18,"turns":4},{"damage":10,"enemies":"Shell Parasite","floor":20,"turns":3},{"damage":16,"enemies":"Shelled Parasite and Fungi","floor":21,"turns":4},{"damage":8,"enemies":"3 Cultists","floor":22,"turns":5},{"damage":18,"enemies":"Slavers","floor":23,"turns":4},{"damage":5,"enemies":"Snecko","floor":24,"turns":4},{"damage":0,"enemies":"Gremlin Leader","floor":25,"turns":7},{"damage":2,"enemies":"Snake Plant","floor":27,"turns":2}],"seed_played":"-6597432928711981536","potions_obtained":[{"floor":1,"key":"SneckoOil"},{"floor":6,"key":"PowerPotion"},{"floor":12,"key":"EntropicBrew"},{"floor":14,"key":"Block Potion"},{"floor":18,"key":"Swift Potion"},{"floor":21,"key":"Ancient Potion"},{"floor":24,"key":"PowerPotion"}],"is_trial":false,"path_per_floor":["M","?","?","$","M","E","R","E","T","M","R","M","M","M","R","B",null,"M","$","M","M","M","E","M","E","T","M"],"character_chosen":"THE_SILENT","items_purchased":["Regen Potion","Vajra"],"campfire_rested":2,"item_purchase_floors":[4,19],"current_hp_per_floor":[66,49,35,35,43,27,27,18,18,18,41,35,28,12,35,33,77,59,59,49,33,25,7,2,2,2,0,0],"gold":338,"neow_bonus":"BOSS_RELIC","is_daily":false,"chose_seed":false,"campfire_upgraded":1,"win_rate":0.0,"timestamp":1614423242,"path_taken":["M","?","?","$","M","E","R","E","T","M","R","M","M","M","R","BOSS","M","$","M","M","M","E","M","E","T","M"],"items_purchased_type":["Potion","Relic"],"build_version":"2020-12-22","purchased_purges":0,"victory":false,"max_hp_per_floor":[70,70,70,70,70,70,70,77,77,77,77,77,77,77,77,77,77,77,77,77,77,77,77,77,77,77,77,77],"card_choices":[{"not_picked":["Underhanded Strike","Dagger Spray"],"picked":"Blade Dance","floor":1},{"not_picked":["Poisoned Stab","PiercingWail","Acrobatics"],"picked":"SKIP","floor":5},{"not_picked":["Prepared","Dodge and Roll"],"picked":"Accuracy","floor":6},{"not_picked":["Cloak And Dagger","Slice"],"picked":"Blade Dance","floor":8},{"not_picked":["Prepared","Flying Knee"],"picked":"Malaise","floor":10},{"not_picked":["Riddle With Holes","Sucker Punch","Flying Knee"],"picked":"SKIP","floor":12},{"not_picked":["Slice","Expertise","Masterful Stab"],"picked":"SKIP","floor":13},{"not_picked":["Quick Slash","Deadly Poison"],"picked":"Cloak And Dagger","floor":14},{"not_picked":["Adrenaline","Burst"],"picked":"A Thousand Cuts","floor":16},{"not_picked":["Backflip"],"picked":"SKIP","floor":18},{"not_picked":["Underhanded Strike+1"],"picked":"SKIP","floor":20},{"not_picked":["Predator"],"picked":"SKIP","floor":21},{"not_picked":["Slice"],"picked":"SKIP","floor":22},{"not_picked":["Deadly Poison"],"picked":"SKIP","floor":23},{"not_picked":["Die Die Die"],"picked":"SKIP","floor":24},{"not_picked":["Dodge and Roll"],"picked":"SKIP","floor":25}],"player_experience":144662,"relics_obtained":[{"floor":6,"key":"Potion Belt"},{"floor":8,"key":"Strawberry"},{"floor":9,"key":"Lantern"},{"floor":23,"key":"Centennial Puzzle"},{"floor":25,"key":"Bag of Marbles"},{"floor":26,"key":"Kunai"}],"event_choices":[{"damage_healed":0,"gold_gain":0,"player_choice":"Take Damage","damage_taken":17,"relics_obtained":["Golden Idol"],"max_hp_gain":0,"max_hp_loss":0,"event_name":"Golden Idol","floor":2,"gold_loss":0},{"damage_healed":0,"gold_gain":0,"player_choice":"Entered Light","damage_taken":14,"max_hp_gain":0,"max_hp_loss":0,"event_name":"Shining Light","floor":3,"gold_loss":0,"cards_upgraded":["Strike_G","Strike_G"]}],"is_beta":false,"boss_relics":[{"not_picked":["Cursed Key","Fusion Hammer"],"picked":"Busted Crown"}],"items_purged_floors":[],"is_endless":false,"potions_floor_spawned":[1,6,12,14,18,21,24],"killed_by":"Snake Plant","ascension_level":3}}