{"host":"3dgd3gfmqutz6web","time":1614409553,"event":{"mods":["Aspiration","BaseMod","BetterRewards","Dark Map","Downfall","Library of Ruina","Minty Spire (QoL Compilation)","Reliquary","Replay The Spire","Spikes Relics","StSLib"],"gold_per_floor":[109,109,109,109,119,138,165,200,200,200,254,144,162,162,162],"floor_reached":14,"language":"ENG","playtime":461,"items_purged":[],"score":136,"play_id":"c534bde1-c35b-4f12-a36b-67fc8ff24c98","local_time":"20210226230552","is_ascension_mode":true,"campfire_choices":[{"floor":9,"key":"REST"}],"circlet_count":0,"master_deck":["AscendersBane","Strike_R","Strike_R","Strike_R","Strike_R","Strike_R","Defend_R","Defend_R","Defend_R","Bash","ReplayTheSpireMod:LeadingStrike","Sword Boomerang","Heavy Blade","Hemogenesis","Bloodletting","Flex","ReplayReversal+1","Infernal Blade"],"relics":["Burning Blood","aspiration:Nostalgia","Slimebound:AbsorbEndCombat","Odd Mushroom","Darkstone Periapt","reliquary:PorcupineQuills"],"acts_visited":["Exordium"],"potions_floor_usage":[8,13],"damage_taken":[{"damage":0,"enemies":"Small Slimes","floor":1,"turns":3},{"damage":13,"enemies":"Jaw Worm","floor":5,"turns":4},{"damage":4,"enemies":"2 Louse","floor":6,"turns":3},{"damage":46,"enemies":"The Mushroom Lair","floor":7,"turns":7},{"damage":13,"enemies":"Gremlin Nob","floor":8,"turns":4},{"damage":11,"enemies":"Blue Slaver","floor":13,"turns":2},{"damage":51,"enemies":"3 Sentries","floor":14,"turns":6}],"seed_played":"3881364878236853565","potions_obtained":[{"floor":5,"key":"SteroidPotion"},{"floor":7,"key":"Fire Potion"},{"floor":13,"key":"SpeedPotion"}],"is_trial":false,"path_per_floor":["M","?","PTL","PTL","M","M","?","E","R","?","T","$","M","E"],"character_chosen":"IRONCLAD","items_purchased":["Flex","ReplayReversal+1"],"campfire_rested":1,"item_purchase_floors":[12,12],"current_hp_per_floor":[78,71,71,71,64,66,26,24,48,48,48,48,43,0,0],"gold":162,"neow_bonus":"NOSTALGIA","is_daily":false,"chose_seed":false,"campfire_upgraded":0,"win_rate":0.0,"timestamp":1614409552,"path_taken":["M","?","PTL","PTL","M","M","?","E","R","?","T","?","M","E"],"items_purchased_type":["Card","Card"],"build_version":"2020-12-22","purchased_purges":0,"victory":false,"max_hp_per_floor":[80,80,80,80,80,80,80,80,80,80,80,80,80,80,80],"card_choices":[{"not_picked":["Headbutt","Clothesline"],"picked":"ReplayTheSpireMod:LeadingStrike","floor":1},{"not_picked":["Bloodletting","Wild Strike"],"picked":"Sword Boomerang","floor":5},{"not_picked":["Havoc","Replay:Undeath\u0027s Touch"],"picked":"Heavy Blade","floor":6},{"not_picked":["Absolvement","Iron Wave"],"picked":"Hemogenesis","floor":7},{"not_picked":["Twin Strike","Replay:Undeath\u0027s Touch"],"picked":"Bloodletting","floor":8},{"not_picked":["Heavy Blade","Entrench"],"picked":"Infernal Blade","floor":13}],"player_experience":259578,"relics_obtained":[{"floor":7,"key":"Odd Mushroom"},{"floor":8,"key":"Darkstone Periapt"},{"floor":11,"key":"reliquary:PorcupineQuills"}],"event_choices":[{"cards_removed":["Defend_R"],"damage_healed":0,"gold_gain":0,"player_choice":"Card Removal","damage_taken":7,"max_hp_gain":0,"max_hp_loss":0,"event_name":"Golden Wing","floor":2,"gold_loss":0},{"damage_healed":0,"gold_gain":0,"player_choice":"Fought Mushrooms","damage_taken":0,"max_hp_gain":0,"max_hp_loss":0,"event_name":"Mushrooms","floor":7,"gold_loss":0},{"damage_healed":0,"gold_gain":0,"player_choice":"Ignored","damage_taken":0,"max_hp_gain":0,"max_hp_loss":0,"event_name":"Liars Game","floor":10,"gold_loss":0}],"is_beta":false,"boss_relics":[],"items_purged_floors":[],"is_endless":false,"potions_floor_spawned":[5,7,13],"killed_by":"3 Sentries","ascension_level":11}}