{"host":"08yfhu6uhosdn245","time":1614397736,"event":{"mods":["2.2 Compatiblity","AchievementEnabler","BaseMod","Bestiary","Colored Map","Colored Powertips","Curses Come First","Highlight Path","Minty Spire (QoL Compilation)","Quick Restart","Relic Stats","StSLib"],"gold_per_floor":[113,126,139,94,113,139,139,167,167,167,167,201,219,239,239,335,335,346,261,261,277,287,617,617,632,657,687,687,350,350,380,380,476,476,491,502,516,529,539,539,566,578,638,659,715,727,752,777,789,801],"floor_reached":51,"language":"ENG","playtime":3362,"items_purged":["Strike_R"],"score":1061,"play_id":"7e4b5785-22e9-4e08-996a-8e94c6025218","local_time":"20210226224856","is_ascension_mode":true,"campfire_choices":[{"data":"Bash","floor":15.0,"key":"SMITH"},{"data":"Fire Breathing","floor":24.0,"key":"SMITH"},{"data":"Power Through","floor":30.0,"key":"SMITH"},{"data":"Power Through","floor":32.0,"key":"SMITH"},{"data":"Impervious","floor":40.0,"key":"SMITH"},{"floor":49.0,"key":"REST"}],"circlet_count":0,"master_deck":["Bash+1","Thunderclap+1","Ghostly Armor+1","Power Through+1","Dropkick+1","Clothesline+1","Twin Strike+1","Dropkick+1","Impervious+1","Iron Wave+1","Fiend Fire+1","Power Through+1","Wild Strike+1","Fire Breathing+1","Juggernaut+1","Thunderclap+1","Clothesline+1","Dark Embrace+1","Power Through+1","Shockwave+1","True Grit+1","Barricade+1","Iron Wave+1","Flame Barrier+1","Wild Strike+1","Infernal Blade+1","Bloodletting+1","Reckless Charge+1","Dropkick+1","Uppercut+1","Second Wind+1","Shrug It Off+1","PanicButton+1","Dual Wield+1"],"relics":["Burning Blood","Toy Ornithopter","Whetstone","Molten Egg 2","Pantograph","Singing Bowl","CaptainsWheel","Snecko Eye","Meat on the Bone","Old Coin","War Paint","Bronze Scales","DollysMirror","Anchor","Pandora\u0027s Box","MawBank","CeramicFish","Regal Pillow","Mark of the Bloom"],"acts_visited":["Exordium","TheCity","TheBeyond"],"potions_floor_usage":[50,50],"damage_taken":[{"damage":6.0,"enemies":"Cultist","floor":1.0,"turns":3.0},{"damage":0.0,"enemies":"Small Slimes","floor":2.0,"turns":3.0},{"damage":14.0,"enemies":"Jaw Worm","floor":3.0,"turns":4.0},{"damage":15.0,"enemies":"Looter","floor":4.0,"turns":5.0},{"damage":4.0,"enemies":"2 Fungi Beasts","floor":5.0,"turns":4.0},{"damage":36.0,"enemies":"Lagavulin","floor":6.0,"turns":7.0},{"damage":32.0,"enemies":"Gremlin Nob","floor":8.0,"turns":4.0},{"damage":15.0,"enemies":"Lagavulin","floor":12.0,"turns":6.0},{"damage":9.0,"enemies":"Red Slaver","floor":13.0,"turns":4.0},{"damage":0.0,"enemies":"3 Louse","floor":14.0,"turns":3.0},{"damage":40.0,"enemies":"Hexaghost","floor":16.0,"turns":14.0},{"damage":0.0,"enemies":"Spheric Guardian","floor":18.0,"turns":2.0},{"damage":1.0,"enemies":"2 Thieves","floor":21.0,"turns":3.0},{"damage":0.0,"enemies":"Snecko","floor":22.0,"turns":3.0},{"damage":17.0,"enemies":"Book of Stabbing","floor":23.0,"turns":5.0},{"damage":12.0,"enemies":"Centurion and Healer","floor":25.0,"turns":3.0},{"damage":20.0,"enemies":"Slavers","floor":27.0,"turns":5.0},{"damage":0.0,"enemies":"Book of Stabbing","floor":31.0,"turns":4.0},{"damage":85.0,"enemies":"Automaton","floor":33.0,"turns":10.0},{"damage":0.0,"enemies":"3 Shapes","floor":35.0,"turns":2.0},{"damage":0.0,"enemies":"Orb Walker","floor":36.0,"turns":3.0},{"damage":25.0,"enemies":"Maw","floor":37.0,"turns":7.0},{"damage":14.0,"enemies":"Jaw Worm Horde","floor":38.0,"turns":4.0},{"damage":12.0,"enemies":"4 Shapes","floor":39.0,"turns":7.0},{"damage":0.0,"enemies":"Nemesis","floor":41.0,"turns":5.0},{"damage":22.0,"enemies":"Reptomancer","floor":45.0,"turns":8.0},{"damage":10.0,"enemies":"3 Darklings","floor":47.0,"turns":6.0},{"damage":0.0,"enemies":"Writhing Mass","floor":48.0,"turns":6.0},{"damage":27,"enemies":"Awakened One","floor":50,"turns":10}],"seed_played":"-1094627193070982600","potions_obtained":[{"floor":3.0,"key":"EssenceOfSteel"},{"floor":6.0,"key":"Regen Potion"},{"floor":8.0,"key":"Explosive Potion"},{"floor":12.0,"key":"Energy Potion"},{"floor":13.0,"key":"Dexterity Potion"},{"floor":18.0,"key":"DuplicationPotion"},{"floor":25.0,"key":"Regen Potion"},{"floor":31.0,"key":"GamblersBrew"},{"floor":33.0,"key":"SneckoOil"},{"floor":36.0,"key":"Fire Potion"},{"floor":39.0,"key":"Ancient Potion"},{"floor":41.0,"key":"Regen Potion"},{"floor":45.0,"key":"Swift Potion"},{"floor":48.0,"key":"ColorlessPotion"}],"is_trial":false,"path_per_floor":["M","M","M","M","M","E","T","E","T","?","?","E","M","M","R","B",null,"M","?","?","M","M","E","R","M","T","E","?","$","R","E","R","B",null,"M","M","M","M","M","R","E","?","T","?","E","?","M","M","R","B",null],"character_chosen":"IRONCLAD","items_purchased":["Dark Embrace","DollysMirror","Shockwave"],"campfire_rested":1,"item_purchase_floors":[29,29,29],"current_hp_per_floor":[88,88,80,71,73,43,43,34,34,31,31,24,21,29,29,25,75,83,83,83,88,94,88,88,87,87,73,73,73,73,79,79,49,83,91,96,79,73,67,67,73,73,73,73,82,82,72,72,72,45],"gold":813,"neow_bonus":"TEN_PERCENT_HP_BONUS","is_daily":false,"chose_seed":false,"campfire_upgraded":5,"win_rate":0.0,"timestamp":1614397736,"path_taken":["M","M","M","M","M","E","?","E","T","?","?","E","?","M","R","BOSS","M","?","?","M","?","E","R","M","T","E","?","?","R","E","R","BOSS","M","M","M","M","?","R","E","?","T","?","E","?","?","M","R","BOSS"],"items_purchased_type":["Card","Relic","Card"],"build_version":"2020-12-22","purchased_purges":1,"victory":true,"max_hp_per_floor":[88,88,88,88,88,88,88,88,88,88,88,90,90,92,92,92,92,94,94,94,94,94,94,94,94,94,94,94,94,94,94,94,94,94,96,96,98,100,100,100,100,95,95,95,95,95,97,99,99,99],"relic_stats":{"Regal Pillow":0,"Mark of the Bloom":118,"Singing Bowl":16,"counters":[29,150],"CeramicFish":18,"Whetstone":["Strike_R","Strike_R"],"War Paint":["Defend_R","Ghostly Armor"],"MawBank":120,"Burning Blood":149,"Pantograph":40,"Bronze Scales":[242],"Snecko Eye":[175,165,178,164],"Pandora\u0027s Box":["Iron Wave","Flame Barrier","Wild Strike","Infernal Blade","Bloodletting","Reckless Charge","Dropkick"],"obtain_stats":[{"Regal Pillow":45,"Mark of the Bloom":46,"Singing Bowl":10,"CeramicFish":43,"Whetstone":7,"War Paint":26,"MawBank":41,"Burning Blood":0,"Old Coin":23,"CaptainsWheel":12,"Anchor":31,"DollysMirror":29,"Pantograph":9,"Bronze Scales":27,"Snecko Eye":17,"Molten Egg 2":8,"Pandora\u0027s Box":34,"Toy Ornithopter":6,"Meat on the Bone":19},{"Regal Pillow":26,"Mark of the Bloom":26,"Singing Bowl":7,"CeramicFish":25,"Whetstone":6,"War Paint":16,"MawBank":25,"Burning Blood":0,"Old Coin":15,"CaptainsWheel":8,"Anchor":18,"DollysMirror":17,"Pantograph":7,"Bronze Scales":17,"Snecko Eye":11,"Molten Egg 2":7,"Pandora\u0027s Box":19,"Toy Ornithopter":6,"Meat on the Bone":12},{"Regal Pillow":128,"Mark of the Bloom":128,"Singing Bowl":30,"CeramicFish":120,"Whetstone":26,"War Paint":73,"MawBank":120,"Burning Blood":0,"Old Coin":70,"CaptainsWheel":36,"Anchor":82,"DollysMirror":78,"Pantograph":30,"Bronze Scales":78,"Snecko Eye":57,"Molten Egg 2":30,"Pandora\u0027s Box":92,"Toy Ornithopter":26,"Meat on the Bone":59}],"Toy Ornithopter":40,"Meat on the Bone":12},"card_choices":[{"not_picked":["Sword Boomerang","Clothesline"],"picked":"Thunderclap","floor":1.0},{"not_picked":["Thunderclap","Evolve"],"picked":"Ghostly Armor","floor":2.0},{"not_picked":["Iron Wave","Sword Boomerang"],"picked":"Power Through","floor":3.0},{"not_picked":["Body Slam","Havoc"],"picked":"Dropkick","floor":4.0},{"not_picked":["Anger","Warcry"],"picked":"Clothesline","floor":5.0},{"not_picked":["Exhume","Blood for Blood"],"picked":"Twin Strike","floor":6.0},{"not_picked":["Perfected Strike+1","Anger+1"],"picked":"Dropkick+1","floor":8.0},{"not_picked":["Sentinel","Fire Breathing","Body Slam+1"],"picked":"Singing Bowl","floor":12.0},{"not_picked":["Rupture","Twin Strike+1"],"picked":"Iron Wave+1","floor":13.0},{"not_picked":["Flex","Sword Boomerang+1","Dual Wield"],"picked":"Singing Bowl","floor":14.0},{"not_picked":["Impervious","Limit Break"],"picked":"Fiend Fire+1","floor":16.0},{"not_picked":["Flame Barrier","Thunderclap+1","Flex"],"picked":"Singing Bowl","floor":18.0},{"not_picked":["Rage","Pommel Strike+1"],"picked":"Wild Strike+1","floor":21.0},{"not_picked":["Anger+1","Perfected Strike+1"],"picked":"Fire Breathing","floor":22.0},{"not_picked":["Sever Soul+1","Entrench"],"picked":"Juggernaut","floor":23.0},{"not_picked":["Sword Boomerang+1","Bloodletting"],"picked":"Thunderclap+1","floor":25.0},{"not_picked":["Iron Wave+1","Metallicize"],"picked":"Clothesline+1","floor":27.0},{"not_picked":["Headbutt+1","Clash+1"],"picked":"True Grit+1","floor":31.0},{"not_picked":["Berserk","Juggernaut"],"picked":"Barricade","floor":33.0},{"not_picked":["Pommel Strike+1","Body Slam+1","Seeing Red+1"],"picked":"Singing Bowl","floor":35.0},{"not_picked":["Havoc","Spot Weakness+1"],"picked":"Uppercut+1","floor":36.0},{"not_picked":["Flame Barrier+1","Searing Blow+1","Perfected Strike+1"],"picked":"Singing Bowl","floor":37.0},{"not_picked":["Seeing Red","Ghostly Armor","Clash+1"],"picked":"Singing Bowl","floor":38.0},{"not_picked":["Flex","Shockwave"],"picked":"Second Wind+1","floor":39.0},{"not_picked":["Ghostly Armor+1","Burning Pact"],"picked":"Shrug It Off+1","floor":41.0},{"not_picked":["Jack Of All Trades","Panacea"],"picked":"PanicButton","floor":44.0},{"not_picked":["Wild Strike+1","Searing Blow+1"],"picked":"Dual Wield+1","floor":45.0},{"not_picked":["Twin Strike+1","Pummel+1","Armaments"],"picked":"Singing Bowl","floor":47.0},{"not_picked":["Combust","Bloodletting","Rampage+1"],"picked":"Singing Bowl","floor":48.0}],"player_experience":434085,"relics_obtained":[{"floor":6.0,"key":"Toy Ornithopter"},{"floor":7.0,"key":"Whetstone"},{"floor":8.0,"key":"Molten Egg 2"},{"floor":9.0,"key":"Pantograph"},{"floor":12.0,"key":"CaptainsWheel"},{"floor":23.0,"key":"Old Coin"},{"floor":26.0,"key":"War Paint"},{"floor":27.0,"key":"Bronze Scales"},{"floor":31.0,"key":"Anchor"},{"floor":41.0,"key":"MawBank"},{"floor":43.0,"key":"CeramicFish"},{"floor":45.0,"key":"Regal Pillow"}],"event_choices":[{"damage_healed":0.0,"max_hp_gain":0.0,"max_hp_loss":0.0,"gold_gain":0.0,"event_name":"Scrap Ooze","player_choice":"Success","floor":10.0,"gold_loss":0.0,"damage_taken":3.0,"relics_obtained":["Singing Bowl"]},{"damage_healed":0.0,"max_hp_gain":0.0,"max_hp_loss":0.0,"gold_gain":0.0,"cards_transformed":["Strike_R"],"event_name":"Living Wall","player_choice":"Change","floor":11.0,"gold_loss":0.0,"damage_taken":0.0,"cards_obtained":["Impervious"]},{"damage_healed":0.0,"max_hp_gain":0.0,"max_hp_loss":0.0,"gold_gain":0.0,"event_name":"Addict","player_choice":"Obtained Relic","floor":19.0,"gold_loss":85.0,"damage_taken":0.0,"relics_obtained":["Meat on the Bone"]},{"damage_healed":0.0,"max_hp_gain":0.0,"max_hp_loss":0.0,"gold_gain":0.0,"event_name":"Duplicator","player_choice":"Copied","floor":20.0,"gold_loss":0.0,"damage_taken":0.0,"cards_obtained":["Power Through"]},{"damage_healed":0.0,"max_hp_gain":0.0,"max_hp_loss":0.0,"gold_gain":0.0,"event_name":"Vampires","player_choice":"Ignored","floor":28.0,"gold_loss":0.0,"damage_taken":0.0},{"damage_healed":0.0,"max_hp_gain":0.0,"max_hp_loss":5.0,"gold_gain":0.0,"event_name":"Winding Halls","player_choice":"Max HP","floor":42.0,"gold_loss":0.0,"damage_taken":0.0},{"damage_healed":0.0,"max_hp_gain":0.0,"max_hp_loss":0.0,"gold_gain":0.0,"event_name":"SensoryStone","player_choice":"Memory 1","floor":44.0,"gold_loss":0.0,"damage_taken":0.0},{"damage_healed":0.0,"max_hp_gain":0.0,"max_hp_loss":0.0,"gold_gain":0.0,"event_name":"MindBloom","player_choice":"Upgrade","floor":46.0,"gold_loss":0.0,"damage_taken":0.0,"cards_upgraded":["Thunderclap","Dropkick","Clothesline","Twin Strike","Power Through","Juggernaut","Dark Embrace","Shockwave","Barricade","Flame Barrier","Infernal Blade","Bloodletting","PanicButton"],"relics_obtained":["Mark of the Bloom"]}],"is_beta":false,"boss_relics":[{"not_picked":["Coffee Dripper","Runic Dome"],"picked":"Snecko Eye"},{"not_picked":["Black Blood","SacredBark"],"picked":"Pandora\u0027s Box"}],"items_purged_floors":[29],"is_endless":false,"potions_floor_spawned":[3,6,8,12,13,18,25,31,33,36,39,41,45,48],"ascension_level":5}}