{"host":"BK","time":1614407521,"event":{"mods":["BaseMod","Highlight Path","Minty Spire (QoL Compilation)","StSLib"],"gold_per_floor":[115,265,315,99,111,111,121,151,151,183,194,210,190,205,205,283,283,300,320,334,344,72,72,89,89,89,123,23,49,49,78,78,155,155,168,443,48,65,114,148,148,148,148,163,195,209,225,259,259,259,259],"floor_reached":50,"language":"ENG","playtime":2917,"items_purged":["Doubt","Strike_R","Regret"],"score":1429,"play_id":"25cfde3f-85f4-4d77-982c-3a01f457ecc4","local_time":"20210226233201","is_ascension_mode":true,"campfire_choices":[{"data":"Bludgeon","floor":6.0,"key":"SMITH"},{"data":"Bash","floor":15.0,"key":"SMITH"},{"data":"Immolate","floor":23.0,"key":"SMITH"},{"data":"Flame Barrier","floor":25.0,"key":"SMITH"},{"floor":32.0,"key":"REST"},{"floor":41.0,"key":"REST"},{"floor":49,"key":"REST"}],"circlet_count":0,"master_deck":["AscendersBane","Strike_R","Strike_R","Strike_R","Strike_R","Defend_R","Defend_R","Defend_R+1","Defend_R+1","Bash+1","Bludgeon+1","Shrug It Off","Flame Barrier+1","Metallicize+1","Immolate+1","Burning Pact+1","Barricade+1","Shockwave","Juggernaut+1","Disarm","Metallicize+1","Dark Embrace+1","Disarm","Dropkick+1","Finesse","Finesse","Deep Breath"],"relics":["Burning Blood","Pocketwatch","Frozen Egg 2","Oddly Smooth Stone","Snecko Eye","Shuriken","Darkstone Periapt","Lantern","Blood Vial","War Paint","Fusion Hammer","Membership Card","Sundial","Calipers","Happy Flower","Bag of Marbles","Blue Candle","Strawberry"],"acts_visited":["TheCity","TheBeyond"],"potions_floor_usage":[48],"damage_taken":[{"damage":5.0,"enemies":"Small Slimes","floor":1.0,"turns":5.0},{"damage":7.0,"enemies":"2 Louse","floor":5.0,"turns":3.0},{"damage":0.0,"enemies":"Cultist","floor":7.0,"turns":2.0},{"damage":20.0,"enemies":"Lagavulin","floor":8.0,"turns":3.0},{"damage":21.0,"enemies":"3 Sentries","floor":10.0,"turns":7.0},{"damage":0.0,"enemies":"3 Louse","floor":11.0,"turns":5.0},{"damage":9.0,"enemies":"Red Slaver","floor":12.0,"turns":3.0},{"damage":8.0,"enemies":"Exordium Wildlife","floor":14.0,"turns":4.0},{"damage":4.0,"enemies":"The Guardian","floor":16.0,"turns":12.0},{"damage":11.0,"enemies":"Shell Parasite","floor":18.0,"turns":3.0},{"damage":2.0,"enemies":"3 Byrds","floor":19.0,"turns":3.0},{"damage":5.0,"enemies":"Centurion and Healer","floor":20.0,"turns":4.0},{"damage":0.0,"enemies":"Snecko","floor":21.0,"turns":3.0},{"damage":2.0,"enemies":"Cultist and Chosen","floor":24.0,"turns":4.0},{"damage":24.0,"enemies":"Gremlin Leader","floor":27.0,"turns":3.0},{"damage":29.0,"enemies":"Slavers","floor":29.0,"turns":3.0},{"damage":6.0,"enemies":"Gremlin Leader","floor":31.0,"turns":4.0},{"damage":0.0,"enemies":"Champ","floor":33.0,"turns":9.0},{"damage":8.0,"enemies":"3 Darklings","floor":35.0,"turns":3.0},{"damage":0.0,"enemies":"Orb Walker","floor":38.0,"turns":3.0},{"damage":27.0,"enemies":"2 Orb Walkers","floor":39.0,"turns":4.0},{"damage":28.0,"enemies":"Reptomancer","floor":40.0,"turns":4.0},{"damage":0.0,"enemies":"4 Shapes","floor":44.0,"turns":4.0},{"damage":19.0,"enemies":"Nemesis","floor":45.0,"turns":5.0},{"damage":24.0,"enemies":"Spire Growth","floor":46.0,"turns":5.0},{"damage":21.0,"enemies":"Writhing Mass","floor":47.0,"turns":5.0},{"damage":11,"enemies":"Reptomancer","floor":48,"turns":5},{"damage":65,"enemies":"Awakened One","floor":50,"turns":5}],"seed_played":"-3938467775126640291","potions_obtained":[{"floor":5.0,"key":"Ancient Potion"},{"floor":13.0,"key":"PowerPotion"},{"floor":16.0,"key":"Fruit Juice"},{"floor":20.0,"key":"Explosive Potion"},{"floor":29.0,"key":"Energy Potion"},{"floor":39.0,"key":"PowerPotion"},{"floor":47.0,"key":"Fruit Juice"},{"floor":48,"key":"PowerPotion"}],"is_trial":false,"path_per_floor":["M","?","?","$","M","R","M","E","T","E","M","M","?","M","R","B",null,"M","M","M","M","$","R","M","R","T","E","$","E","?","E","R","B",null,"M","?","$","M","?","E","R","?","T","M","E","M","M","E","R","B"],"character_chosen":"IRONCLAD","items_purchased":["Bludgeon","FearPotion","Shuriken","Membership Card","Metallicize+1","Sundial"],"campfire_rested":3,"item_purchase_floors":[4,4,22,37,37,37],"current_hp_per_floor":[68,68,68,68,67,67,68,54,54,39,45,42,42,40,40,42,62,57,61,67,73,73,73,73,73,73,55,55,32,32,34,55,63,71,71,77,77,79,58,38,61,51,51,59,48,32,19,28,55,0,0],"gold":259,"neow_bonus":"ONE_RARE_RELIC","is_daily":false,"chose_seed":false,"campfire_upgraded":4,"win_rate":0.0,"timestamp":1614407521,"path_taken":["M","?","?","$","M","R","?","E","T","E","M","M","?","M","R","BOSS","M","M","M","M","$","R","M","R","T","E","$","E","?","E","R","BOSS","M","?","$","?","?","E","R","?","T","M","E","M","M","E","R","BOSS"],"items_purchased_type":["Card","Potion","Relic","Relic","Card","Relic"],"build_version":"2020-12-18","purchased_purges":3,"victory":false,"max_hp_per_floor":[68,68,68,68,68,68,68,68,68,68,68,68,68,68,68,68,68,68,68,73,73,73,73,73,73,73,73,73,73,73,73,73,73,73,73,79,79,79,79,79,79,79,79,79,79,79,79,91,91,91,91],"card_choices":[{"not_picked":["True Grit","Clash","Warcry"],"picked":"SKIP","floor":1.0},{"not_picked":["Headbutt","Flex"],"picked":"Shrug It Off","floor":5.0},{"not_picked":["Warcry","Searing Blow","Ghostly Armor"],"picked":"SKIP","floor":7.0},{"not_picked":["Thunderclap","Dark Embrace+1","Intimidate"],"picked":"SKIP","floor":8.0},{"not_picked":["Inflame+1","Battle Trance"],"picked":"Flame Barrier","floor":10.0},{"not_picked":["Armaments","Flex","Shrug It Off"],"picked":"SKIP","floor":11.0},{"not_picked":["Pommel Strike","Pummel"],"picked":"Metallicize+1","floor":12.0},{"not_picked":["Armaments","Sword Boomerang","Wild Strike"],"picked":"SKIP","floor":14.0},{"not_picked":["Juggernaut+1","Fiend Fire"],"picked":"Immolate","floor":16.0},{"not_picked":["Cleave","Anger+1","Shrug It Off"],"picked":"SKIP","floor":18.0},{"not_picked":["Warcry","Cleave","Flex"],"picked":"SKIP","floor":19.0},{"not_picked":["Sword Boomerang+1","Whirlwind"],"picked":"Burning Pact+1","floor":20.0},{"not_picked":["Havoc+1","Headbutt+1","Body Slam"],"picked":"SKIP","floor":21.0},{"not_picked":["Metallicize+1","Sentinel"],"picked":"Barricade+1","floor":24.0},{"not_picked":["Havoc","Headbutt","Heavy Blade"],"picked":"SKIP","floor":27.0},{"not_picked":["Pummel","Uppercut","Intimidate"],"picked":"SKIP","floor":29.0},{"not_picked":["Infernal Blade","Sword Boomerang+1"],"picked":"Shockwave","floor":31.0},{"not_picked":["Immolate","Exhume"],"picked":"Juggernaut+1","floor":33.0},{"not_picked":["Feel No Pain+1","Perfected Strike"],"picked":"Disarm","floor":35.0},{"not_picked":["Perfected Strike","Pommel Strike"],"picked":"Dark Embrace+1","floor":38.0},{"not_picked":["Headbutt","Pommel Strike"],"picked":"Disarm","floor":39.0},{"not_picked":["Twin Strike","Iron Wave"],"picked":"Dropkick+1","floor":40.0},{"not_picked":["Discovery","Good Instincts"],"picked":"Finesse","floor":42.0},{"not_picked":["Forethought","The Bomb"],"picked":"Finesse","floor":42.0},{"not_picked":["Panache+1","Blind"],"picked":"Deep Breath","floor":42.0},{"not_picked":["Rage","Twin Strike","Second Wind+1"],"picked":"SKIP","floor":44.0},{"not_picked":["Juggernaut+1","Body Slam","Cleave+1"],"picked":"SKIP","floor":45.0},{"not_picked":["Pommel Strike+1","Perfected Strike","Iron Wave"],"picked":"SKIP","floor":46.0},{"not_picked":["Hemokinesis+1","Sword Boomerang","Cleave"],"picked":"SKIP","floor":47.0},{"not_picked":["Pommel Strike","Wild Strike+1","Clash+1"],"picked":"SKIP","floor":48}],"player_experience":2630977,"relics_obtained":[{"floor":8.0,"key":"Frozen Egg 2"},{"floor":10.0,"key":"Oddly Smooth Stone"},{"floor":26.0,"key":"Darkstone Periapt"},{"floor":27.0,"key":"Lantern"},{"floor":29.0,"key":"Blood Vial"},{"floor":31.0,"key":"War Paint"},{"floor":39.0,"key":"Calipers"},{"floor":40.0,"key":"Happy Flower"},{"floor":43.0,"key":"Bag of Marbles"},{"floor":45.0,"key":"Blue Candle"},{"floor":48,"key":"Strawberry"}],"event_choices":[{"damage_healed":0.0,"max_hp_gain":0.0,"max_hp_loss":0.0,"gold_gain":150.0,"event_name":"Liars Game","player_choice":"AGREE","floor":2.0,"gold_loss":0.0,"damage_taken":0.0,"cards_obtained":["Doubt"]},{"damage_healed":0.0,"max_hp_gain":0.0,"max_hp_loss":0.0,"gold_gain":50.0,"event_name":"Golden Shrine","player_choice":"Pray","floor":3.0,"gold_loss":0.0,"damage_taken":0.0},{"damage_healed":0.0,"max_hp_gain":0.0,"max_hp_loss":0.0,"gold_gain":0.0,"event_name":"The Woman in Blue","player_choice":"Bought 1 Potion","floor":13.0,"gold_loss":0.0,"damage_taken":0.0},{"damage_healed":0.0,"max_hp_gain":0.0,"max_hp_loss":0.0,"gold_gain":0.0,"event_name":"The Mausoleum","player_choice":"Ignored","floor":30.0,"gold_loss":0.0,"damage_taken":0.0},{"damage_healed":0.0,"max_hp_gain":0.0,"max_hp_loss":0.0,"gold_gain":275.0,"event_name":"Golden Shrine","player_choice":"Desecrate","floor":36.0,"gold_loss":0.0,"damage_taken":0.0,"cards_obtained":["Regret"]},{"damage_healed":0.0,"max_hp_gain":0.0,"max_hp_loss":0.0,"gold_gain":0.0,"event_name":"Mysterious Sphere","player_choice":"Fight","floor":39.0,"gold_loss":0.0,"damage_taken":0.0},{"damage_healed":0.0,"max_hp_gain":0.0,"max_hp_loss":0.0,"gold_gain":0.0,"event_name":"SensoryStone","player_choice":"Memory 3","floor":42.0,"gold_loss":0.0,"damage_taken":10.0}],"is_beta":true,"boss_relics":[{"not_picked":["Velvet Choker","SlaversCollar"],"picked":"Snecko Eye"},{"not_picked":["Sozu","SacredBark"],"picked":"Fusion Hammer"}],"items_purged_floors":[4,28,37],"is_endless":false,"potions_floor_spawned":[5,7,14,16,20,21,29,31,35,38,39,47,48],"killed_by":"Awakened One","ascension_level":20}}