{"host":"w71ztq0fmb7m1c2b","time":1614449549,"event":{"mods":["BaseMod","Colored Map","Colored Powertips","Downfall","Hermit","Minty Spire (QoL Compilation)","Replay The Spire","StSLib","The Cursed"],"gold_per_floor":[11,27,94,94,104,104,130,142,168,195,195,215,215,231,231,335,335,349,367,367,180,216,271,311,311,380,411,473,473,473,504,504,534,534],"floor_reached":33,"language":"ENG","playtime":2413,"items_purged":[],"score":356,"play_id":"464b2331-17fa-4bd3-8569-ab42cf440919","local_time":"20210227191229","is_ascension_mode":true,"campfire_choices":[{"data":"Poisoned Stab","floor":6,"key":"SMITH"},{"floor":11,"key":"REST"},{"floor":15,"key":"REST"},{"floor":30,"key":"REST"},{"floor":32,"key":"RECALL"}],"circlet_count":0,"master_deck":["Strike_G","Strike_G+1","Strike_G","Strike_G","Strike_G","Defend_G","Defend_G","Defend_G","Survivor","Neutralize+1","Bane","Adrenaline+1","Dagger Throw","Backstab","Poisoned Stab+1","Outmaneuver+1","Poisoned Stab","Quick Slash","Poisoned Stab","Deflect","Envenom","Sucker Punch","PiercingWail+1","ReplayTheSpireMod:Scrap Shanks","Choke","Masterful Stab","All Out Attack+1","Deflect+1","Dash+1","Calculated Gamble"],"relics":["Ring of the Snake","Whetstone","Tiny Chest","Nunchaku","Ring of Chaos","Replay:Bandana","Toy Ornithopter","ReplayTheSpireMod:TigerMarble","Blue Doll","ReplayTheSpireMod:Ninjato"],"acts_visited":["Exordium","TheCity"],"potions_floor_usage":[23,23,27,28],"damage_taken":[{"damage":0,"enemies":"2 Louse","floor":1,"turns":2},{"damage":8,"enemies":"Jaw Worm","floor":2,"turns":4},{"damage":0,"enemies":"Cultist","floor":5,"turns":2},{"damage":15,"enemies":"Replay:BlueRogue","floor":7,"turns":4},{"damage":11,"enemies":"Looter","floor":8,"turns":3},{"damage":11,"enemies":"Lagavulin","floor":10,"turns":5},{"damage":12,"enemies":"Exordium Thugs","floor":12,"turns":2},{"damage":0,"enemies":"Large Slime","floor":14,"turns":2},{"damage":30,"enemies":"Fading Forest","floor":16,"turns":11},{"damage":43,"enemies":"Shell Parasite","floor":18,"turns":5},{"damage":3,"enemies":"Spheric Guardian","floor":19,"turns":3},{"damage":6,"enemies":"Snecko","floor":22,"turns":4},{"damage":5,"enemies":"Book of Stabbing","floor":23,"turns":3},{"damage":0,"enemies":"Chosen and Byrds","floor":24,"turns":4},{"damage":7,"enemies":"Centurion and Healer","floor":27,"turns":4},{"damage":0,"enemies":"Gremlin Leader","floor":28,"turns":4},{"damage":23,"enemies":"Snake Plant","floor":31,"turns":4},{"damage":55,"enemies":"Automaton","floor":33,"turns":6}],"seed_played":"-5665926306535336610","potions_obtained":[{"floor":7,"key":"ColorlessPotion"},{"floor":8,"key":"Dexterity Potion"},{"floor":10,"key":"FearPotion"},{"floor":12,"key":"FearPotion"},{"floor":22,"key":"hexamod:SoulburnPotion"},{"floor":23,"key":"DuplicationPotion"}],"is_trial":false,"path_per_floor":["M","M","?","?","M","R","E","M","T","E","R","M","?","M","R","B",null,"M","M","?","$","M","E","M","?","T","M","E","T","R","M","R","B"],"character_chosen":"THE_SILENT","items_purchased":["ReplayTheSpireMod:Scrap Shanks","Replay:Bandana"],"campfire_rested":3,"item_purchase_floors":[21,21],"current_hp_per_floor":[70,62,62,62,62,62,47,36,36,25,46,34,34,34,55,45,70,27,24,24,24,18,13,13,13,13,11,16,16,37,14,14,0,0],"gold":534,"neow_bonus":"TRANSFORM_TWO_CARDS","is_daily":false,"chose_seed":false,"campfire_upgraded":1,"win_rate":0.0,"timestamp":1614449549,"path_taken":["M","M","?","?","?","R","E","M","T","E","R","M","?","M","R","BOSS","M","M","?","$","M","E","M","?","T","M","E","?","R","M","R","BOSS"],"items_purchased_type":["Card","Relic"],"build_version":"2020-12-22","purchased_purges":0,"victory":false,"max_hp_per_floor":[70,70,70,70,70,70,70,70,70,70,70,70,70,70,70,70,70,70,70,70,70,70,70,70,70,70,70,70,70,70,70,70,70,70],"card_choices":[{"not_picked":["Backflip","Outmaneuver"],"picked":"Dagger Throw","floor":1},{"not_picked":["Draining Mist","ReplayTheSpireMod:Tripwire"],"picked":"Backstab","floor":2},{"not_picked":["Prepared","Acrobatics"],"picked":"Poisoned Stab","floor":5},{"not_picked":["Deadly Poison","Underhanded Strike"],"picked":"Outmaneuver","floor":7},{"not_picked":["Footwork","Reflex"],"picked":"Poisoned Stab","floor":8},{"not_picked":["Deflect","Outmaneuver"],"picked":"Quick Slash","floor":10},{"not_picked":["Adrenaline","Deadly Poison"],"picked":"Poisoned Stab","floor":12},{"not_picked":["Riddle With Holes","Cloak And Dagger"],"picked":"Deflect","floor":14},{"not_picked":["ReplayTheSpireMod:Necrosis","Adrenaline"],"picked":"Envenom","floor":16},{"not_picked":["Draining Mist","Deadly Poison"],"picked":"Sucker Punch","floor":18},{"not_picked":["Expertise+1","Backflip"],"picked":"PiercingWail+1","floor":19},{"not_picked":["Hidden Blade","Expertise"],"picked":"Choke","floor":22},{"not_picked":["Blade Dance","Storm of Steel"],"picked":"Masterful Stab","floor":23},{"not_picked":["Cloak And Dagger","ReplayTheSpireMod:Shiv Toss+1"],"picked":"All Out Attack+1","floor":24},{"not_picked":["Hidden Blade","Heel Hook"],"picked":"Deflect+1","floor":27},{"not_picked":["Poisoned Stab","Sucker Punch"],"picked":"Dash+1","floor":28},{"not_picked":["Blade Dance","ReplayTheSpireMod:Scrap Shanks"],"picked":"Calculated Gamble","floor":31}],"player_experience":233257,"relics_obtained":[{"floor":7,"key":"Whetstone"},{"floor":9,"key":"Tiny Chest"},{"floor":10,"key":"Nunchaku"},{"floor":23,"key":"Toy Ornithopter"},{"floor":28,"key":"Blue Doll"},{"floor":29,"key":"ReplayTheSpireMod:Ninjato"}],"event_choices":[{"damage_healed":0,"gold_gain":67,"player_choice":"Gained Gold","damage_taken":0,"max_hp_gain":0,"max_hp_loss":0,"event_name":"Golden Wing","floor":3,"gold_loss":0},{"damage_healed":0,"gold_gain":0,"player_choice":"Upgraded","damage_taken":0,"max_hp_gain":0,"max_hp_loss":0,"event_name":"Upgrade Shrine","floor":4,"gold_loss":0,"cards_upgraded":["Adrenaline"]},{"damage_healed":0,"gold_gain":0,"player_choice":"Forge","damage_taken":0,"max_hp_gain":0,"max_hp_loss":0,"event_name":"Accursed Blacksmith","floor":13,"gold_loss":0,"cards_upgraded":["Outmaneuver"]},{"damage_healed":0,"gold_gain":0,"player_choice":"Ignored","damage_taken":0,"max_hp_gain":0,"max_hp_loss":0,"event_name":"Ghosts","floor":20,"gold_loss":0}],"is_beta":false,"boss_relics":[{"not_picked":["SlaversCollar","WristBlade"],"picked":"Ring of Chaos"}],"items_purged_floors":[],"is_endless":false,"potions_floor_spawned":[7,8,10,12,16,22,23],"killed_by":"Automaton","ascension_level":2}}