{"host":"k9djwzw02bmhn5cl","time":1614428555,"event":{"mods":["AchievementEnabler","BaseMod","Colored Map","Colored Powertips","Highlight Path","Minty Spire (QoL Compilation)","Quick Restart","Rare Cards Sparkle","StSLib"],"gold_per_floor":[115,127,302,348,348,348,380,380,404,404,404,416,432,467,467,571,571,581,600,628,655,580,608,608,608,608],"floor_reached":25,"language":"JPN","playtime":1016,"items_purged":[],"score":277,"play_id":"9e39c2a2-b501-446d-9df9-b140386767af","local_time":"20210227212235","is_ascension_mode":false,"campfire_choices":[{"data":"Zap","floor":6,"key":"SMITH"},{"data":"Fusion","floor":8,"key":"SMITH"},{"data":"Barrage","floor":10,"key":"SMITH"},{"data":"Electrodynamics","floor":15,"key":"SMITH"},{"data":"Double Energy","floor":24,"key":"SMITH"}],"circlet_count":0,"master_deck":["Strike_B","Strike_B","Strike_B","Defend_B","Defend_B","Defend_B","Zap+1","Dualcast","Fusion+1","Streamline","Barrage+1","Double Energy+1","Cold Snap","Electrodynamics+1","Loop","Thunder Strike","CurseOfTheBell","Redo","Compile Driver+1","Storm"],"relics":["Cracked Core","NeowsBlessing","Bag of Preparation","StrikeDummy","Tiny Chest","Bag of Marbles","Calling Bell","Oddly Smooth Stone","Singing Bowl","Emotion Chip","Red Mask","Bronze Scales","Ancient Tea Set"],"acts_visited":["Exordium","TheCity"],"potions_floor_usage":[14,14],"damage_taken":[{"damage":0,"enemies":"Small Slimes","floor":1,"turns":1},{"damage":0,"enemies":"Jaw Worm","floor":2,"turns":1},{"damage":0,"enemies":"3 Sentries","floor":7,"turns":1},{"damage":0,"enemies":"Cultist","floor":12,"turns":2},{"damage":0,"enemies":"2 Fungi Beasts","floor":13,"turns":2},{"damage":0,"enemies":"Lagavulin","floor":14,"turns":3},{"damage":44,"enemies":"Hexaghost","floor":16,"turns":7},{"damage":20,"enemies":"2 Thieves","floor":18,"turns":2},{"damage":13,"enemies":"Chosen","floor":19,"turns":4},{"damage":10,"enemies":"Masked Bandits","floor":20,"turns":2},{"damage":20,"enemies":"Book of Stabbing","floor":23,"turns":3},{"damage":14,"enemies":"Snake Plant","floor":25,"turns":2}],"seed_played":"-5209498314017619924","potions_obtained":[{"floor":12,"key":"Fire Potion"},{"floor":13,"key":"PowerPotion"},{"floor":19,"key":"DistilledChaos"}],"is_trial":false,"path_per_floor":["M","M","?","T","?","R","E","R","T","R","?","M","M","E","R","B",null,"M","M","?","T","?","E","R","M"],"character_chosen":"DEFECT","items_purchased":[],"campfire_rested":0,"item_purchase_floors":[],"current_hp_per_floor":[75,75,75,75,68,68,68,68,68,68,68,68,68,68,68,24,75,55,44,34,34,34,14,14,0,0],"gold":608,"neow_bonus":"THREE_ENEMY_KILL","is_daily":false,"chose_seed":false,"campfire_upgraded":5,"win_rate":0.0,"timestamp":1614428555,"path_taken":["M","M","?","?","?","R","E","R","T","R","?","?","M","E","R","BOSS","M","M","?","?","?","E","R","M"],"items_purchased_type":[],"build_version":"2020-12-22","purchased_purges":0,"victory":false,"max_hp_per_floor":[75,75,75,75,75,75,75,75,75,75,75,75,75,75,75,75,75,75,77,77,77,77,77,77,77,77],"card_choices":[{"not_picked":["Hologram","Beam Cell"],"picked":"Fusion","floor":1},{"not_picked":["Conserve Battery","Beam Cell"],"picked":"Streamline","floor":2},{"not_picked":["Coolheaded","Steam"],"picked":"Barrage","floor":7},{"not_picked":["Sweeping Beam","Blizzard"],"picked":"Cold Snap","floor":12},{"not_picked":["Ball Lightning","Turbo"],"picked":"Electrodynamics","floor":13},{"not_picked":["Cold Snap","Consume"],"picked":"Loop","floor":14},{"not_picked":["Creative AI","Electrodynamics"],"picked":"Thunder Strike","floor":16},{"not_picked":["Blizzard+1","Steam"],"picked":"Redo","floor":18},{"not_picked":["Stack+1","Sunder","Glacier"],"picked":"Singing Bowl","floor":19},{"not_picked":["Darkness+1","Redo"],"picked":"Compile Driver+1","floor":20},{"not_picked":["Hyperbeam","Sunder"],"picked":"Storm","floor":23}],"player_experience":201790,"relics_obtained":[{"floor":4,"key":"Bag of Preparation"},{"floor":7,"key":"StrikeDummy"},{"floor":9,"key":"Tiny Chest"},{"floor":14,"key":"Bag of Marbles"},{"floor":17,"key":"Oddly Smooth Stone"},{"floor":17,"key":"Singing Bowl"},{"floor":17,"key":"Emotion Chip"},{"floor":20,"key":"Red Mask"},{"floor":21,"key":"Bronze Scales"},{"floor":23,"key":"Ancient Tea Set"}],"event_choices":[{"damage_healed":0,"gold_gain":175,"player_choice":"AGREE","damage_taken":0,"max_hp_gain":0,"max_hp_loss":0,"event_name":"Liars Game","floor":3,"gold_loss":0,"cards_obtained":["Doubt"]},{"cards_removed":["Doubt"],"damage_healed":0,"gold_gain":0,"player_choice":"Card Removal","damage_taken":7,"max_hp_gain":0,"max_hp_loss":0,"event_name":"Golden Wing","floor":5,"gold_loss":0},{"damage_healed":0,"gold_gain":0,"cards_transformed":["Defend_B"],"player_choice":"Transformed","damage_taken":0,"max_hp_gain":0,"max_hp_loss":0,"event_name":"Transmorgrifier","floor":11,"gold_loss":0,"cards_obtained":["Double Energy"]},{"damage_healed":0,"gold_gain":0,"player_choice":"Fought Bandits","damage_taken":0,"max_hp_gain":0,"max_hp_loss":0,"event_name":"Masked Bandits","floor":20,"gold_loss":0},{"cards_removed":["Strike_B"],"damage_healed":0,"gold_gain":0,"player_choice":"Gave Gold","damage_taken":0,"max_hp_gain":0,"max_hp_loss":0,"event_name":"Beggar","floor":22,"gold_loss":75}],"is_beta":false,"boss_relics":[{"not_picked":["Philosopher\u0027s Stone","Pandora\u0027s Box"],"picked":"Calling Bell"}],"items_purged_floors":[],"is_endless":false,"potions_floor_spawned":[12,13,19],"killed_by":"Snake Plant","ascension_level":0}}