{"host":"627up2rvtmm0cf0r","time":1614432389,"event":{"mods":["ATMod(°¢èªMod)","Act Like it!","BaseMod","Better Vampires","Bossed Relics","CapriCore","Card Filter","Card Forge","Colored Powertips","DeckTracker","Dota2Spire","Downfall","Energized Spire","Friendly Minions","Highlight Path","Infinite Spire","Jedi Mod","Library of Ruina","Library of Ruina Extra","Minty Spire (QoL Compilation)","MostiFishMod","Permanent Neow","Practice Mode","Quick Restart","Relic Stats","Reliquary","Shop Mod","Spicy Shops","StSLib","SuperFastMode","TestMod","¡¾ÒÅÎï¿¨ÅÆ¡¿REMEMod","óô»ðÖ¸ÄÏ"],"gold_per_floor":[114,124,140,9,25,25,58,58,58,73,134,153,228,242,242,344,344,361,381,480,480,390,390,390,406,406,418,418,418,380,390,390,390,390],"floor_reached":33,"language":"ZHS","playtime":2355,"items_purged":["LightAttack"],"score":324,"play_id":"cce8a485-1abb-4056-824a-4f549b8ccf6d","local_time":"20210227212629","is_ascension_mode":false,"campfire_choices":[{"data":"testmod-SunMoon","floor":6,"key":"SMITH"},{"data":"ForTheFamily","floor":15,"key":"SMITH"},{"data":"SomberProcuration","floor":23,"key":"SMITH"},{"data":"TheWillOfTheCity","floor":28,"key":"SMITH"},{"data":"ChargeAndCover","floor":32,"key":"SMITH"}],"circlet_count":0,"master_deck":["Dodge","LightAttack","LightAttack","LightDefense","LightDefense","ChargeAndCover+1","FocusedStrikes+1","ForTheFamily+1","SomberProcuration+1","testmod-SunMoon+1","TendonChords","CoordinatedAssault","Dodge","TheWillOfTheCity+1","TheWillOfTheCity"],"relics":["PageOfLibrarian","DaveBox","testmod-TestBox","REME_ComplimentaryCards","AT_ATBox","Membership Card","testmod-TimeTraveler","SynthV:TestCard","reliquary:WeakTea","infinitespire:Golems Mask","PageOfFairyFestival","Slimebound:PreparedRelic","Busted Crown","reliquary:NewFriend"],"acts_visited":["Exordium","TheCity"],"potions_floor_usage":[],"damage_taken":[{"damage":0,"enemies":"Jaw Worm","floor":1,"turns":3},{"damage":0,"enemies":"Cultist","floor":2,"turns":3},{"damage":0,"enemies":"Small Slimes","floor":3,"turns":4},{"damage":0,"enemies":"Looter","floor":5,"turns":1},{"damage":0,"enemies":"Gremlin Nob","floor":7,"turns":2},{"damage":5,"enemies":"Blue Slaver","floor":10,"turns":1},{"damage":5,"enemies":"3 Sentries","floor":11,"turns":3},{"damage":5,"enemies":"Lots of Slimes","floor":12,"turns":1},{"damage":5,"enemies":"Looter","floor":14,"turns":2},{"damage":7,"enemies":"The Guardian","floor":16,"turns":4},{"damage":17,"enemies":"Shell Parasite","floor":18,"turns":2},{"damage":5,"enemies":"3 Byrds","floor":19,"turns":2},{"damage":5,"enemies":"Shelled Parasite and Fungi","floor":25,"turns":2},{"damage":5,"enemies":"Snecko","floor":27,"turns":2},{"damage":5,"enemies":"Centurion and Healer","floor":31,"turns":2},{"damage":77,"enemies":"RedHoodMercenary","floor":33,"turns":6}],"seed_played":"-2103556923910568368","potions_obtained":[{"floor":1,"key":"Swift Potion"},{"floor":3,"key":"LiquidBronze"},{"floor":7,"key":"Slimebound:ThreeZeroPotion"}],"is_trial":false,"path_per_floor":["M","M","M","$","M","R","E","?","T","M","?","M","?","M","R","B",null,"M","M","?","?","?","R","AVR","M","T","M","R","?","$","M","R","B"],"character_chosen":"Librarian","items_purchased":["reliquary:WeakTea","testmod-SunMoon"],"campfire_rested":0,"item_purchase_floors":[4,4],"current_hp_per_floor":[60,60,60,60,60,60,60,60,60,58,56,54,43,41,41,42,73,61,65,65,65,65,65,65,63,63,61,61,61,61,62,62,0,0],"gold":390,"neow_bonus":"REMOVE_CARD","is_daily":false,"chose_seed":false,"campfire_upgraded":5,"win_rate":0.0,"timestamp":1614432389,"path_taken":["M","M","M","$","M","R","E","?","T","?","?","M","?","M","R","BOSS","M","M","?","?","?","R","AVR","M","T","?","R","?","$","M","R","BOSS"],"items_purchased_type":["Relic","Card"],"build_version":"2020-12-22","purchased_purges":1,"victory":false,"max_hp_per_floor":[65,65,70,70,70,70,77,77,77,77,77,77,77,73,73,73,73,73,73,73,73,73,73,73,63,63,79,79,79,79,79,79,79,79],"relic_stats":{"Busted Crown":22,"counters":[16,40],"obtain_stats":[{"testmod-TestBox":0,"AT_ATBox":0,"testmod-TimeTraveler":0,"DaveBox":0,"reliquary:WeakTea":4,"PageOfLibrarian":0,"SynthV:TestCard":1,"PageOfFairyFestival":9,"Busted Crown":17,"infinitespire:Golems Mask":7,"reliquary:NewFriend":24,"Slimebound:PreparedRelic":11,"Membership Card":0,"REME_ComplimentaryCards":0},{"testmod-TestBox":0,"AT_ATBox":0,"testmod-TimeTraveler":0,"DaveBox":0,"reliquary:WeakTea":3,"PageOfLibrarian":0,"SynthV:TestCard":1,"PageOfFairyFestival":5,"Busted Crown":10,"infinitespire:Golems Mask":5,"reliquary:NewFriend":12,"Slimebound:PreparedRelic":7,"Membership Card":0,"REME_ComplimentaryCards":0},{"testmod-TestBox":0,"AT_ATBox":0,"testmod-TimeTraveler":0,"DaveBox":0,"reliquary:WeakTea":10,"PageOfLibrarian":0,"SynthV:TestCard":3,"PageOfFairyFestival":13,"Busted Crown":24,"infinitespire:Golems Mask":13,"reliquary:NewFriend":28,"Slimebound:PreparedRelic":17,"Membership Card":0,"REME_ComplimentaryCards":0}]},"card_choices":[{"not_picked":["Execute_lor","Outburst","Quickness","StrongStrike","WillOfThePrescript","SpearedSweep","BlazingStrike","BiAn"],"picked":"ForTheFamily","floor":1},{"not_picked":["SerpentSwordTechnique","CutIn","Rewind","VioletBlade","AssaultOrder","DefenseOrder","ChiWen","SharpSwipe","Overcharge","IngredientHunt"],"picked":"SomberProcuration","floor":2},{"not_picked":["ExtractFuel","OpportunitySpotted","EnergyShield","DarkCloud","DefenseOrder","StructuralAnalysis","SuppressingShot","HandlingWork","SnakesPrey","Outburst","FocusFire"],"picked":"SKIP","floor":3},{"not_picked":["UpbeatPerformance","UnavoidableGaze","SilentMist","ViolentFlame","Disposal","GuidanceOfTheGears","Parry2","Collision","BiAn","HighKick","SpearedSweep"],"picked":"SKIP","floor":5},{"not_picked":["Tttonst","GreatSerpentsImpact","BackAttack","Transpierce","Standoff","FierceCharge","SpearedSweep","BindingArms","ElectricShock","IllEndYou"],"picked":"TendonChords","floor":7},{"not_picked":["SkitterAway","TheArtOfRapidSteps","RatsGuideToSurvival","FervidEmotions","TheWillOfTheCity","Track","UncannyStrike","SinglePointStab","OminousPower","Clone"],"picked":"CoordinatedAssault","floor":10},{"not_picked":["GreatSerpentsImpact","GuardingStance","NightInTheBackstreets","MultiHit","FierceCharge","ForTheFamily","SuanNi","BlindFaith","PreemptiveStrike","TendonChords","WillOfThePrescript"],"picked":"SKIP","floor":12},{"not_picked":["FrontalAssault","WaitUp","GuidanceOfTheGears","QuickSuppression","SerpentSwordTechnique","HiddenBlade","FleetFootsteps","Rewind","DefenseOrder","Thirst","SmokingPipe"],"picked":"SKIP","floor":14},{"not_picked":["SmokingPipe","QuickAttack+1","Parry2","GuidanceOfTheGears","Castigation","ProselytesBlade","SomberProcuration","Struggle"],"picked":"TheWillOfTheCity","floor":18},{"not_picked":["Parry+1","HighKick","FeatherShield","FlowOfTheSword","FeelinGood+1","BiAn+1","Multislash","GatherIntel+1","SharpenedBlade"],"picked":"SKIP","floor":19},{"not_picked":["Mutilate+1","HandleRequest","Parry","SnakesPrey","HandlingWork+1","BiAn","BulkyImpact","Quickness"],"picked":"TheWillOfTheCity","floor":25},{"not_picked":["Preparation","SinglePointStab+1","WillOfThePrescript","QuickAttack","Eject","SnakeSlit","ClassAndRespect","Eliminate","SharpSwipe"],"picked":"SKIP","floor":27},{"not_picked":["AutomatedMovement","UndertakePrescript","BackAttack+1","StrikeDown","Gigigig+1","SnakesPrey","ViolentFlame","StayCalm","HighKick"],"picked":"SKIP","floor":31}],"player_experience":181809,"relics_obtained":[{"floor":1,"key":"SynthV:TestCard"},{"floor":7,"key":"infinitespire:Golems Mask"},{"floor":9,"key":"PageOfFairyFestival"},{"floor":11,"key":"Slimebound:PreparedRelic"}],"event_choices":[{"damage_healed":0,"gold_gain":0,"player_choice":"Bought 0 Potions","damage_taken":0,"max_hp_gain":0,"max_hp_loss":0,"event_name":"The Woman in Blue","floor":8,"gold_loss":0},{"damage_healed":0,"gold_gain":0,"player_choice":"Searched \u00271\u0027 times","damage_taken":0,"max_hp_gain":0,"max_hp_loss":0,"event_name":"Dead Adventurer","floor":11,"gold_loss":0},{"damage_healed":0,"gold_gain":75,"player_choice":"Gather Gold","damage_taken":11,"max_hp_gain":0,"max_hp_loss":0,"event_name":"World of Goop","floor":13,"gold_loss":0},{"damage_healed":0,"gold_gain":99,"player_choice":"Stole From Cult","damage_taken":0,"max_hp_gain":0,"max_hp_loss":0,"event_name":"Nest","floor":20,"gold_loss":0},{"damage_healed":0,"gold_gain":0,"player_choice":"Ignored","damage_taken":0,"max_hp_gain":0,"max_hp_loss":0,"event_name":"Ghosts","floor":21,"gold_loss":0},{"cards_removed":["LightDefense"],"damage_healed":0,"gold_gain":0,"player_choice":"Upgrade and Remove","damage_taken":0,"max_hp_gain":0,"max_hp_loss":0,"event_name":"Designer","floor":22,"gold_loss":90,"cards_upgraded":["FocusedStrikes"]},{"damage_healed":0,"gold_gain":0,"player_choice":"Ignored","damage_taken":0,"max_hp_gain":0,"max_hp_loss":0,"event_name":"NoteForYourself","floor":29,"gold_loss":0}],"is_beta":false,"boss_relics":[{"not_picked":["REME_DuelDisc","Pandora\u0027s Box"],"picked":"Busted Crown"}],"items_purged_floors":[30],"is_endless":false,"potions_floor_spawned":[1,3,7,10,14,16,27,31],"killed_by":"RedHoodMercenary","ascension_level":0}}