{"host":"p9fmk1zxjhqthrxg","time":1614461688,"event":{"mods":["BaseMod","Bestiary","Colored Map","Colored Powertips","Highlight Path","Minty Spire (QoL Compilation)","Random Character Button","Rare Cards Sparkle","StSLib"],"gold_per_floor":[144,189,189,7,52,142,142,142,167,266,284,338,54,108,108,426,426,480,480,534,534,588,588,191,191,200,254,169,478,532,541,541,859,859,913,922,976,321,355,454,508,562,571,625,679,778,832,886,886,895],"floor_reached":51,"language":"ENG","playtime":3727,"items_purged":[],"score":1021,"play_id":"18c5ab75-293a-42fd-a743-0eaaf8f93944","local_time":"20210227153448","daily_mods":["Cursed Run","Diverse","Midas"],"is_ascension_mode":false,"campfire_choices":[{"floor":8.0,"key":"REST"},{"floor":15.0,"key":"REST"},{"floor":23.0,"key":"REST"},{"floor":25.0,"key":"REST"},{"floor":32.0,"key":"REST"},{"floor":49.0,"key":"REST"}],"circlet_count":0,"master_deck":["Strike_B+1","Strike_B+1","Strike_B+1","Defend_B+1","Defend_B+1","Defend_B+1","Defend_B+1","Zap","Dualcast","Slice+1","Glacier+1","Backflip","Dramatic Entrance","Fasting2","Armaments","Dual Wield","CutThroughFate","Writhe","Storm","Protect","Zap","Venomology","Choke","Nirvana","Sweeping Beam","Inflame","Writhe","Amplify","CarveReality","Melter","Bloodletting","Dramatic Entrance","Wireheading","Regret","Heavy Blade","Slice+1","Beam Cell+1","Normality","Pain","Envenom","Whirlwind+1","Choke","Fasting2+1","Apotheosis","Twin Strike","Dark Shackles","Parasite","Berserk","Flame Barrier","Dash+1","Writhe","Fire Breathing+1","EmptyBody+1","Skewer+1","Undo","Cleave+1","Injury"],"relics":["Cursed Key","Darkstone Periapt","Du-Vu Doll","Matryoshka","Blood Vial","CeramicFish","Ancient Tea Set","DataDisk","Velvet Choker","Nilry\u0027s Codex","ClockworkSouvenir","Regal Pillow","Tiny Chest","StrikeDummy","Sundial","Lizard Tail","Cables","Symbiotic Virus","Black Star","Sling","Anchor","Potion Belt","TungstenRod","Centennial Puzzle","Bottled Lightning","Shovel","Gambling Chip"],"acts_visited":["Exordium","TheCity","TheBeyond"],"potions_floor_usage":[50,50,50,50,50],"damage_taken":[{"damage":0.0,"enemies":"Small Slimes","floor":1.0,"turns":3.0},{"damage":0.0,"enemies":"Cultist","floor":2.0,"turns":4.0},{"damage":0.0,"enemies":"2 Louse","floor":5.0,"turns":3.0},{"damage":6.0,"enemies":"3 Sentries","floor":6.0,"turns":9.0},{"damage":2.0,"enemies":"Gremlin Nob","floor":10.0,"turns":4.0},{"damage":0.0,"enemies":"Large Slime","floor":12.0,"turns":6.0},{"damage":5.0,"enemies":"Exordium Thugs","floor":14.0,"turns":3.0},{"damage":17.0,"enemies":"The Guardian","floor":16.0,"turns":10.0},{"damage":19.0,"enemies":"Spheric Guardian","floor":18.0,"turns":6.0},{"damage":11.0,"enemies":"Shell Parasite","floor":20.0,"turns":7.0},{"damage":9.0,"enemies":"Centurion and Healer","floor":22.0,"turns":7.0},{"damage":16.0,"enemies":"3 Cultists","floor":27.0,"turns":4.0},{"damage":25.0,"enemies":"Colosseum Slavers","floor":29.0,"turns":3.0},{"damage":7.0,"enemies":"Colosseum Nobs","floor":29.0,"turns":4.0},{"damage":28.0,"enemies":"Shelled Parasite and Fungi","floor":30.0,"turns":4.0},{"damage":28.0,"enemies":"Collector","floor":33.0,"turns":7.0},{"damage":19.0,"enemies":"3 Darklings","floor":35.0,"turns":7.0},{"damage":16.0,"enemies":"3 Shapes","floor":37.0,"turns":2.0},{"damage":69.0,"enemies":"Reptomancer","floor":40.0,"turns":5.0},{"damage":21.0,"enemies":"3 Darklings","floor":41.0,"turns":3.0},{"damage":0.0,"enemies":"Sphere and 2 Shapes","floor":42.0,"turns":3.0},{"damage":0.0,"enemies":"Transient","floor":44.0,"turns":5.0},{"damage":2.0,"enemies":"Spire Growth","floor":45.0,"turns":4.0},{"damage":10.0,"enemies":"Nemesis","floor":46.0,"turns":5.0},{"damage":0.0,"enemies":"Sphere and 2 Shapes","floor":47.0,"turns":1.0},{"damage":0.0,"enemies":"3 Darklings","floor":48.0,"turns":1.0},{"damage":44,"enemies":"Awakened One","floor":50,"turns":7}],"seed_played":"-2463471341485849212","potions_obtained":[{"floor":1.0,"key":"BlessingOfTheForge"},{"floor":6.0,"key":"Swift Potion"},{"floor":10.0,"key":"Dexterity Potion"},{"floor":16.0,"key":"LiquidMemories"},{"floor":18.0,"key":"FocusPotion"},{"floor":33.0,"key":"Regen Potion"},{"floor":35.0,"key":"AttackPotion"},{"floor":41.0,"key":"SpeedPotion"},{"floor":48.0,"key":"Fire Potion"}],"is_trial":false,"path_per_floor":["M","M","?","$","M","E","?","R","T","E","?","M","$","M","R","B",null,"M","?","M","?","M","R","$","R","T","M","?","?","M","T","R","B",null,"M","?","M","$","T","E","M","M","T","M","M","E","M","M","R","B",null],"character_chosen":"DEFECT","items_purchased":["Dramatic Entrance","Fasting2","Armaments","DataDisk","Choke","Nirvana","Sweeping Beam","ClockworkSouvenir","Dramatic Entrance","Regal Pillow","Wireheading","Sling","Apotheosis","Anchor","Twin Strike","Dark Shackles","SteroidPotion"],"campfire_rested":6,"item_purchase_floors":[4,4,4,13,13,13,13,24,24,24,24,38,38,38,38,38,38],"current_hp_per_floor":[75,75,75,75,75,69,54,75,81,79,79,81,81,76,81,70,87,68,52,43,43,36,62,62,87,93,77,77,49,23,29,73,53,105,101,101,87,87,93,26,7,9,15,17,17,9,11,13,63,27],"gold":895,"neow_bonus":"","is_daily":true,"chose_seed":false,"campfire_upgraded":0,"win_rate":0.0,"timestamp":1614461688,"path_taken":["M","M","?","$","M","E","?","R","T","E","?","?","$","M","R","BOSS","M","?","M","?","M","R","$","R","T","M","?","?","?","?","R","BOSS","M","?","?","?","?","E","M","M","T","M","?","E","M","M","R","BOSS"],"items_purchased_type":["Card","Card","Card","Relic","Card","Card","Card","Relic","Card","Relic","Card","Relic","Card","Relic","Card","Card","Potion"],"build_version":"2020-12-22","purchased_purges":0,"victory":true,"max_hp_per_floor":[75,75,75,75,75,75,75,75,81,81,81,81,81,81,81,87,87,87,87,87,87,87,87,87,87,93,93,93,93,93,99,99,105,105,105,105,105,105,111,111,111,111,117,117,117,117,117,117,117,123],"card_choices":[{"not_picked":["Infernal Blade","Catalyst"],"picked":"Slice","floor":1.0},{"not_picked":["PathToVictory","Poisoned Stab"],"picked":"Glacier","floor":2.0},{"not_picked":["Meditate","Deflect"],"picked":"Dual Wield","floor":5.0},{"not_picked":["Wallop","Conclude"],"picked":"CutThroughFate","floor":6.0},{"not_picked":["Hemokinesis","Force Field"],"picked":"Storm","floor":10.0},{"not_picked":["Blood for Blood","Havoc"],"picked":"Venomology","floor":12.0},{"not_picked":["Cleave","WindmillStrike"],"picked":"Inflame","floor":14.0},{"not_picked":["Brutality","Offering"],"picked":"Amplify","floor":16.0},{"not_picked":["Aggregate","Study"],"picked":"CarveReality","floor":18.0},{"not_picked":["DeceiveReality","Headbutt"],"picked":"Melter","floor":20.0},{"not_picked":["BowlingBash","Wallop"],"picked":"Bloodletting","floor":22.0},{"not_picked":["Steam Power+1","Flying Knee"],"picked":"Heavy Blade","floor":27.0},{"not_picked":["Double Energy+1","Perfected Strike"],"picked":"Slice+1","floor":29.0},{"not_picked":["Halt","Ghostly Armor+1"],"picked":"Beam Cell+1","floor":30.0},{"not_picked":["Blasphemy","Scrawl"],"picked":"Envenom","floor":33.0},{"not_picked":["Flying Knee","Cleave+1"],"picked":"Whirlwind+1","floor":35.0},{"not_picked":["Cold Snap+1","Stack+1"],"picked":"Fasting2+1","floor":37.0},{"not_picked":["Cloak And Dagger+1","Rip and Tear+1"],"picked":"Berserk","floor":40.0},{"not_picked":["Sword Boomerang+1","Hello World+1"],"picked":"Flame Barrier","floor":41.0},{"not_picked":["ThirdEye","Twin Strike"],"picked":"Dash+1","floor":42.0},{"not_picked":["Dash+1","Darkness+1"],"picked":"Fire Breathing+1","floor":44.0},{"not_picked":["Omniscience","PathToVictory+1"],"picked":"EmptyBody+1","floor":45.0},{"not_picked":["Halt+1","Outmaneuver"],"picked":"Skewer+1","floor":46.0},{"not_picked":["Dodge and Roll+1","Shrug It Off"],"picked":"Undo","floor":47.0},{"not_picked":["Inflame","CrushJoints"],"picked":"Cleave+1","floor":48.0}],"player_experience":169466,"relics_obtained":[{"floor":6.0,"key":"Matryoshka"},{"floor":9.0,"key":"Blood Vial"},{"floor":9.0,"key":"CeramicFish"},{"floor":10.0,"key":"Ancient Tea Set"},{"floor":19.0,"key":"Nilry\u0027s Codex"},{"floor":26.0,"key":"Tiny Chest"},{"floor":26.0,"key":"StrikeDummy"},{"floor":29.0,"key":"Lizard Tail"},{"floor":29.0,"key":"Cables"},{"floor":31.0,"key":"Symbiotic Virus"},{"floor":39.0,"key":"Potion Belt"},{"floor":40.0,"key":"TungstenRod"},{"floor":40.0,"key":"Centennial Puzzle"},{"floor":43.0,"key":"Bottled Lightning"},{"floor":46.0,"key":"Shovel"},{"floor":46.0,"key":"Gambling Chip"}],"event_choices":[{"damage_healed":0.0,"max_hp_gain":0.0,"max_hp_loss":0.0,"gold_gain":0.0,"cards_transformed":["Strike_B"],"event_name":"Living Wall","player_choice":"Change","floor":3.0,"gold_loss":0.0,"damage_taken":0.0,"cards_obtained":["Backflip"]},{"damage_healed":0.0,"max_hp_gain":0.0,"max_hp_loss":0.0,"gold_gain":0.0,"event_name":"Shining Light","player_choice":"Entered Light","floor":7.0,"gold_loss":0.0,"damage_taken":15.0,"cards_upgraded":["Glacier","Slice"]},{"damage_healed":0.0,"max_hp_gain":0.0,"max_hp_loss":0.0,"gold_gain":0.0,"event_name":"Match and Keep!","player_choice":"2 cards matched","floor":11.0,"gold_loss":0.0,"damage_taken":0.0,"cards_obtained":["Protect","Zap"]},{"damage_healed":0.0,"max_hp_gain":0.0,"max_hp_loss":0.0,"gold_gain":0.0,"event_name":"Cursed Tome","player_choice":"Obtained Book","floor":19.0,"gold_loss":0.0,"damage_taken":16.0},{"damage_healed":0.0,"max_hp_gain":0.0,"max_hp_loss":0.0,"gold_gain":0.0,"event_name":"Back to Basics","player_choice":"Simplicity","floor":21.0,"gold_loss":0.0,"damage_taken":0.0,"cards_upgraded":["Strike_B","Strike_B","Strike_B","Defend_B","Defend_B","Defend_B","Defend_B"]},{"damage_healed":0.0,"max_hp_gain":0.0,"max_hp_loss":0.0,"gold_gain":0.0,"event_name":"Addict","player_choice":"Obtained Relic","floor":28.0,"gold_loss":85.0,"damage_taken":0.0,"relics_obtained":["Sundial"]},{"damage_healed":0.0,"max_hp_gain":0.0,"max_hp_loss":0.0,"gold_gain":0.0,"event_name":"Colosseum","player_choice":"Fight","floor":29.0,"gold_loss":0.0,"damage_taken":0.0},{"damage_healed":0.0,"max_hp_gain":0.0,"max_hp_loss":0.0,"gold_gain":0.0,"event_name":"Colosseum","player_choice":"Fought Nobs","floor":29.0,"gold_loss":0.0,"damage_taken":0.0},{"damage_healed":0.0,"max_hp_gain":0.0,"max_hp_loss":0.0,"gold_gain":0.0,"event_name":"Duplicator","player_choice":"Copied","floor":36.0,"gold_loss":0.0,"damage_taken":0.0,"cards_obtained":["Choke"]}],"is_beta":false,"boss_relics":[{"not_picked":["Coffee Dripper","Runic Dome"],"picked":"Velvet Choker"},{"not_picked":["Runic Pyramid","Busted Crown"],"picked":"Black Star"}],"items_purged_floors":[],"is_endless":false,"potions_floor_spawned":[1,6,10,16,18,22,33,35,41,44,45,48],"ascension_level":0}}