{"host":"dztixnx9b0gu6w9i","time":1614391880,"event":{"mods":["BaseMod","Bestiary","Minty Spire (QoL Compilation)","Relic Stats","Slay the Relics Exporter","SpireBot","ojb\u0027s Better Paths Mod","ojb\u0027s Info Mod: The sequel"],"gold_per_floor":[214,214,214,47,64,99,114,142,222,242,262,295,324,341,341,419,419,439,489,465,484,34,34,46,56,56,69,69,69,94,105,105,184,184,203,203,51,51,64,64,64],"floor_reached":40,"language":"ENG","playtime":6626,"items_purged":["Regret","Strike_R"],"score":860,"play_id":"7bbf2052-4519-42a2-bd13-d9b6fe7a17a5","local_time":"20210226211120","is_ascension_mode":true,"campfire_choices":[{"data":"Juggernaut","floor":15,"key":"SMITH"},{"data":"Armaments","floor":23,"key":"SMITH"},{"data":"Corruption","floor":29,"key":"SMITH"},{"floor":32,"key":"REST"}],"circlet_count":0,"master_deck":["AscendersBane","Strike_R","Strike_R","Strike_R","Defend_R","Defend_R","Defend_R","Defend_R+1","Bash","Iron Wave","Metallicize","Heavy Blade","Clothesline","Juggernaut+1","Flame Barrier","Disarm","Cleave+1","Iron Wave+1","Corruption+1","CurseOfTheBell","Uppercut+1","Dark Shackles","Armaments+1","Havoc+1","Shrug It Off","Iron Wave+1","Barricade","Body Slam+1","Berserk","Ghostly Armor+1","Shrug It Off+1","Sever Soul+1"],"relics":["Burning Blood","Champion Belt","Blood Vial","Centennial Puzzle","Molten Egg 2","Meat on the Bone","Odd Mushroom","Calling Bell","Oddly Smooth Stone","Sundial","CaptainsWheel","FossilizedHelix","Toxic Egg 2","Ornamental Fan","SlaversCollar"],"acts_visited":["Exordium","TheCity","TheBeyond"],"potions_floor_usage":[6,8,8,12,25,30,40,40],"damage_taken":[{"damage":4,"enemies":"2 Louse","floor":1,"turns":4},{"damage":2,"enemies":"Small Slimes","floor":5,"turns":5},{"damage":15,"enemies":"Gremlin Nob","floor":6,"turns":4},{"damage":0,"enemies":"Cultist","floor":7,"turns":4},{"damage":9,"enemies":"Lagavulin","floor":8,"turns":7},{"damage":17,"enemies":"Exordium Wildlife","floor":10,"turns":6},{"damage":15,"enemies":"3 Louse","floor":11,"turns":4},{"damage":6,"enemies":"3 Sentries","floor":12,"turns":8},{"damage":17,"enemies":"The Mushroom Lair","floor":13,"turns":5},{"damage":13,"enemies":"Lots of Slimes","floor":14,"turns":5},{"damage":10,"enemies":"The Guardian","floor":16,"turns":11},{"damage":9,"enemies":"Spheric Guardian","floor":18,"turns":5},{"damage":5,"enemies":"2 Thieves","floor":20,"turns":4},{"damage":16,"enemies":"Snake Plant","floor":21,"turns":7},{"damage":11,"enemies":"Shelled Parasite and Fungi","floor":24,"turns":9},{"damage":0,"enemies":"Snecko","floor":25,"turns":6},{"damage":37,"enemies":"Sentry and Sphere","floor":27,"turns":10},{"damage":73,"enemies":"Gremlin Leader","floor":30,"turns":10},{"damage":0,"enemies":"Snake Plant","floor":31,"turns":6},{"damage":75,"enemies":"Automaton","floor":33,"turns":13},{"damage":38,"enemies":"3 Darklings","floor":35,"turns":13},{"damage":32,"enemies":"Orb Walker","floor":39,"turns":7},{"damage":46,"enemies":"Reptomancer","floor":40,"turns":5}],"seed_played":"8957970990029239305","potions_obtained":[{"floor":1,"key":"Energy Potion"},{"floor":7,"key":"Block Potion"},{"floor":11,"key":"Block Potion"},{"floor":16,"key":"Strength Potion"},{"floor":20,"key":"FairyPotion"},{"floor":21,"key":"Fruit Juice"},{"floor":25,"key":"ColorlessPotion"},{"floor":35,"key":"LiquidBronze"},{"floor":39,"key":"DuplicationPotion"}],"is_trial":false,"path_per_floor":["M","?","?","$","M","E","M","E","T","M","M","E","?","M","R","B",null,"M","?","M","M","$","R","M","M","T","M","?","R","E","M","R","B",null,"M","?","$","?","M","E"],"character_chosen":"IRONCLAD","items_purchased":["Strength Potion","Metallicize","FossilizedHelix","Dark Shackles","Armaments","Shrug It Off+1"],"campfire_rested":1,"item_purchase_floors":[4,4,22,22,22,37],"current_hp_per_floor":[70,70,47,47,51,42,50,49,49,40,33,35,38,45,45,55,70,69,69,72,64,64,64,61,74,74,57,57,57,30,50,74,19,65,47,47,47,47,35,0,0],"gold":64,"neow_bonus":"HUNDRED_GOLD","is_daily":false,"chose_seed":false,"campfire_upgraded":3,"win_rate":0.0,"timestamp":1614391880,"path_taken":["M","?","?","$","M","E","M","E","T","M","M","E","?","M","R","BOSS","M","?","M","?","$","R","M","M","T","M","?","R","E","M","R","BOSS","M","?","$","?","?","E"],"items_purchased_type":["Potion","Card","Relic","Card","Card","Card"],"build_version":"2020-12-22","purchased_purges":2,"victory":false,"max_hp_per_floor":[75,75,75,75,75,75,75,75,75,75,75,75,75,75,75,75,75,75,75,75,75,75,75,75,80,80,80,80,80,80,80,80,80,80,80,80,80,80,80,80,80],"relic_stats":{"Blood Vial":40,"Centennial Puzzle":[48],"counters":[23,158],"Sundial":[10],"Ornamental Fan":[48],"Champion Belt":[29],"obtain_stats":[{"Oddly Smooth Stone":17,"Odd Mushroom":13,"Burning Blood":0,"Blood Vial":6,"Calling Bell":17,"SlaversCollar":34,"Centennial Puzzle":8,"CaptainsWheel":17,"Sundial":17,"Ornamental Fan":30,"Molten Egg 2":9,"Champion Belt":2,"Toxic Egg 2":26,"FossilizedHelix":22,"Meat on the Bone":12},{"Oddly Smooth Stone":11,"Odd Mushroom":9,"Burning Blood":0,"Blood Vial":3,"Calling Bell":11,"SlaversCollar":20,"Centennial Puzzle":5,"CaptainsWheel":11,"Sundial":11,"Ornamental Fan":18,"Molten Egg 2":5,"Champion Belt":1,"Toxic Egg 2":16,"FossilizedHelix":14,"Meat on the Bone":8},{"Oddly Smooth Stone":63,"Odd Mushroom":47,"Burning Blood":0,"Blood Vial":13,"Calling Bell":63,"SlaversCollar":133,"Centennial Puzzle":24,"CaptainsWheel":63,"Sundial":63,"Ornamental Fan":114,"Molten Egg 2":24,"Champion Belt":4,"Toxic Egg 2":94,"FossilizedHelix":79,"Meat on the Bone":42}],"Burning Blood":132,"Meat on the Bone":108},"card_choices":[{"not_picked":["Shrug It Off","Clash"],"picked":"Iron Wave","floor":1},{"not_picked":["Flex","Clash"],"picked":"Heavy Blade","floor":5},{"not_picked":["Sword Boomerang","Clash","Warcry"],"picked":"SKIP","floor":6},{"not_picked":["Rupture","Warcry"],"picked":"Clothesline","floor":7},{"not_picked":["Clash","Entrench"],"picked":"Juggernaut","floor":8},{"not_picked":["Sever Soul+1","Anger+1","Intimidate"],"picked":"SKIP","floor":10},{"not_picked":["Sever Soul+1","Anger+1","Intimidate"],"picked":"SKIP","floor":10},{"not_picked":["Metallicize","Headbutt+1"],"picked":"Flame Barrier","floor":11},{"not_picked":["Rage","Whirlwind+1"],"picked":"Disarm","floor":12},{"not_picked":["Clash+1","Dual Wield"],"picked":"Cleave+1","floor":13},{"not_picked":["Cleave+1","Whirlwind+1"],"picked":"Iron Wave+1","floor":14},{"not_picked":["Barricade","Demon Form"],"picked":"Corruption","floor":16},{"not_picked":["Headbutt+1","Dropkick+1"],"picked":"Uppercut+1","floor":18},{"not_picked":["Fire Breathing","Pummel+1","Sword Boomerang+1"],"picked":"SKIP","floor":20},{"not_picked":["Inflame","Headbutt+1","Clothesline+1"],"picked":"SKIP","floor":21},{"not_picked":["True Grit","Anger+1"],"picked":"Havoc+1","floor":24},{"not_picked":["Infernal Blade","Wild Strike+1"],"picked":"Shrug It Off","floor":25},{"not_picked":["Fire Breathing","Spot Weakness+1"],"picked":"Iron Wave+1","floor":27},{"not_picked":["Dark Embrace","Flame Barrier+1"],"picked":"Barricade","floor":30},{"not_picked":["Warcry+1","Twin Strike+1"],"picked":"Body Slam+1","floor":31},{"not_picked":["Barricade","Corruption"],"picked":"Berserk","floor":33},{"not_picked":["Sword Boomerang+1","Armaments+1"],"picked":"Ghostly Armor+1","floor":35},{"not_picked":["Evolve","Heavy Blade+1","Wild Strike+1"],"picked":"SKIP","floor":39}],"player_experience":8851053,"relics_obtained":[{"floor":6,"key":"Blood Vial"},{"floor":8,"key":"Centennial Puzzle"},{"floor":9,"key":"Molten Egg 2"},{"floor":12,"key":"Meat on the Bone"},{"floor":13,"key":"Odd Mushroom"},{"floor":17,"key":"Oddly Smooth Stone"},{"floor":17,"key":"Sundial"},{"floor":17,"key":"CaptainsWheel"},{"floor":26,"key":"Toxic Egg 2"},{"floor":30,"key":"Ornamental Fan"}],"event_choices":[{"damage_healed":0,"gold_gain":0,"player_choice":"Box","damage_taken":0,"relics_obtained":["Champion Belt"],"max_hp_gain":0,"max_hp_loss":0,"event_name":"Big Fish","floor":2,"gold_loss":0,"cards_obtained":["Regret"]},{"damage_healed":0,"gold_gain":0,"player_choice":"Entered Light","damage_taken":23,"max_hp_gain":0,"max_hp_loss":0,"event_name":"Shining Light","floor":3,"gold_loss":0,"cards_upgraded":["Strike_R","Defend_R"]},{"damage_healed":0,"gold_gain":0,"player_choice":"Fought Mushrooms","damage_taken":0,"max_hp_gain":0,"max_hp_loss":0,"event_name":"Mushrooms","floor":13,"gold_loss":0},{"damage_healed":0,"gold_gain":100,"player_choice":"Bet on Murderer","damage_taken":0,"max_hp_gain":0,"max_hp_loss":0,"event_name":"The Joust","floor":19,"gold_loss":50},{"damage_healed":0,"gold_gain":0,"player_choice":"Ignored","damage_taken":0,"max_hp_gain":0,"max_hp_loss":0,"event_name":"Tomb of Lord Red Mask","floor":36,"gold_loss":0},{"damage_healed":0,"gold_gain":0,"cards_transformed":["Strike_R"],"player_choice":"Transformed","damage_taken":0,"max_hp_gain":0,"max_hp_loss":0,"event_name":"Transmorgrifier","floor":38,"gold_loss":0,"cards_obtained":["Sever Soul"]}],"is_beta":false,"boss_relics":[{"not_picked":["Ectoplasm","Empty Cage"],"picked":"Calling Bell"},{"not_picked":["Black Star","SacredBark"],"picked":"SlaversCollar"}],"items_purged_floors":[4,37],"is_endless":false,"potions_floor_spawned":[1,7,11,16,20,21,25,35,39],"killed_by":"Reptomancer","ascension_level":20}}