{"host":"w5vfr18i2ft1pzo2","time":1614421507,"event":{"mods":["AchievementEnabler","Act Like it!","Aspiration","BaseMod","Better Debug","Better Third Choice","BetterRewards","Bossed Relics","Colored Map","Colored Powertips","Conspire","Curses Come First","DNKmod","Defuse TimeMaze Blight","Dota2Spire","Elementarium","Energized Spire","Evolution","Extra Virgin Snecko Oil","Force Act Four","Fox Events","Friendly Minions","Gensokyo","GifTheSpireLib","Gold Saver","Halation","Hallownest","Hubris","Hyrulean Relics","Infinite Spire","Jedi Mod","Library of Ruina","Library of Ruina Extra","Marisa????????","Minty Spire (QoL Compilation)","MostiFishMod","Poor People Problems","Prisma Mod","Reimu??????","Relic Filter Mod","Reliquary","Remilia??????","Replay The Spire","Ruina","RumiaBox-????????","SacredBarkPlus","Shapeshifter Mod","Shop Mod","Small Relic Pack","Spicy Shops","Spikes Relics","StS++","StSLib","Stuff the Spire","SuperFastMode","Synergy Search","The Animator","The Blue Laboratory","The Dragonkin","The Servant 0.9.4","TheWitcher","Trackpad","Treasure Hunter","Uncapped","Wandering Minibosses","Yakumo Yukari mod","noobMod","??????REMEMod"],"gold_per_floor":[1972,1972,1991,2013,1218,1243,1243,1243,1270,1287,1316,1327,1339,1383,1383,1478,1478,1497,1497,1514,1264,1281,1281,1301,1314,1341,211,221,254,254,638,638,741,741,754,767,70,70,82,82,109,109,109,127,143,161,163,223,223,233,233,233,233,849,900,956,956,987,987,1062,1143,1143,1143,1239,1239,1239,33,154,154,160],"floor_reached":71,"language":"ENG","playtime":2370,"items_purged":["theDragonkin:Defend"],"score":1378,"play_id":"f66a6844-c904-49dd-a3d7-ba8f7c47095a","local_time":"20210227182507","is_ascension_mode":false,"campfire_choices":[{"floor":7,"key":"RECALL"},{"floor":15,"key":"DIG"},{"data":"Gensokyo:MenInBlack","floor":23,"key":"SMITH"},{"data":"theDragonkin:AshenArmor","floor":32,"key":"SMITH"},{"data":"theDragonkin:HolySmite","floor":40,"key":"SMITH"},{"data":"theDragonkin:MoltenBreath","floor":42,"key":"SMITH"},{"floor":49,"key":"REST"},{"floor":53,"key":"REST"},{"data":"theDragonkin:AncestralSeance","floor":59,"key":"SMITH"},{"data":"theDragonkin:TwinBreath","floor":63,"key":"SMITH"},{"data":"TH:DeckOfManyThings","floor":69,"key":"SMITH"}],"circlet_count":0,"master_deck":["theDragonkin:Sunbeam+1","theDragonkin:Strike+1","theDragonkin:Strike","theDragonkin:Defend+1","theDragonkin:HolySmite+1","theDragonkin:BlazingBreath+1","TheRedNotes+1","theDragonkin:HolyWordBarrier+1","theDragonkin:AcidBreath+1","theDragonkin:HeatTest+1","animator:HigakiRinne+1","TH:DeckOfManyThings+1","theDragonkin:DeepBreath+1","TH:DeckOfManyThings+1","theDragonkin:MiasmicBreath+1","TH:TreasureMap+1","theDragonkin:MoltenBreath+1","theDragonkin:HallowedGround+1","theDragonkin:AncestralSeance+1","theDragonkin:SandBreath","TH:BikiniMail+1","theDragonkin:Detox+1","theDragonkin:RevelationBreath+1","Malaise+1","Noxious Fumes+1","theDragonkin:FlameBreath+1","GremboGang","theDragonkin:AcidArmor+1","theDragonkin:TwinBreath+1","theDragonkin:PrismaticBreath+1","TH:TreasureMap+1","theDragonkin:DivineVision+1","theDragonkin:HallowedGround+1","TH:BikiniMail+1","theDragonkin:StormFront+1","theDragonkin:AshenArmor+1","TH:CopperCoins","theDragonkin:EverBurn+1","theDragonkin:InnerFire+1","theDragonkin:AncestralSeance+1","theDragonkin:DivineVision+1","TH:TreasureMap+1","TH:BikiniMail+1","theDragonkin:Ravage+1","theDragonkin:SolarFlare+1","theDragonkin:DivineFire+1","theDragonkin:FlashofLight+1","theDragonkin:AcidBreath+1","theDragonkin:CorrosiveBelch+1","theDragonkin:HammerOfWrath+1","theDragonkin:HolyWordBarrier+1","theDragonkin:PrismaticBreath+1","TH:CursedSword+1","TH:CopperCoins+1","theDragonkin:StormFront+1","theDragonkin:DivineVision+1","TH:DeckOfManyThings+1","theDragonkin:HeatTest"],"relics":["animator:TheWolleyCore","theDragonkin:GarnetScale","animator:AncientMedallion"],"acts_visited":["Gensokyo:Gensokyo","TheCity","TheBeyond","TheEnding","EYB:TheUnnamedReign"],"potions_floor_usage":[33,50,51],"damage_taken":[{"damage":0,"enemies":"Gensokyo:Python","floor":1,"turns":3},{"damage":0,"enemies":"Gensokyo:3_Fairies","floor":3,"turns":3},{"damage":0,"enemies":"Gensokyo:2_Kodama","floor":4,"turns":3},{"damage":0,"enemies":"Gensokyo:Aya","floor":6,"turns":6},{"damage":0,"enemies":"Gensokyo:2_Rabbits","floor":10,"turns":3},{"damage":7,"enemies":"Gensokyo:Cirno","floor":11,"turns":7},{"damage":0,"enemies":"Gensokyo:VengefulSpirit","floor":12,"turns":5},{"damage":4,"enemies":"Gensokyo:Kitsune","floor":13,"turns":3},{"damage":6,"enemies":"Gensokyo:5_Fairies","floor":14,"turns":5},{"damage":5,"enemies":"Gensokyo:Kokoro","floor":16,"turns":13},{"damage":9,"enemies":"2 Thieves","floor":18,"turns":4},{"damage":0,"enemies":"Shell Parasite","floor":20,"turns":1},{"damage":4,"enemies":"Cultist and Chosen","floor":22,"turns":3},{"damage":0,"enemies":"Snake Plant","floor":24,"turns":2},{"damage":0,"enemies":"Snecko","floor":25,"turns":3},{"damage":0,"enemies":"Centurion and Healer","floor":28,"turns":1},{"damage":0,"enemies":"Nightmare","floor":29,"turns":3},{"damage":0,"enemies":"conspire:HollyBat","floor":31,"turns":4},{"damage":0,"enemies":"Automaton","floor":33,"turns":3},{"damage":0,"enemies":"Orb Walker","floor":35,"turns":2},{"damage":0,"enemies":"3 Shapes","floor":36,"turns":4},{"damage":0,"enemies":"Writhing Mass","floor":39,"turns":3},{"damage":0,"enemies":"Sphere and 2 Shapes","floor":44,"turns":4},{"damage":0,"enemies":"3 Darklings","floor":45,"turns":2},{"damage":0,"enemies":"4 Shapes","floor":46,"turns":6},{"damage":0,"enemies":"4 Shapes","floor":47,"turns":7},{"damage":0,"enemies":"2 Orb Walkers","floor":48,"turns":1},{"damage":0,"enemies":"TheAcolyte","floor":50,"turns":2},{"damage":47,"enemies":"animator:TRIPLE_SHAPES_WEAK","floor":55,"turns":3},{"damage":0,"enemies":"animator:UNNAMED_HAT","floor":56,"turns":6},{"damage":0,"enemies":"conspire:MimicChest","floor":58,"turns":3},{"damage":0,"enemies":"animator:TRIPLE_LAGAVULIN","floor":60,"turns":7},{"damage":7,"enemies":"animator:UNNAMED_CULTIST_2","floor":61,"turns":6},{"damage":12,"enemies":"animator:ULTIMATE_CUBE","floor":64,"turns":8},{"damage":0,"enemies":"animator:ULTIMATE_CRYSTAL","floor":68,"turns":6}],"seed_played":"7311806366654439878","potions_obtained":[{"floor":1,"key":"conspire:TimeTravelPotion"},{"floor":3,"key":"SkillPotion"},{"floor":4,"key":"blueLaboratory:BottledHope"},{"floor":45,"key":"FearPotion"},{"floor":46,"key":"infinitespire:BlackPotion"},{"floor":48,"key":"theDragonkin:DragonkinCommonPotion"},{"floor":55,"key":"animator:FalseLifePotion"},{"floor":56,"key":"animator:FalseLifePotion"},{"floor":60,"key":"animator:FalseLifePotion"}],"is_trial":false,"path_per_floor":["M","?","M","M","COS","E","R","?","T","M","E","M","M","M","R_BF","B",null,"M","AVR","M","?","M","R","M","M","T","$","M","NM","?","M","R","B",null,"M","M","$","?","M","R","T","R","T","M","M","M","?","?","R","B",null,null,"R","??","M","M","T","?","R","M","M","?","R","E","T","?","$","E","R","B",null],"character_chosen":"THE_DRAGONKIN","items_purchased":["TimeFreeze","Boot","BionicSphere","reliquary:Knoch","StSpp:BrokenTotem","hubris:EmptyBottle","theDragonkin:DivineVision","CaptainsWheel","Golden Egg","halation:Convergence","jedi:fakemustache","theDragonkin:DivineVision","animator:AncientMedallion","animator:AncientMedallion","animator:AncientMedallion","animator:AncientMedallion","animator:AncientMedallion"],"campfire_rested":2,"item_purchase_floors":[27,27,27,27,27,27,27,37,37,37,37,67,67,67,67,67,67],"current_hp_per_floor":[85,85,85,85,85,85,85,85,85,85,78,78,80,74,74,75,85,76,76,76,76,72,72,72,72,72,72,72,72,72,72,72,72,85,85,85,85,85,85,85,85,85,85,85,85,85,85,85,85,85,85,85,85,114,67,73,73,83,83,103,104,104,104,106,106,106,106,114,114,114],"gold":160,"neow_bonus":"RANDOM_EVENT","is_daily":false,"chose_seed":false,"campfire_upgraded":7,"win_rate":0.0,"timestamp":1614421507,"path_taken":["M","?","?","M","COS","E","R","?","T","M","E","M","?","M","R_BF","BOSS","M","AVR","?","?","M","R","M","M","T","$","M","NM","?","M","R","BOSS","M","M","$","?","M","R","?","R","T","M","M","M","?","?","R","BOSS","R","??","M","M","T","?","R","M","M","?","R","E","T","?","$","E","R","BOSS"],"items_purchased_type":["Relic","Relic","Relic","Relic","Relic","Relic","Card","Relic","Relic","Relic","Relic","Card","Relic","Relic","Relic","Relic","Relic"],"build_version":"2020-12-22","purchased_purges":1,"victory":true,"max_hp_per_floor":[85,85,85,85,85,85,85,85,85,85,85,85,85,85,85,85,85,85,85,85,85,85,85,85,85,85,85,85,85,85,85,85,85,85,85,85,85,85,85,85,85,85,85,85,85,85,85,85,85,85,85,85,85,114,114,114,114,114,114,114,114,114,114,114,114,114,114,114,114,114],"card_choices":[{"not_picked":["theDragonkin:BurningRage","theDragonkin:LiquidFlame"],"picked":"theDragonkin:HolyWordBarrier","floor":1},{"not_picked":["theDragonkin:HolyShock","theDragonkin:DivineFire","theDragonkin:GooGrip","theDragonkin:Flamestrike"],"picked":"theDragonkin:AcidBreath","floor":3},{"not_picked":["theDragonkin:LiquidFlame","theDragonkin:Sunbeam","theDragonkin:HolyWordBarrier","theDragonkin:DivineFire"],"picked":"theDragonkin:HeatTest","floor":4},{"not_picked":["TH:CursedSword","TH:BikiniMail","TH:TreasureMap"],"picked":"TH:DeckOfManyThings","floor":6},{"not_picked":["theDragonkin:DivineJolt","theDragonkin:CrusaderForm","theDragonkin:HeatTest","theDragonkin:Ravage"],"picked":"theDragonkin:DeepBreath","floor":6},{"not_picked":["TH:CursedSword","TH:Mimic","TH:ElvenBoots"],"picked":"TH:DeckOfManyThings","floor":9},{"not_picked":["theDragonkin:HeatShield","theDragonkin:DivineJolt","theDragonkin:FlameBreath","theDragonkin:Sunbeam"],"picked":"theDragonkin:MiasmicBreath","floor":10},{"not_picked":["TH:BikiniMail","TH:ArmorSpikes","TH:ElvenBoots"],"picked":"TH:TreasureMap","floor":11},{"not_picked":["theDragonkin:Pyroblast","theDragonkin:DivineFire","theDragonkin:MiasmicBreath","theDragonkin:Sizzle"],"picked":"theDragonkin:MoltenBreath","floor":11},{"not_picked":["theDragonkin:Sizzle","theDragonkin:ControlledBreath","theDragonkin:MiasmicBreath","theDragonkin:AcidBreath"],"picked":"theDragonkin:HallowedGround","floor":12},{"not_picked":["theDragonkin:HeatTest","theDragonkin:HallowedGround","theDragonkin:ControlledBreath","theDragonkin:ChainsOfTruth"],"picked":"theDragonkin:AncestralSeance","floor":13},{"not_picked":["theDragonkin:FlameClaw","theDragonkin:HeatTest","theDragonkin:FlameWard","theDragonkin:DivineJolt"],"picked":"theDragonkin:SandBreath","floor":14},{"not_picked":["TH:EnergyPotion","TH:PixieDust","TH:CopperCoins"],"picked":"TH:BikiniMail","floor":16},{"not_picked":["theDragonkin:FlashofLight","theDragonkin:InfernoWard","theDragonkin:Pyroblast","theDragonkin:Subdue"],"picked":"theDragonkin:Detox","floor":16},{"not_picked":["theDragonkin:DivineFire","theDragonkin:SlowBurn","theDragonkin:SolarFlare","theDragonkin:AshBreath"],"picked":"theDragonkin:RevelationBreath","floor":18},{"not_picked":["theDragonkin:Sunbeam+1","theDragonkin:HolyShock","theDragonkin:GooGrip+1","theDragonkin:Sizzle"],"picked":"theDragonkin:FlameBreath","floor":20},{"not_picked":["theDragonkin:GooGrip","theDragonkin:EmberSwipe","theDragonkin:Sunbeam","theDragonkin:ChainsOfTruth+1"],"picked":"theDragonkin:AcidArmor+1","floor":22},{"not_picked":["theDragonkin:HolyWordBarrier","theDragonkin:LiquidFlame","theDragonkin:FlameClaw","theDragonkin:Sizzle"],"picked":"theDragonkin:TwinBreath","floor":24},{"not_picked":["theDragonkin:Sizzle","theDragonkin:Sunbeam","theDragonkin:DivineFire","theDragonkin:ControlledBreath"],"picked":"theDragonkin:PrismaticBreath+1","floor":25},{"not_picked":["TH:CursedSword","TH:DeckOfManyThings","TH:ArmorSpikes"],"picked":"TH:TreasureMap","floor":26},{"not_picked":["theDragonkin:Ravage","theDragonkin:ChainsOfTruth","theDragonkin:FlameClaw","theDragonkin:HolyBarrier+1"],"picked":"theDragonkin:HallowedGround+1","floor":28},{"not_picked":["TH:PixieDust","TH:CopperCoins","TH:ArmorSpikes"],"picked":"TH:BikiniMail","floor":29},{"not_picked":["theDragonkin:AcidArmor","theDragonkin:HeatTest","theDragonkin:PlagueSwipe","theDragonkin:Sunburst"],"picked":"theDragonkin:StormFront+1","floor":29},{"not_picked":["theDragonkin:LiquidFlame+1","theDragonkin:HolyShock","theDragonkin:FlameBreath","theDragonkin:DivineJolt+1"],"picked":"theDragonkin:AshenArmor","floor":31},{"not_picked":["TH:EnergyPotion","TH:CursedSword","TH:Mimic"],"picked":"TH:CopperCoins","floor":33},{"not_picked":["theDragonkin:AshenArmor","theDragonkin:CrusaderForm","theDragonkin:AkatirnsDecree","theDragonkin:MirrorBreath"],"picked":"theDragonkin:EverBurn","floor":33},{"not_picked":["theDragonkin:MiasmicBreath","theDragonkin:HolyShock+1","theDragonkin:EmberSwipe","theDragonkin:Sunburst"],"picked":"theDragonkin:InnerFire","floor":35},{"not_picked":["theDragonkin:BurningRage","theDragonkin:DivineFire","theDragonkin:Sizzle","theDragonkin:GooGrip+1"],"picked":"theDragonkin:AncestralSeance+1","floor":36},{"not_picked":["theDragonkin:EmberSwipe+1","theDragonkin:FlameClaw+1","theDragonkin:DivineFire","theDragonkin:DivineBreath"],"picked":"theDragonkin:DivineVision+1","floor":39},{"not_picked":["TH:ElvenBoots","TH:CopperCoins","TH:DeckOfManyThings"],"picked":"TH:TreasureMap","floor":41},{"not_picked":["TH:ElvenBoots","TH:DeckOfManyThings","TH:CursedSword"],"picked":"TH:BikiniMail","floor":43},{"not_picked":["theDragonkin:HeatShield+1","theDragonkin:EmberSwipe","theDragonkin:Sunbeam","theDragonkin:Sunburst"],"picked":"theDragonkin:Ravage","floor":44},{"not_picked":["theDragonkin:Sunburst","theDragonkin:DivineJolt+1","theDragonkin:FlameWard+1","theDragonkin:HolyBarrier+1"],"picked":"theDragonkin:SolarFlare","floor":45},{"not_picked":["theDragonkin:Subdue","theDragonkin:AlchemicalFlame+1","theDragonkin:LiquidFlame+1","theDragonkin:Sunburst"],"picked":"theDragonkin:DivineFire+1","floor":46},{"not_picked":["theDragonkin:ControlledBreath","theDragonkin:BurningRage+1","theDragonkin:EmberSwipe","theDragonkin:HeatShield+1"],"picked":"theDragonkin:FlashofLight","floor":47},{"not_picked":["theDragonkin:MiasmicBreath","theDragonkin:LightArmor+1","theDragonkin:HolyShock","theDragonkin:BurningRage+1"],"picked":"theDragonkin:AcidBreath+1","floor":48},{"not_picked":["theDragonkin:MiasmicBreath+1","theDragonkin:DivineBreath"],"picked":"theDragonkin:CorrosiveBelch+1","floor":55},{"not_picked":["theDragonkin:AcidBreath","theDragonkin:HeatTest"],"picked":"theDragonkin:HammerOfWrath+1","floor":56},{"not_picked":["TH:PixieDust","TH:ElvenBoots"],"picked":"SKIP","floor":57},{"not_picked":["theDragonkin:ControlledBreath+1","theDragonkin:DeepBreath+1"],"picked":"theDragonkin:HolyWordBarrier","floor":58},{"not_picked":["theDragonkin:Flashpoint+1","theDragonkin:HeatShield"],"picked":"theDragonkin:PrismaticBreath","floor":60},{"not_picked":["theDragonkin:HeatTest","theDragonkin:BurningRage","theDragonkin:AshBreath"],"picked":"SKIP","floor":61},{"not_picked":["theDragonkin:HeatTest","theDragonkin:BurningRage","theDragonkin:AshBreath"],"picked":"SKIP","floor":61},{"not_picked":["TH:ElvenBoots"],"picked":"TH:CursedSword","floor":64},{"not_picked":["theDragonkin:AshBreath","theDragonkin:ControlledBreath","theDragonkin:Sizzle+1"],"picked":"SKIP","floor":64},{"not_picked":["TH:PixieDust"],"picked":"TH:CopperCoins","floor":65},{"not_picked":["TH:ArmorSpikes"],"picked":"TH:DeckOfManyThings","floor":68},{"not_picked":["theDragonkin:MiasmicBreath","theDragonkin:GooGrip"],"picked":"theDragonkin:HeatTest","floor":68}],"player_experience":515188,"relics_obtained":[{"floor":1,"key":"SynthV:TestCard"},{"floor":6,"key":"Dota2Spire:UrnOfShadows"},{"floor":11,"key":"reliquary:Boomerang"},{"floor":15,"key":"halation:LettersToHer"},{"floor":26,"key":"halation:LettersToHer"},{"floor":26,"key":"ReplayFunnel"},{"floor":29,"key":"Oddly Smooth Stone"},{"floor":31,"key":"wanderingMiniBosses:LockLocket"},{"floor":41,"key":"halation:LettersToHer"},{"floor":41,"key":"Anchor"},{"floor":43,"key":"halation:LettersToHer"},{"floor":43,"key":"PageOfSingingMachine"},{"floor":48,"key":"jedi:kaleidoscope"},{"floor":54,"key":"animator:TheWolleyCore"},{"floor":57,"key":"animator:AncientMedallion"},{"floor":58,"key":"animator:AncientMedallion"},{"floor":64,"key":"animator:AncientMedallion"},{"floor":65,"key":"animator:AncientMedallion"},{"floor":68,"key":"animator:AncientMedallion"}],"event_choices":[{"damage_healed":0,"gold_gain":0,"player_choice":"Leave","damage_taken":0,"max_hp_gain":0,"max_hp_loss":0,"event_name":"conspire:Investor","floor":8,"gold_loss":0},{"damage_healed":0,"gold_gain":0,"player_choice":"Upgraded","damage_taken":0,"max_hp_gain":0,"max_hp_loss":0,"event_name":"Upgrade Shrine","floor":30,"gold_loss":0,"cards_upgraded":["ReplayTheSpireMod:Black Plague"]},{"cards_removed":["theDragonkin:Strike"],"damage_healed":0,"gold_gain":0,"player_choice":"Removed Attack","damage_taken":0,"max_hp_gain":0,"max_hp_loss":0,"event_name":"Falling","floor":38,"gold_loss":0},{"damage_healed":0,"gold_gain":0,"player_choice":"Fight","damage_taken":0,"max_hp_gain":0,"max_hp_loss":0,"event_name":"Mysterious Sphere","floor":48,"gold_loss":0}],"is_beta":false,"boss_relics":[{"not_picked":["energizedSpire:NeverEndingSparkler","StSpp:Balance","conspire:RoyalGoblet"]},{"not_picked":["Kintsugi","SlaversCollar"],"picked":"Empty Cage"}],"items_purged_floors":[19],"is_endless":false,"potions_floor_spawned":[1,3,4,11,18,20,22,24,29,35,45,46,48,60,61,64,68],"ascension_level":0}}