{"host":"rwiy0nr47d6nmxat","time":1614392015,"event":{"mods":["2.2 Compatiblity","AchievementEnabler","Act Like it!","Aspiration","BaseMod","Better Note","Better Sensory Stone","Block Reminder","Challenge The Spire","Colored Map","Colored Powertips","Conspire","Curses Come First","Elementarium","Highlight Path","Hubris","Infinite Spire","Mad Scientist","Minty Spire (QoL Compilation)","Permanent Neow","Quick Restart","Rare Cards Sparkle","Reliquary","Replay The Spire","Ruina","Spire Arcade","StSLib","SuperFastMode","The Cursed","TheFirefly","slay the spire mod where everything is the same but ironclad has a cowboy hat"],"gold_per_floor":[109,129,148,168,184,184,184,184,184,194,194,205,218,71,71,176,176,189,43,58,58,58],"floor_reached":21,"language":"ENG","playtime":512,"items_purged":[],"score":184,"play_id":"4d1e4bdd-28ab-46e3-8476-84d223916bd6","local_time":"20210226211335","is_ascension_mode":true,"campfire_choices":[{"floor":6,"key":"REST"},{"floor":8,"key":"REST"},{"floor":15,"key":"REST"}],"circlet_count":0,"master_deck":["Strike_B","Strike_B","Strike_B","Strike_B","Defend_B","Defend_B","Defend_B","Defend_B","Zap","Dualcast","Turbo","Static Discharge","Echo Form","Crystallizer","Sweeping Beam","Conserve Battery","Sweeping Beam","Storm","Multi-Cast","Turbo","Redo"],"relics":["Cracked Core","reliquary:PurpleTingedLeaf","reliquary:BrokenClock","hubris:HollowSoul","ReplayTheSpireMod:TigerMarble"],"acts_visited":["Exordium","TheCity"],"potions_floor_usage":[5,13,13,16],"damage_taken":[{"damage":7,"enemies":"2 Louse","floor":1,"turns":3},{"damage":8,"enemies":"Jaw Worm","floor":2,"turns":3},{"damage":2,"enemies":"Small Slimes","floor":3,"turns":4},{"damage":24,"enemies":"Blue Slaver","floor":4,"turns":3},{"damage":0,"enemies":"Large Slime","floor":5,"turns":7},{"damage":0,"enemies":"Looter","floor":10,"turns":2},{"damage":14,"enemies":"3 Louse","floor":12,"turns":3},{"damage":28,"enemies":"Gremlin Gang","floor":13,"turns":3},{"damage":48,"enemies":"The Guardian","floor":16,"turns":11},{"damage":46,"enemies":"2 Thieves","floor":18,"turns":5},{"damage":18,"enemies":"3 Byrds","floor":20,"turns":3},{"damage":16,"enemies":"Cultist and Chosen","floor":21,"turns":2}],"seed_played":"-4486003702152462883","potions_obtained":[{"floor":0,"key":"Dexterity Potion"},{"floor":0,"key":"Languid Potion"},{"floor":0,"key":"ColorlessPotion"},{"floor":5,"key":"LiquidMemories"}],"is_trial":false,"path_per_floor":["M","M","M","M","M","R","$","R","T","M","?","M","M","$","R","B",null,"M","$","M","M"],"character_chosen":"DEFECT","items_purchased":["reliquary:BrokenClock","ReplayTheSpireMod:TigerMarble"],"campfire_rested":3,"item_purchase_floors":[14,19],"current_hp_per_floor":[68,60,58,34,34,56,56,75,75,75,78,64,40,40,63,17,78,33,33,16,0,0],"gold":58,"neow_bonus":"THREE_SMALL_POTIONS","is_daily":false,"chose_seed":false,"campfire_upgraded":0,"win_rate":0.0,"timestamp":1614392015,"path_taken":["M","M","M","M","M","R","$","R","T","M","?","M","M","$","R","BOSS","M","$","M","M"],"items_purchased_type":["Relic","Relic"],"build_version":"2020-12-22","purchased_purges":0,"victory":false,"max_hp_per_floor":[75,75,75,75,75,75,75,75,75,75,78,78,78,78,78,78,78,78,78,78,79,79],"card_choices":[{"not_picked":["Conserve Battery","Ball Lightning"],"picked":"Turbo","floor":1},{"not_picked":["Hologram","Redo"],"picked":"Static Discharge","floor":2},{"not_picked":["Hologram","Cold Snap"],"picked":"Echo Form","floor":3},{"not_picked":["Streamline","Self Repair"],"picked":"Crystallizer","floor":4},{"not_picked":["Hologram","ReplayGash"],"picked":"Sweeping Beam","floor":5},{"not_picked":["Panic Button","Streamline"],"picked":"Conserve Battery","floor":10},{"not_picked":["Panic Button","Conserve Battery"],"picked":"Sweeping Beam","floor":12},{"not_picked":["Beam Cell","Ball Lightning"],"picked":"Storm","floor":13},{"not_picked":["hubris:DoWhile","Seek"],"picked":"Multi-Cast","floor":16},{"not_picked":["Rebound","Redo"],"picked":"Turbo","floor":18},{"not_picked":["Cold Snap","Coolheaded"],"picked":"Redo","floor":20}],"player_experience":82002,"relics_obtained":[{"floor":9,"key":"reliquary:PurpleTingedLeaf"}],"event_choices":[],"is_beta":false,"boss_relics":[{"not_picked":["Astrolabe","hubris:VirtuousBlindfold"],"picked":"hubris:HollowSoul"}],"items_purged_floors":[],"is_endless":false,"potions_floor_spawned":[5,10,12],"killed_by":"Cultist and Chosen","ascension_level":1}}