{"host":"y9c31ugcc5enwcvp","time":1614455011,"event":{"mods":["BaseMod","Better Match","Better Note","Colored Map","Colored Powertips","Curses Come First","Dio Mod","Downfall","Gremlin Skip","Hermit","Minty Spire (QoL Compilation)","Permanent Neow","Rare Cards Sparkle","Relic Stats","Smile Girya","Spire Arcade","StSLib","The Wild Card","Waifu the Spire","everything is the same but u backflip on backflip","slay the spire mod where everything is the same but ironclad has a cowboy hat"],"gold_per_floor":[117,136,156,170,95,124,141,171,250,270,270,288,288,288,288,409,409,422,447,311,311,581,581,601,601,601,601,619,652,652,666,666,795,795,809,822,822,822,552,568,568,583,583,193,193,233,58,96,96,96,96,96,24,68,68,68],"floor_reached":55,"language":"ENG","playtime":4952,"items_purged":["hermit:Strike_Hermit","Injury","hermit:Strike_Hermit","Parasite","hermit:Defend_Hermit"],"score":757,"play_id":"9be78298-4bae-4f1a-9b44-6d1bc547f8c7","local_time":"20210227134331","is_ascension_mode":false,"campfire_choices":[{"data":"hermit:Combo","floor":11,"key":"SMITH"},{"floor":15,"key":"RECALL"},{"data":"Mind Blast","floor":23,"key":"SMITH"},{"floor":25,"key":"REST"},{"floor":32,"key":"REST"},{"floor":41,"key":"DIG"},{"floor":49,"key":"REST"},{"floor":52,"key":"DIG"}],"circlet_count":0,"master_deck":["hermit:Strike_Hermit","hermit:Strike_Hermit","hermit:Defend_Hermit+1","hermit:Defend_Hermit","hermit:Snapshot","hermit:Covet","hermit:Gestalt","hermit:Headshot","hermit:Deadeye","hermit:GoldenBullet","hermit:Gestalt+1","hermit:Combo+1","hermit:TrackingShot","hermit:Gambit","hermit:Ricochet","hermit:BigShot","Mind Blast+1","hermit:ItchyTrigger+1","hermit:TakeAim","hermit:Snipe+1","hermit:Snipe","hermit:Gestalt+1","hermit:Gestalt"],"relics":["hermit:Momento","NeowsBlessing","Gremlin Horn","Meat on the Bone","Bottled Tornado","Golden Idol","Turnip","bronze:MakeshiftBattery","Juzu Bracelet","Shovel","SlaversCollar","Akabeko","HornCleat","War Paint","Sundial","Bottled Flame","Nunchaku","Letter Opener","Vajra"],"acts_visited":["Exordium","TheCity","TheBeyond","TheEnding"],"potions_floor_usage":[7,8,16,33,50,54],"damage_taken":[{"damage":0,"enemies":"2 Louse","floor":1,"turns":1},{"damage":0,"enemies":"Small Slimes","floor":2,"turns":1},{"damage":0,"enemies":"Jaw Worm","floor":3,"turns":1},{"damage":2,"enemies":"3 Louse","floor":4,"turns":3},{"damage":38,"enemies":"Lagavulin","floor":6,"turns":7},{"damage":1,"enemies":"2 Fungi Beasts","floor":7,"turns":3},{"damage":8,"enemies":"3 Sentries","floor":8,"turns":7},{"damage":9,"enemies":"Blue Slaver","floor":10,"turns":4},{"damage":3,"enemies":"Large Slime","floor":12,"turns":4},{"damage":19,"enemies":"Hexaghost","floor":16,"turns":8},{"damage":2,"enemies":"Chosen","floor":18,"turns":3},{"damage":19,"enemies":"3 Byrds","floor":19,"turns":5},{"damage":3,"enemies":"3 Cultists","floor":24,"turns":5},{"damage":2,"enemies":"Snecko","floor":28,"turns":3},{"damage":18,"enemies":"Gremlin Leader","floor":29,"turns":4},{"damage":20,"enemies":"Chosen and Byrds","floor":31,"turns":4},{"damage":42,"enemies":"Automaton","floor":33,"turns":7},{"damage":33,"enemies":"3 Shapes","floor":35,"turns":3},{"damage":12,"enemies":"3 Darklings","floor":36,"turns":3},{"damage":15,"enemies":"Writhing Mass","floor":40,"turns":6},{"damage":27,"enemies":"4 Shapes","floor":42,"turns":5},{"damage":1,"enemies":"Giant Head","floor":46,"turns":4},{"damage":1,"enemies":"Nemesis","floor":48,"turns":3},{"damage":24,"enemies":"Donu and Deca","floor":50,"turns":6},{"damage":67,"enemies":"Shield and Spear","floor":54,"turns":8},{"damage":14,"enemies":"The Heart","floor":55,"turns":2}],"seed_played":"1302695178052865305","potions_obtained":[{"floor":1,"key":"DuplicationPotion"},{"floor":2,"key":"Energy Potion"},{"floor":7,"key":"bronze:BurnAndBuffPotion"},{"floor":10,"key":"SpeedPotion"},{"floor":12,"key":"Weak Potion"},{"floor":18,"key":"BlessingOfTheForge"},{"floor":19,"key":"SkillPotion"},{"floor":31,"key":"SteroidPotion"},{"floor":46,"key":"BlessingOfTheForge"}],"is_trial":false,"path_per_floor":["M","M","M","M","$","E","M","E","T","M","R","M","?","?","R","B",null,"M","M","$","?","?","R","M","R","T","?","M","E","?","M","R","B",null,"M","M","?","?","$","M","R","M","T","$","?","E","$","E","R","B",null,"R","$","E","B"],"character_chosen":"HERMIT","items_purchased":["hermit:BigShot","Akabeko","Sundial","hermit:Gestalt"],"campfire_rested":3,"item_purchase_floors":[20,39,44,53],"current_hp_per_floor":[75,75,75,73,73,35,34,26,26,29,29,38,38,35,35,28,75,73,54,54,54,21,21,30,52,52,52,50,44,44,36,58,28,75,42,42,42,42,42,39,39,24,24,24,24,35,35,46,66,42,68,68,68,13,0,0],"gold":68,"neow_bonus":"THREE_ENEMY_KILL","is_daily":false,"chose_seed":false,"campfire_upgraded":2,"win_rate":0.0,"timestamp":1614455011,"path_taken":["M","M","M","M","$","E","M","E","T","M","R","M","?","?","R","BOSS","M","M","$","?","?","R","M","R","T","?","M","E","?","M","R","BOSS","M","M","?","?","$","M","R","M","T","$","?","E","?","E","R","BOSS","R","$","E","BOSS"],"items_purchased_type":["Card","Relic","Relic","Card"],"build_version":"2020-12-22","purchased_purges":5,"victory":false,"max_hp_per_floor":[75,75,75,75,75,75,75,75,75,75,75,75,75,75,75,75,75,75,75,75,75,75,75,75,75,75,75,75,75,75,75,75,75,75,75,75,71,71,71,71,71,71,71,68,68,68,68,68,68,68,68,68,68,68,68,68],"relic_stats":{"Nunchaku":[6],"Shovel":2,"Gremlin Horn":[24,25],"counters":[26,110],"Golden Idol":138,"Sundial":[2],"Turnip":[2],"Juzu Bracelet":1,"Letter Opener":[5],"War Paint":["hermit:Gestalt","hermit:Defend_Hermit"],"obtain_stats":[{"NeowsBlessing":0,"Gremlin Horn":6,"Golden Idol":13,"Vajra":54,"Juzu Bracelet":27,"Letter Opener":52,"Bottled Tornado":9,"War Paint":43,"Akabeko":39,"SlaversCollar":34,"Bottled Flame":46,"Nunchaku":48,"Shovel":29,"HornCleat":41,"Sundial":44,"Turnip":14,"hermit:Momento":0,"bronze:MakeshiftBattery":17,"Meat on the Bone":8},{"NeowsBlessing":0,"Gremlin Horn":5,"Golden Idol":9,"Vajra":25,"Juzu Bracelet":13,"Letter Opener":24,"Bottled Tornado":7,"War Paint":21,"Akabeko":19,"SlaversCollar":17,"Bottled Flame":22,"Nunchaku":23,"Shovel":15,"HornCleat":20,"Sundial":21,"Turnip":9,"hermit:Momento":0,"bronze:MakeshiftBattery":10,"Meat on the Bone":7},{"NeowsBlessing":0,"Gremlin Horn":13,"Golden Idol":31,"Vajra":108,"Juzu Bracelet":52,"Letter Opener":100,"Bottled Tornado":23,"War Paint":87,"Akabeko":76,"SlaversCollar":70,"Bottled Flame":91,"Nunchaku":94,"Shovel":59,"HornCleat":82,"Sundial":87,"Turnip":31,"hermit:Momento":0,"bronze:MakeshiftBattery":39,"Meat on the Bone":23}],"Meat on the Bone":156},"card_choices":[{"not_picked":["hermit:Spite","hermit:Dive"],"picked":"hermit:Gestalt","floor":1},{"not_picked":["hermit:Desperado","hermit:CalledShot"],"picked":"hermit:Headshot","floor":2},{"not_picked":["hermit:LowProfile","hermit:PistolWhip"],"picked":"hermit:Deadeye","floor":3},{"not_picked":["hermit:Desperado","hermit:LuckOfTheDraw"],"picked":"hermit:GoldenBullet","floor":4},{"not_picked":["hermit:CalledShot","hermit:WideOpen"],"picked":"hermit:Gestalt","floor":6},{"not_picked":["hermit:Horror","hermit:BodyArmor","hermit:PistolWhip"],"picked":"SKIP","floor":7},{"not_picked":["hermit:WideOpen","hermit:Cheat"],"picked":"hermit:Combo","floor":8},{"not_picked":["hermit:Misfire","hermit:HighCaliber"],"picked":"hermit:TrackingShot","floor":10},{"not_picked":["hermit:FullyLoaded","hermit:SprayPray","hermit:HoleUp"],"picked":"SKIP","floor":12},{"not_picked":["hermit:FinalCanter","hermit:Roughhouse"],"picked":"hermit:Gambit","floor":16},{"not_picked":["hermit:Misfire","hermit:Determination+1"],"picked":"hermit:Ricochet","floor":18},{"not_picked":["hermit:TakeCover+1","hermit:Showdown","hermit:Vantage"],"picked":"SKIP","floor":19},{"not_picked":["hermit:Combo","hermit:LowProfile","hermit:HoleUp+1"],"picked":"SKIP","floor":24},{"not_picked":["hermit:Snipe","hermit:Coalescence"],"picked":"hermit:ItchyTrigger+1","floor":28},{"not_picked":["hermit:Vantage+1","hermit:Reprieve"],"picked":"hermit:TakeAim","floor":29},{"not_picked":["hermit:Ricochet","hermit:Maintenance+1","hermit:Dive"],"picked":"SKIP","floor":31},{"not_picked":["hermit:Vantage","hermit:Spite+1","hermit:Desperado"],"picked":"SKIP","floor":35},{"not_picked":["hermit:Vantage","hermit:DeadMansHand"],"picked":"hermit:Snipe+1","floor":36},{"not_picked":["hermit:DeadMansHand","hermit:Desperado","hermit:BlackWind"],"picked":"SKIP","floor":40},{"not_picked":["hermit:SprayPray+1","hermit:Dive+1","hermit:Virtue+1"],"picked":"SKIP","floor":42},{"not_picked":["hermit:Misfire","hermit:Adapt"],"picked":"hermit:Snipe","floor":46},{"not_picked":["hermit:Headshot+1","hermit:Gambit"],"picked":"hermit:Gestalt+1","floor":48},{"not_picked":["hermit:Maintenance+1","hermit:Midnight+1","hermit:Scavenge+1"],"picked":"SKIP","floor":54}],"player_experience":192741,"relics_obtained":[{"floor":6,"key":"Gremlin Horn"},{"floor":8,"key":"Meat on the Bone"},{"floor":9,"key":"Bottled Tornado"},{"floor":29,"key":"Shovel"},{"floor":41,"key":"HornCleat"},{"floor":43,"key":"War Paint"},{"floor":46,"key":"Bottled Flame"},{"floor":48,"key":"Nunchaku"},{"floor":52,"key":"Letter Opener"},{"floor":54,"key":"Vajra"}],"event_choices":[{"damage_healed":0,"gold_gain":0,"player_choice":"Take Wound","damage_taken":0,"relics_obtained":["Golden Idol"],"max_hp_gain":0,"max_hp_loss":0,"event_name":"Golden Idol","floor":13,"gold_loss":0,"cards_obtained":["Injury"]},{"damage_healed":0,"gold_gain":0,"player_choice":"Success","damage_taken":3,"relics_obtained":["Turnip"],"max_hp_gain":0,"max_hp_loss":0,"event_name":"Scrap Ooze","floor":14,"gold_loss":0},{"damage_healed":0,"gold_gain":270,"player_choice":"GOLD GOLD CARD GOLD ","damage_taken":33,"max_hp_gain":0,"max_hp_loss":0,"event_name":"Knowing Skull","floor":22,"potions_obtained":[],"gold_loss":0,"cards_obtained":["Mind Blast"]},{"damage_healed":0,"gold_gain":0,"player_choice":"Gave Potion","damage_taken":0,"relics_obtained":["Juzu Bracelet"],"max_hp_gain":0,"max_hp_loss":0,"event_name":"WeMeetAgain","floor":27,"gold_loss":0},{"cards_removed":["hermit:Defend_Hermit"],"damage_healed":0,"gold_gain":0,"player_choice":"Elegance","damage_taken":0,"max_hp_gain":0,"max_hp_loss":0,"event_name":"Back to Basics","floor":30,"gold_loss":0},{"damage_healed":0,"gold_gain":0,"player_choice":"Max HP","damage_taken":0,"max_hp_gain":0,"max_hp_loss":4,"event_name":"Winding Halls","floor":37,"gold_loss":0},{"damage_healed":0,"gold_gain":0,"player_choice":"Ignored","damage_taken":0,"max_hp_gain":0,"max_hp_loss":0,"event_name":"Tomb of Lord Red Mask","floor":38,"gold_loss":0},{"damage_healed":0,"gold_gain":0,"player_choice":"Memory 1","damage_taken":0,"max_hp_gain":0,"max_hp_loss":0,"event_name":"SensoryStone","floor":45,"gold_loss":0}],"is_beta":false,"boss_relics":[{"not_picked":["hermit:ClaspedLocket","Fusion Hammer"],"picked":"bronze:MakeshiftBattery"},{"not_picked":["Astrolabe","Velvet Choker"],"picked":"SlaversCollar"}],"items_purged_floors":[5,20,39,44,47],"is_endless":false,"potions_floor_spawned":[1,2,7,10,12,18,19,31,46],"killed_by":"The Heart","ascension_level":0}}