{"host":"bavnrlhi49015oee","time":1614432834,"event":{"mods":["BaseMod","Library of Ruina","Library of Ruina Extra","Lobotomy","LobotomyExtend","Minty Spire (QoL Compilation)","Uncapped"],"gold_per_floor":[119,136,136,156,12,46,61,95,118,128,154,154,183,208,208,305,305,321,336,355,355,367,394,309,336,336,261,161,161,236,246,246,344,344,355,373,124,124,124,137,137,156,156,156,169,195,195,210,210,210],"floor_reached":51,"language":"ZHS","playtime":2201,"items_purged":["WhitesApple","Parasite"],"score":947,"play_id":"279324e9-a8b2-470f-9603-18ae3af14ed1","local_time":"20210227213354","is_ascension_mode":false,"campfire_choices":[{"floor":12,"key":"REST"},{"floor":15,"key":"REST"},{"floor":29,"key":"DIG"},{"floor":32,"key":"DIG"},{"floor":41,"key":"DIG"},{"floor":47,"key":"DIG"},{"floor":49,"key":"DIG"}],"circlet_count":0,"master_deck":["DespairKnight","Woodsman","BodiesMountain","LongBird","Dodge","LightAttack","LightAttack","LightDefense+1","FocusedStrikes+1","ShyLook","UniverseFragment","MindCrush","Riposte","OSAHOGD","TheRedNotes+1","UnforgettableMelody","SingingMachine","Unlock1","CrumblingArmor","RushDown","RedShoes","GrazeTheGrass","Concentration+1","PinpointShot","SkyClearingCut","Bloodbath","UnforgettableMelody","EnergyCycle","NothingThere","Concentration+1","ForcefulGesture","Scorched","QuickSuppression+1","EnergyCycle","QuickSuppression+1","Transpierce","Faith+1","Rewind+1","ElectricShock","LeRegole","BlackArmy","Observe+1","QuickSuppression+1","GreedKing","GrazeTheGrass+1"],"relics":["PageOfLibrarian","CogitoBucket","LetterFromLob","Lee\u0027s Waffle","Question Card","Art of War","Blood Vial","BackwardClock","Juzu Bracelet","Odd Mushroom","PageOfMountain","Empty Cage","LuminousBracelet","Matryoshka","Omamori","Shovel","PageOfMercenary","War Paint","Meat on the Bone","Pantograph","AspirationHeart","AtMidnight","Whetstone","Sozu","Gremlin Horn","PageOfApocalypseBird","PreservedInsect","PageOfUniverseFragment","Pen Nib","PageOfGalaxyChild","Justitia_r","TheSmile_r","Logging_r","PageOfBigBird","SwordSharpenedByTears_r"],"acts_visited":["Exordium","TheCity","TheBeyond"],"potions_floor_usage":[6,10,11,20],"damage_taken":[{"damage":0,"enemies":"Small Slimes","floor":1,"turns":4},{"damage":0,"enemies":"Cultist","floor":2,"turns":4},{"damage":3,"enemies":"Jaw Worm","floor":4,"turns":3},{"damage":26,"enemies":"3 Sentries","floor":6,"turns":10},{"damage":9,"enemies":"2 Fungi Beasts","floor":7,"turns":4},{"damage":4,"enemies":"Gremlin Nob","floor":8,"turns":2},{"damage":32,"enemies":"3 Louse","floor":10,"turns":3},{"damage":34,"enemies":"3 Sentries","floor":11,"turns":6},{"damage":39,"enemies":"The Mushroom Lair","floor":13,"turns":4},{"damage":4,"enemies":"Gremlin Nob","floor":14,"turns":3},{"damage":57,"enemies":"Hexaghost","floor":16,"turns":5},{"damage":28,"enemies":"3 Byrds","floor":18,"turns":4},{"damage":17,"enemies":"2 Thieves","floor":19,"turns":3},{"damage":34,"enemies":"Centurion and Healer","floor":20,"turns":3},{"damage":10,"enemies":"Shelled Parasite and Fungi","floor":22,"turns":2},{"damage":101,"enemies":"Slavers","floor":23,"turns":5},{"damage":33,"enemies":"Gremlin Leader","floor":25,"turns":5},{"damage":75,"enemies":"Snake Plant","floor":31,"turns":7},{"damage":32,"enemies":"Collector","floor":33,"turns":4},{"damage":10,"enemies":"3 Shapes","floor":35,"turns":2},{"damage":25,"enemies":"3 Darklings","floor":36,"turns":3},{"damage":41,"enemies":"Maw","floor":40,"turns":4},{"damage":7,"enemies":"Writhing Mass","floor":42,"turns":2},{"damage":5,"enemies":"3 Darklings","floor":45,"turns":2},{"damage":28,"enemies":"Nemesis","floor":46,"turns":3},{"damage":11,"enemies":"Jaw Worm Horde","floor":48,"turns":3},{"damage":98,"enemies":"Donu and Deca","floor":50,"turns":6},{"damage":43,"enemies":"Malkuth","floor":51,"turns":3},{"damage":110,"enemies":"Yesod","floor":51,"turns":5},{"damage":64,"enemies":"Chesed","floor":51,"turns":4},{"damage":201,"enemies":"Hokma","floor":51,"turns":5},{"damage":80,"enemies":"Angela","floor":51,"turns":4}],"seed_played":"-6715865558915310049","potions_obtained":[{"floor":1,"key":"Swift Potion"},{"floor":8,"key":"Strength Potion"},{"floor":10,"key":"FearPotion"},{"floor":11,"key":"Weak Potion"},{"floor":13,"key":"Explosive Potion"},{"floor":16,"key":"Fire Potion"},{"floor":23,"key":"Dexterity Potion"}],"is_trial":false,"path_per_floor":["M","M","?","M","$","E","M","E","T","M","E","R","?","E","R","B",null,"M","M","M","?","M","E","?","E","T","$","$","R","?","M","R","B",null,"M","M","$","?","?","M","R","M","T","?","M","E","R","M","R","B",null],"character_chosen":"Librarian","items_purchased":["Lee\u0027s Waffle","Gremlin Horn"],"campfire_rested":2,"item_purchase_floors":[5,37],"current_hp_per_floor":[60,60,60,57,208,26,23,19,19,17,14,38,44,65,83,41,83,98,98,92,92,98,52,52,98,98,98,95,95,86,105,105,105,105,105,105,105,105,105,95,95,105,105,105,105,105,105,105,105,105],"gold":210,"neow_bonus":"","is_daily":false,"chose_seed":false,"campfire_upgraded":0,"win_rate":0.0,"timestamp":1614432834,"path_taken":["M","M","?","M","$","E","M","E","T","M","E","R","?","E","R","BOSS","M","M","M","?","M","E","?","E","T","?","$","R","?","M","R","BOSS","M","M","$","?","?","M","R","M","T","?","M","E","R","M","R","BOSS"],"items_purchased_type":["Relic","Relic"],"build_version":"2020-12-22","purchased_purges":2,"victory":true,"max_hp_per_floor":[62,63,63,201,208,85,77,83,83,83,83,83,83,83,83,83,83,98,98,98,98,98,98,98,98,98,98,95,95,95,105,105,105,105,105,105,105,105,105,105,105,105,105,105,105,105,105,105,105,105],"card_choices":[{"not_picked":["Funeral","Scorched","MHz"],"picked":"Singing Bowl","floor":1},{"not_picked":["MHz","Murderer"],"picked":"ShyLook","floor":1},{"not_picked":["PreparedMind","ChiWen","Pound","FleetEdge","AutomatedMovement","FaintMemories","Diversion","LossOfSenses","BiteOff"],"picked":"SKIP","floor":1},{"not_picked":["WallGazer","SpiderBud","OldLady"],"picked":"Singing Bowl","floor":2},{"not_picked":["FieryBird","BeautyBeast"],"picked":"UniverseFragment","floor":2},{"not_picked":["IllEndYou","ICanCookAnything","SmokingPipe","WillOfThePrescript","GatherIntel","Quickness","YoureAHindrance","EnergyStrike"],"picked":"MindCrush","floor":2},{"not_picked":["FieryBird","Scarecrow"],"picked":"OSAHOGD","floor":4},{"not_picked":["AbsorbImpact","BlindFaith","TasteMyFlamingBat","PinpointShot","Outburst","TheWillOfTheCity","HandleRequest","FleetFootsteps"],"picked":"TheRedNotes","floor":4},{"not_picked":["PunishingBird","Scorched","Murderer"],"picked":"Singing Bowl","floor":6},{"not_picked":["PunishingBird","SilentOrchestra"],"picked":"QueenOfHatred","floor":6},{"not_picked":["Faith","ShrineToMusic","Guardian_lor","SnakesPrey","InnerArdor","SetFire","Multislash","ViolentFlame"],"picked":"UnforgettableMelody","floor":6},{"not_picked":["LongBird","Mercenary","CherryBlossoms"],"picked":"Singing Bowl","floor":7},{"not_picked":["MHz","Mercenary"],"picked":"SingingMachine","floor":7},{"not_picked":["GuardingStance","BlowItUp","Reload","IronWall","BlindFaith","HighKick","DarkCloud","SpearedSweep","HandlingWork"],"picked":"Unlock1","floor":7},{"not_picked":["PunishingBird","Scorched"],"picked":"CrumblingArmor","floor":8},{"not_picked":["EnergyStrike","CoordinatedAssault","QuickAttack","HardRehearsal","MultiHit","DesperateStruggle","SunsetBlade","InkOver","ProselytesBlade"],"picked":"RushDown","floor":8},{"not_picked":["Scorched","WallGazer","PunishingBird"],"picked":"Singing Bowl","floor":10},{"not_picked":["BeautyBeast","SpiderBud"],"picked":"RedShoes","floor":10},{"not_picked":["Tailoring","YourShield","GreatSerpentsImpact","Diversion","MindWhip","StrongStrike","Parry2","Crush","QuickAttack"],"picked":"GrazeTheGrass","floor":10},{"not_picked":["Murderer","SnowQueen"],"picked":"Woodsman","floor":11},{"not_picked":["Unlock1","Zzzzzap","YoureAHindrance","FlashingStrike","BurningFlash","LoosenUp","PinpointShot","StrikeDown","HandleRequest"],"picked":"Concentration","floor":11},{"not_picked":["Variant","MeatLantern","Murderer"],"picked":"Singing Bowl","floor":13},{"not_picked":["CoordinatedAssault","FieryDragonSlash","SuanNi","StayCalm","StrongStrike","KeepItFresh","StrikeDown","DestructiveImpact","WillBeTasty"],"picked":"PinpointShot","floor":13},{"not_picked":["HappyTeddy","Alriune","CENSORED"],"picked":"Singing Bowl","floor":14},{"not_picked":["BiteOff","GuidanceOfTheGears","EndlessBattle","ViolentFlame","CircusKnives","SinglePointStab","ForTheFamily","DirtyBlow","MultiHit"],"picked":"SkyClearingCut","floor":14},{"not_picked":["Scarecrow","NakedNest","BeautyBeast"],"picked":"Singing Bowl","floor":16},{"not_picked":["Murderer","MeatLantern"],"picked":"Bloodbath","floor":16},{"not_picked":["DistortedBlade","FlamingDragonFist","LeRegole"],"picked":"UnforgettableMelody","floor":16},{"not_picked":["OldLady","BeautyBeast","Laetitia"],"picked":"Singing Bowl","floor":18},{"not_picked":["NightInTheBackstreets","HighKick+1","DefenseOrder+1","SparkingSpear","EnergyShield","Diversion","QuickAttack","SenseQuarry","MultiHit","SinglePointStab"],"picked":"SKIP","floor":18},{"not_picked":["DespairKnight","WallGazer","FairyFestival"],"picked":"Singing Bowl","floor":19},{"not_picked":["ForcefulGesture","CoordinatedAssault+1","SpearedSweep+1","Thirst","EndlessBattle","MultiBlock+1","Pound","EnergyStrike+1","SuppressingShot+1"],"picked":"EnergyCycle","floor":19},{"not_picked":["LongBird","Scorched","PunishingBird"],"picked":"Singing Bowl","floor":20},{"not_picked":["Murderer","BigBird"],"picked":"NothingThere","floor":20},{"not_picked":["HighKick+1","LoosenUp","Quickness","MultiBlock+1","GuardingStance","CoordinatedAssault","BackstreetsDash","StrongStrike","Leap_lor"],"picked":"Concentration+1","floor":20},{"not_picked":["Alriune","Scorched","Wellcheers"],"picked":"Singing Bowl","floor":22},{"not_picked":["BeautyBeast","CherryBlossoms"],"picked":"WhitesApple","floor":22},{"not_picked":["BladeWhirl","FlashOfSunup","SuppressingShot","FieryDragonSlash","Juggling+1","UndertakePrescript","GuardingStance","DefenseOrder","StrongStrike+1"],"picked":"ForcefulGesture","floor":22},{"not_picked":["PunishingBird","LittlePrince","Laetitia"],"picked":"Singing Bowl","floor":23},{"not_picked":["HappyTeddy","Porccubus"],"picked":"Scorched","floor":23},{"not_picked":["SpearedSweep","HandleRequest+1","TasteMyFlamingBat+1","FierceCharge+1","PreemptiveStrike","GuardingStance","Transpierce","SetFire","JiaoTu"],"picked":"QuickSuppression+1","floor":23},{"not_picked":["OldLady","MHz","Freischutz"],"picked":"Singing Bowl","floor":25},{"not_picked":["CherryBlossoms","WallGazer"],"picked":"LongBird","floor":25},{"not_picked":["ForTheFamily+1","SmokingPipe","Wallop_lor","IngredientHunt","StrongStrike+1","SpearedSweep","BackAttack","RatsGuideToSurvival","VioletBlade"],"picked":"EnergyCycle","floor":25},{"not_picked":["Variant","WallGazer","Wellcheers"],"picked":"Singing Bowl","floor":31},{"not_picked":["Faith","HighKick+1","Deflect_lor","Quickness","GrazeTheGrass","FierceCharge","TraceOfFumes","UpbeatPerformance","ForTheFamily"],"picked":"QuickSuppression+1","floor":31},{"not_picked":["Scarecrow","Funeral","Yin"],"picked":"Singing Bowl","floor":33},{"not_picked":["Decapitation","SilentNight","ChargeUp"],"picked":"Transpierce","floor":33},{"not_picked":["FieryBird","PunishingBird","SnowQueen"],"picked":"Singing Bowl","floor":35},{"not_picked":["StrikeDown","FierceCharge","UnavoidableGaze","ElectricShock","SinglePointStab","ButterflySlash+1","TrashDisposal","WillBeTasty","BladeWhirl"],"picked":"Faith+1","floor":35},{"not_picked":["OldLady","Mercenary","Porccubus"],"picked":"Singing Bowl","floor":36},{"not_picked":["Alriune","WhitesApple"],"picked":"BodiesMountain","floor":36},{"not_picked":["UpbeatPerformance","FervidEmotions+1","Multislash+1","EnergyShield","SerpentSwordTechnique","ConcentratedFire+1","EnergyStrike+1","EnergyBeam","QuickAttack"],"picked":"Rewind+1","floor":36},{"not_picked":["MHz","LittlePrince","Rudolta"],"picked":"Singing Bowl","floor":40},{"not_picked":["Porccubus","NakedNest"],"picked":"DespairKnight","floor":40},{"not_picked":["Gamble","Pound+1","Rewind","Execute_lor+1","SunsetBlade+1","BiAn+1","UpbeatPerformance","WildCard","BurningFlash"],"picked":"LeRegole","floor":40},{"not_picked":["LaLuna","FairyFestival"],"picked":"BlackArmy","floor":42},{"not_picked":["StrikeDown+1","Brawl","StructuralAnalysis+1","UpbeatPerformance","EnergyShield","EnergyConversion+1","HardRehearsal","BackAttack","FrontalAssault"],"picked":"Observe","floor":42},{"not_picked":["WhitesApple","BlackSwan","CherryBlossoms"],"picked":"Singing Bowl","floor":45},{"not_picked":["Clone+1","SunsetBlade+1","SharpSwipe+1","GreatSerpentsImpact+1","SinglePointStab","MultiBlock+1","DaringDecision","TraceOfFumes","SerpentineBarrier","SerpentSwordTechnique"],"picked":"SKIP","floor":45},{"not_picked":["MeatLantern","QueenBee","LittleHelper"],"picked":"Singing Bowl","floor":46},{"not_picked":["CrackOfDawn","SinglePointStab+1","StrongStrike","Observe","NightInTheBackstreets+1","BiXi","EndlessBattle","BlindFaith","CoordinatedAssault+1"],"picked":"QuickSuppression+1","floor":46},{"not_picked":["HeroicMonk","SnowQueen","MeltingLove"],"picked":"Singing Bowl","floor":48},{"not_picked":["CENSORED","BigBadWolf"],"picked":"GreedKing","floor":48},{"not_picked":["Creak","Parry2+1","HiddenBlade","MultiBlock","Multislash+1","DevastatingThrash","StartinOutLightly","DirtyBlow","Duel_lor+1"],"picked":"GrazeTheGrass+1","floor":48}],"player_experience":160827,"relics_obtained":[{"floor":1,"key":"LetterFromLob"},{"floor":6,"key":"Question Card"},{"floor":8,"key":"Art of War"},{"floor":9,"key":"Blood Vial"},{"floor":11,"key":"Juzu Bracelet"},{"floor":13,"key":"Odd Mushroom"},{"floor":14,"key":"PageOfMountain"},{"floor":23,"key":"Omamori"},{"floor":25,"key":"PageOfMercenary"},{"floor":26,"key":"War Paint"},{"floor":26,"key":"Meat on the Bone"},{"floor":29,"key":"Pantograph"},{"floor":31,"key":"AtMidnight"},{"floor":32,"key":"Whetstone"},{"floor":41,"key":"PageOfApocalypseBird"},{"floor":43,"key":"PreservedInsect"},{"floor":43,"key":"PageOfUniverseFragment"},{"floor":46,"key":"Pen Nib"},{"floor":47,"key":"PageOfGalaxyChild"},{"floor":49,"key":"PageOfBigBird"}],"event_choices":[{"damage_healed":0,"gold_gain":0,"cards_transformed":["LightDefense"],"player_choice":"Transformed","damage_taken":0,"max_hp_gain":0,"max_hp_loss":0,"event_name":"Transmorgrifier","floor":3,"gold_loss":0,"cards_obtained":["Riposte"]},{"damage_healed":0,"gold_gain":0,"player_choice":"Fought Mushrooms","damage_taken":0,"max_hp_gain":0,"max_hp_loss":0,"event_name":"Mushrooms","floor":13,"gold_loss":0},{"damage_healed":0,"gold_gain":0,"player_choice":"Opened","damage_taken":0,"relics_obtained":["Matryoshka"],"max_hp_gain":0,"max_hp_loss":0,"event_name":"The Mausoleum","floor":21,"gold_loss":0},{"damage_healed":0,"gold_gain":0,"player_choice":"Obtained Relic","damage_taken":0,"relics_obtained":["Shovel"],"max_hp_gain":0,"max_hp_loss":0,"event_name":"Addict","floor":24,"gold_loss":85},{"damage_healed":0,"gold_gain":75,"player_choice":"Touch","damage_taken":9,"max_hp_gain":0,"max_hp_loss":0,"event_name":"FaceTrader","floor":30,"gold_loss":0},{"damage_healed":0,"gold_gain":0,"cards_transformed":["LightAttack"],"player_choice":"Transformed","damage_taken":0,"max_hp_gain":0,"max_hp_loss":0,"event_name":"Transmorgrifier","floor":39,"gold_loss":0,"cards_obtained":["ElectricShock"]},{"damage_healed":0,"gold_gain":0,"player_choice":"Upgraded","damage_taken":0,"max_hp_gain":0,"max_hp_loss":0,"event_name":"Upgrade Shrine","floor":44,"gold_loss":0,"cards_upgraded":["Observe"]}],"is_beta":false,"boss_relics":[{"not_picked":["Philosopher\u0027s Stone","Coffee Dripper"],"picked":"Empty Cage"},{"not_picked":["Runic Dome","Tiny House"],"picked":"Sozu"}],"items_purged_floors":[27,28],"is_endless":false,"potions_floor_spawned":[1,8,10,11,13,16,22,23,25,31,36,40,46],"ascension_level":0}}