{"host":"oayzmny46us4oe8r","time":1614434655,"event":{"mods":["BaseMod","Minty Spire (QoL Compilation)","Shop Mod","StSLib"],"gold_per_floor":[16,16,16,16,36,36,77,77,100,100,138,160,160,189,189,303,362,387,396,30,30,30,30,30,30,30,50,71,71,114,160,160,260,260,280,280,280,299,299,299,332,332,332,352,352,387,402,24,24,24],"floor_reached":51,"language":"ENG","playtime":3791,"items_purged":["Strike_R"],"score":762,"play_id":"fd60aabd-05e7-4cd2-95e2-9c2995c8cf90","local_time":"20210228010415","is_ascension_mode":true,"campfire_choices":[{"data":"Mayhem","floor":6,"key":"SMITH"},{"data":"Flex","floor":8,"key":"SMITH"},{"data":"Iron Wave","floor":10,"key":"SMITH"},{"floor":15,"key":"REST"},{"data":"Barricade","floor":23,"key":"SMITH"},{"data":"Heavy Blade","floor":25,"key":"SMITH"},{"data":"Rampage","floor":29,"key":"SMITH"},{"floor":32,"key":"REST"},{"data":"Metallicize","floor":40,"key":"SMITH"},{"floor":42,"key":"REST"},{"floor":45,"key":"REST"},{"data":"Armaments","floor":49,"key":"SMITH"}],"circlet_count":0,"master_deck":["Strike_R","Strike_R","Defend_R","Defend_R","Bash+1","Mayhem+1","Flex+1","Flex","Iron Wave+1","Seeing Red","Shockwave+1","Twin Strike","Armaments+1","Reaper","Rage","Heavy Blade+1","Barricade+1","Iron Wave","Sadistic Nature","Rampage+1","Twin Strike+1","Metallicize+1","Fire Breathing+1","Heavy Blade+1"],"relics":["Burning Blood","CeramicFish","Pen Nib","Turnip","Tiny House","Omamori","Nilry\u0027s Codex","Matryoshka","Kunai","HornCleat","Boot","Bronze Scales","Regal Pillow","Sozu","Letter Opener","Bottled Flame","Toxic Egg 2","Lee\u0027s Waffle","Oddly Smooth Stone"],"acts_visited":["Exordium","TheCity","TheBeyond"],"potions_floor_usage":[16,16,33,33],"damage_taken":[{"damage":5,"enemies":"Small Slimes","floor":1,"turns":4},{"damage":7,"enemies":"2 Louse","floor":5,"turns":4},{"damage":29,"enemies":"Gremlin Nob","floor":7,"turns":5},{"damage":14,"enemies":"Lagavulin","floor":11,"turns":4},{"damage":0,"enemies":"Cultist","floor":12,"turns":3},{"damage":12,"enemies":"Blue Slaver","floor":14,"turns":3},{"damage":26,"enemies":"The Guardian","floor":16,"turns":7},{"damage":12,"enemies":"Shell Parasite","floor":18,"turns":6},{"damage":2,"enemies":"Spheric Guardian","floor":27,"turns":6},{"damage":42,"enemies":"3 Cultists","floor":28,"turns":7},{"damage":26,"enemies":"Slavers","floor":30,"turns":9},{"damage":82,"enemies":"Champ","floor":33,"turns":11},{"damage":17,"enemies":"Orb Walker","floor":35,"turns":4},{"damage":7,"enemies":"3 Darklings","floor":38,"turns":6},{"damage":80,"enemies":"Reptomancer","floor":41,"turns":9},{"damage":27,"enemies":"Jaw Worm Horde","floor":44,"turns":5},{"damage":41,"enemies":"Nemesis","floor":46,"turns":5},{"damage":11,"enemies":"Transient","floor":47,"turns":5},{"damage":62,"enemies":"Time Eater","floor":50,"turns":14}],"seed_played":"3559541005622933307","potions_obtained":[{"floor":11,"key":"SteroidPotion"},{"floor":14,"key":"SpeedPotion"},{"floor":17,"key":"Block Potion"},{"floor":27,"key":"Energy Potion"}],"is_trial":false,"path_per_floor":["M","?","?","?","M","R","E","R","T","R","E","M","?","M","R","B",null,"M","?","$","?","T","R","?","R","T","M","M","R","E","T","R","B",null,"M","?","?","M","?","R","E","R","T","M","R","E","M","$","R","B",null],"character_chosen":"IRONCLAD","items_purchased":["Iron Wave","Sadistic Nature","Omamori","Lee\u0027s Waffle","Oddly Smooth Stone"],"campfire_rested":4,"item_purchase_floors":[20,20,20,48,48],"current_hp_per_floor":[80,80,73,73,72,72,49,49,49,49,41,47,47,41,65,45,85,85,85,85,69,69,69,69,69,69,73,79,79,59,59,85,14,85,74,74,74,81,81,81,17,56,56,35,74,45,46,88,88,40],"gold":24,"neow_bonus":"RANDOM_COLORLESS_2","is_daily":false,"chose_seed":false,"campfire_upgraded":8,"win_rate":0.0,"timestamp":1614434655,"path_taken":["M","?","?","?","?","R","E","R","T","R","E","M","?","?","R","BOSS","M","?","$","?","?","R","?","R","T","M","M","R","E","?","R","BOSS","M","?","?","M","?","R","E","R","T","?","R","E","M","$","R","BOSS"],"items_purchased_type":["Card","Card","Relic","Relic","Relic"],"build_version":"2020-12-22","purchased_purges":1,"victory":true,"max_hp_per_floor":[80,80,80,80,80,80,80,80,80,80,80,80,80,80,80,80,85,85,85,85,85,85,85,85,85,85,85,85,85,85,85,85,85,85,85,85,81,81,81,81,81,81,81,81,81,81,81,88,88,88],"card_choices":[{"not_picked":["Violence","Apotheosis"],"picked":"Mayhem","floor":0},{"not_picked":["Dark Embrace","Wild Strike"],"picked":"Flex","floor":1},{"not_picked":["Burning Pact","Intimidate"],"picked":"Iron Wave","floor":5},{"not_picked":["Feel No Pain","Warcry"],"picked":"Seeing Red","floor":7},{"not_picked":["Warcry","Fire Breathing"],"picked":"Shockwave","floor":11},{"not_picked":["Body Slam","Hemokinesis"],"picked":"Twin Strike","floor":12},{"not_picked":["Clothesline","Impervious"],"picked":"Armaments","floor":14},{"not_picked":["Impervious","Brutality"],"picked":"Reaper","floor":16},{"not_picked":["Shockwave","Clash"],"picked":"Rage","floor":17},{"not_picked":["Clash","Clothesline"],"picked":"Heavy Blade","floor":18},{"not_picked":["Warcry+1","Flex","Searing Blow"],"picked":"SKIP","floor":27},{"not_picked":["Anger","Twin Strike"],"picked":"Rampage","floor":28},{"not_picked":["Entrench","Fiend Fire"],"picked":"Twin Strike+1","floor":30},{"not_picked":["Body Slam","Heavy Blade"],"picked":"Metallicize","floor":35},{"not_picked":["Pommel Strike+1","Flex+1"],"picked":"Fire Breathing+1","floor":38},{"not_picked":["Twin Strike+1","Intimidate","Feel No Pain"],"picked":"SKIP","floor":41},{"not_picked":["Evolve","Shockwave"],"picked":"Heavy Blade+1","floor":44},{"not_picked":["Combust+1","Clash+1","Ghostly Armor+1"],"picked":"SKIP","floor":46},{"not_picked":["Twin Strike","Heavy Blade+1","Flex+1"],"picked":"SKIP","floor":47}],"player_experience":237305,"relics_obtained":[{"floor":7,"key":"CeramicFish"},{"floor":9,"key":"Pen Nib"},{"floor":11,"key":"Turnip"},{"floor":21,"key":"Nilry\u0027s Codex"},{"floor":22,"key":"Matryoshka"},{"floor":26,"key":"Kunai"},{"floor":26,"key":"HornCleat"},{"floor":30,"key":"Boot"},{"floor":31,"key":"Bronze Scales"},{"floor":31,"key":"Regal Pillow"},{"floor":41,"key":"Letter Opener"},{"floor":43,"key":"Bottled Flame"},{"floor":46,"key":"Toxic Egg 2"}],"event_choices":[{"damage_healed":0,"gold_gain":0,"cards_transformed":["Strike_R"],"player_choice":"Change","damage_taken":0,"max_hp_gain":0,"max_hp_loss":0,"event_name":"Living Wall","floor":2,"gold_loss":0,"cards_obtained":["Flex"]},{"cards_removed":["Strike_R"],"damage_healed":0,"gold_gain":0,"player_choice":"Card Removal","damage_taken":7,"max_hp_gain":0,"max_hp_loss":0,"event_name":"Golden Wing","floor":3,"gold_loss":0},{"cards_removed":["Defend_R"],"damage_healed":0,"gold_gain":0,"player_choice":"Offered Basic","damage_taken":0,"max_hp_gain":0,"max_hp_loss":0,"event_name":"Bonfire Elementals","floor":4,"gold_loss":0},{"damage_healed":0,"gold_gain":0,"player_choice":"Upgraded","damage_taken":0,"max_hp_gain":0,"max_hp_loss":0,"event_name":"Upgrade Shrine","floor":13,"gold_loss":0,"cards_upgraded":["Shockwave"]},{"damage_healed":0,"gold_gain":0,"player_choice":"Read","damage_taken":0,"max_hp_gain":0,"max_hp_loss":0,"event_name":"The Library","floor":19,"gold_loss":0,"cards_obtained":["Barricade"]},{"damage_healed":0,"gold_gain":0,"player_choice":"Obtained Book","damage_taken":16,"max_hp_gain":0,"max_hp_loss":0,"event_name":"Cursed Tome","floor":21,"gold_loss":0},{"damage_healed":0,"gold_gain":0,"player_choice":"Ignored","damage_taken":0,"max_hp_gain":0,"max_hp_loss":0,"event_name":"Ghosts","floor":24,"gold_loss":0},{"cards_removed":["Defend_R"],"damage_healed":0,"gold_gain":0,"player_choice":"Removed Skill","damage_taken":0,"max_hp_gain":0,"max_hp_loss":0,"event_name":"Falling","floor":36,"gold_loss":0},{"damage_healed":0,"gold_gain":0,"player_choice":"Max HP","damage_taken":0,"max_hp_gain":0,"max_hp_loss":4,"event_name":"Winding Halls","floor":37,"gold_loss":0},{"damage_healed":0,"gold_gain":0,"player_choice":"Got Potions","damage_taken":0,"max_hp_gain":0,"max_hp_loss":0,"event_name":"Lab","floor":39,"gold_loss":0}],"is_beta":false,"boss_relics":[{"not_picked":["Snecko Eye","SacredBark"],"picked":"Tiny House"},{"not_picked":["Coffee Dripper","Philosopher\u0027s Stone"],"picked":"Sozu"}],"items_purged_floors":[48],"is_endless":false,"potions_floor_spawned":[11,14,27,38,44,47],"ascension_level":1}}