{"host":"rolltorest","time":1614448534,"event":{"mods":["BaseMod","Minty Spire (QoL Compilation)","Relic Stats","Slay the Relics Exporter","StSLib"],"gold_per_floor":[116,116,133,148,148,175,185,185,211,234,234,249,284,134,134,211,211,227,152,68,87,87,87,87,87,87,101,101,101],"floor_reached":28,"language":"ENG","playtime":645,"items_purged":["Strike_R"],"score":552,"play_id":"42cbe2b0-94aa-4e0f-9747-d514212ed005","local_time":"20210227095534","is_ascension_mode":true,"campfire_choices":[{"floor":8,"key":"REST"},{"floor":11,"key":"REST"},{"data":"Whirlwind","floor":15,"key":"SMITH"},{"data":"Dark Embrace","floor":23,"key":"SMITH"}],"circlet_count":0,"master_deck":["AscendersBane","Strike_R+1","Strike_R+1","Strike_R+1","Defend_R+1","Defend_R+1","Defend_R+1","Defend_R+1","Bash","Violence","Inflame","Clash","Pummel","Metallicize","Hemokinesis","Sever Soul","Clothesline","Whirlwind+1","Barricade","Dual Wield","Dark Embrace+1","Whirlwind+1","Heavy Blade+1"],"relics":["Burning Blood","Oddly Smooth Stone","Vajra","Regal Pillow","Juzu Bracelet","Velvet Choker","Bottled Lightning"],"acts_visited":["Exordium","TheCity"],"potions_floor_usage":[7,13,13,16,16,28,28],"damage_taken":[{"damage":1,"enemies":"Cultist","floor":1,"turns":3},{"damage":0,"enemies":"2 Louse","floor":3,"turns":4},{"damage":12,"enemies":"Jaw Worm","floor":4,"turns":2},{"damage":50,"enemies":"3 Sentries","floor":6,"turns":12},{"damage":16,"enemies":"3 Louse","floor":7,"turns":5},{"damage":2,"enemies":"Blue Slaver","floor":12,"turns":1},{"damage":28,"enemies":"Lagavulin","floor":13,"turns":6},{"damage":0,"enemies":"Slime Boss","floor":16,"turns":6},{"damage":23,"enemies":"Chosen","floor":18,"turns":5},{"damage":16,"enemies":"Spheric Guardian","floor":21,"turns":4},{"damage":14,"enemies":"Snecko","floor":27,"turns":5},{"damage":25,"enemies":"Slavers","floor":28,"turns":2}],"seed_played":"5671721238596800822","potions_obtained":[{"floor":4,"key":"Weak Potion"},{"floor":7,"key":"SpeedPotion"},{"floor":12,"key":"EntropicBrew"},{"floor":16,"key":"Swift Potion"},{"floor":21,"key":"SkillPotion"}],"is_trial":false,"path_per_floor":["M","$","M","M","?","E","M","R","T","T","R","M","E","$","R","B",null,"M","?","$","M","?","R","?","?","T","M","E"],"character_chosen":"IRONCLAD","items_purchased":["Whirlwind","Dark Embrace"],"campfire_rested":2,"item_purchase_floors":[14,20],"current_hp_per_floor":[68,68,68,62,62,18,8,28,28,28,63,67,45,45,45,51,64,47,47,47,37,37,37,37,37,37,29,4,4],"gold":101,"neow_bonus":"RANDOM_COLORLESS_2","is_daily":false,"chose_seed":false,"campfire_upgraded":2,"win_rate":0.0,"timestamp":1614448534,"path_taken":["M","?","M","M","?","E","?","R","T","?","R","M","E","?","R","BOSS","M","?","$","M","?","R","?","?","T","M","E"],"items_purchased_type":["Card","Card"],"build_version":"2020-12-18","purchased_purges":1,"victory":false,"max_hp_per_floor":[68,68,68,68,68,68,68,68,68,68,68,68,68,68,68,68,68,68,68,68,68,68,68,68,68,68,68,68,68],"relic_stats":{"Regal Pillow":15,"counters":[12,55],"Juzu Bracelet":0,"obtain_stats":[{"Regal Pillow":10,"Oddly Smooth Stone":6,"Vajra":9,"Velvet Choker":17,"Juzu Bracelet":13,"Bottled Lightning":26,"Burning Blood":0},{"Regal Pillow":5,"Oddly Smooth Stone":4,"Vajra":5,"Velvet Choker":8,"Juzu Bracelet":7,"Bottled Lightning":10,"Burning Blood":0},{"Regal Pillow":26,"Oddly Smooth Stone":21,"Vajra":26,"Velvet Choker":39,"Juzu Bracelet":33,"Bottled Lightning":48,"Burning Blood":0}],"Burning Blood":55},"card_choices":[{"not_picked":["Secret Technique","Secret Weapon"],"picked":"Violence","floor":0},{"not_picked":["Rampage","Twin Strike"],"picked":"Inflame","floor":1},{"not_picked":["Cleave","Burning Pact"],"picked":"Clash","floor":3},{"not_picked":["Feel No Pain","Cleave","Warcry"],"picked":"SKIP","floor":4},{"not_picked":["Rupture","Headbutt"],"picked":"Metallicize","floor":6},{"not_picked":["Warcry","Havoc"],"picked":"Hemokinesis","floor":7},{"not_picked":["Feel No Pain","Inflame"],"picked":"Sever Soul","floor":12},{"not_picked":["Anger","Sentinel"],"picked":"Clothesline","floor":13},{"not_picked":["Exhume","Brutality"],"picked":"Barricade","floor":16},{"not_picked":["Clothesline","Flex"],"picked":"Dual Wield","floor":18},{"not_picked":["Sword Boomerang","Clash","Rampage"],"picked":"SKIP","floor":21},{"not_picked":["Wild Strike","Dual Wield"],"picked":"Heavy Blade+1","floor":27}],"player_experience":2032728,"relics_obtained":[{"floor":6,"key":"Oddly Smooth Stone"},{"floor":9,"key":"Vajra"},{"floor":10,"key":"Regal Pillow"},{"floor":13,"key":"Juzu Bracelet"},{"floor":26,"key":"Bottled Lightning"}],"event_choices":[{"damage_healed":0,"gold_gain":0,"player_choice":"1 cards matched","damage_taken":0,"max_hp_gain":0,"max_hp_loss":0,"event_name":"Match and Keep!","floor":5,"gold_loss":0,"cards_obtained":["Pummel"]},{"cards_removed":["Strike_R"],"damage_healed":0,"gold_gain":0,"player_choice":"Gave Gold","damage_taken":0,"max_hp_gain":0,"max_hp_loss":0,"event_name":"Beggar","floor":19,"gold_loss":75},{"damage_healed":0,"gold_gain":0,"player_choice":"Simplicity","damage_taken":0,"max_hp_gain":0,"max_hp_loss":0,"event_name":"Back to Basics","floor":22,"gold_loss":0,"cards_upgraded":["Strike_R","Strike_R","Strike_R","Defend_R","Defend_R","Defend_R","Defend_R"]},{"damage_healed":0,"gold_gain":0,"player_choice":"Ignored","damage_taken":0,"max_hp_gain":0,"max_hp_loss":0,"event_name":"Vampires","floor":24,"gold_loss":0},{"damage_healed":0,"gold_gain":0,"player_choice":"Copied","damage_taken":0,"max_hp_gain":0,"max_hp_loss":0,"event_name":"Duplicator","floor":25,"gold_loss":0,"cards_obtained":["Whirlwind"]}],"is_beta":true,"boss_relics":[{"not_picked":["SlaversCollar","Mark of Pain"],"picked":"Velvet Choker"}],"items_purged_floors":[14],"is_endless":false,"potions_floor_spawned":[4,7,12,16,21,27],"killed_by":"Slavers","ascension_level":20}}