{"host":"89iuq2p5kwriuwfq","time":1614458625,"event":{"mods":["BaseMod","Curses Come First","Custom Start","Minty Spire (QoL Compilation)","Permanent Neow","StSLib"],"gold_per_floor":[112,112,126,136,136,166,176,176,223,237,267,285,285,302,302,302,302],"floor_reached":16,"language":"ENG","playtime":972,"items_purged":[],"score":211,"play_id":"2df3f0e7-eb11-4558-adff-2208037e2e96","local_time":"20210227204345","is_ascension_mode":true,"campfire_choices":[{"data":"Malaise","floor":8,"key":"SMITH"},{"floor":13,"key":"REST"},{"data":"Footwork","floor":15,"key":"SMITH"}],"circlet_count":0,"master_deck":["AscendersBane","Strike_G","Strike_G","Strike_G","Strike_G","Strike_G","Defend_G","Defend_G","Defend_G","Defend_G","Defend_G","Survivor","Neutralize+1","Deadly Poison","Quick Slash","Deadly Poison","Neutralize","Malaise+1","Endless Agony","Footwork+1","Blur","Prepared","Backflip"],"relics":["Ring of the Snake","Kunai","Smiling Mask","Nunchaku"],"acts_visited":["Exordium"],"potions_floor_usage":[6,7],"damage_taken":[{"damage":0.0,"enemies":"2 Louse","floor":1.0,"turns":4.0},{"damage":0.0,"enemies":"Cultist","floor":3.0,"turns":4.0},{"damage":1.0,"enemies":"Jaw Worm","floor":4.0,"turns":3.0},{"damage":22,"enemies":"Lagavulin","floor":6,"turns":5},{"damage":10,"enemies":"Exordium Thugs","floor":7,"turns":5},{"damage":0,"enemies":"2 Fungi Beasts","floor":10,"turns":4},{"damage":23,"enemies":"Gremlin Nob","floor":11,"turns":6},{"damage":0,"enemies":"Looter","floor":12,"turns":4},{"damage":3,"enemies":"Exordium Thugs","floor":14,"turns":5},{"damage":17,"enemies":"Slime Boss","floor":16,"turns":8}],"seed_played":"7153747272833065222","potions_obtained":[{"floor":1.0,"key":"CunningPotion"},{"floor":3.0,"key":"Strength Potion"},{"floor":12,"key":"CunningPotion"},{"floor":14,"key":"LiquidBronze"}],"is_trial":false,"path_per_floor":["M","?","M","M","?","E","M","R","T","M","E","M","R","M","R","B"],"character_chosen":"THE_SILENT","items_purchased":[],"campfire_rested":1,"item_purchase_floors":[],"current_hp_per_floor":[59,59,59,58,58,36,26,26,26,26,3,3,22,19,19,2,2],"gold":302,"neow_bonus":"UPGRADE_CARD","is_daily":false,"chose_seed":false,"campfire_upgraded":2,"win_rate":0.0,"timestamp":1614458625,"path_taken":["M","?","M","M","?","E","M","R","T","M","E","?","R","M","R","BOSS"],"items_purchased_type":[],"build_version":"2020-12-22","purchased_purges":0,"victory":false,"max_hp_per_floor":[66,66,66,66,66,66,66,66,66,66,66,66,66,66,66,66,66],"card_choices":[{"not_picked":["Well Laid Plans","Acrobatics"],"picked":"Deadly Poison","floor":1.0},{"not_picked":["Sucker Punch","Bane"],"picked":"Quick Slash","floor":3.0},{"not_picked":["Blur","Expertise"],"picked":"Deadly Poison","floor":4.0},{"not_picked":["PiercingWail","Prepared"],"picked":"Malaise","floor":6},{"not_picked":["Deflect","Riddle With Holes"],"picked":"Endless Agony","floor":7},{"not_picked":["Dodge and Roll","Crippling Poison"],"picked":"Footwork","floor":10},{"not_picked":["Underhanded Strike","Skewer"],"picked":"Blur","floor":11},{"not_picked":["Accuracy","Tactician"],"picked":"Prepared","floor":12},{"not_picked":["Flying Knee","Acrobatics"],"picked":"Backflip","floor":14}],"player_experience":808511,"relics_obtained":[{"floor":6,"key":"Kunai"},{"floor":9,"key":"Smiling Mask"},{"floor":11,"key":"Nunchaku"}],"event_choices":[{"damage_healed":0.0,"max_hp_gain":0.0,"max_hp_loss":0.0,"gold_gain":0.0,"event_name":"Liars Game","player_choice":"Ignored","floor":2.0,"gold_loss":0.0,"damage_taken":0.0},{"damage_healed":0.0,"max_hp_gain":0.0,"max_hp_loss":0.0,"gold_gain":0.0,"event_name":"Match and Keep!","player_choice":"1 cards matched","floor":5.0,"gold_loss":0.0,"damage_taken":0.0,"cards_obtained":["Neutralize"]}],"is_beta":false,"boss_relics":[],"items_purged_floors":[],"is_endless":false,"potions_floor_spawned":[1,3,12,14],"killed_by":"Slime Boss","ascension_level":17}}