{"host":"dbkc9h3etq50r1dq","time":1614394012,"event":{"mods":["AchievementEnabler","BaseMod","Block Reminder","Colored Powertips","Curses Come First","Dark Map","Highlight Path","Keyboard Shortcuts","Marisa£®ÏF”Í°°ƒß¿Ì…≥£©","Minty Spire (QoL Compilation)","Permanent Neow","Potion Indicator Mod","Random Character Button","Rare Cards Sparkle","StSLib","SuperFastMode","Weighted Paths"],"gold_per_floor":[115,129,54,54,79,125,125,160,160,203,215,227,239,251,263,388,400,440,452,493,505,505],"floor_reached":21,"language":"ZHS","playtime":916,"items_purged":["Strike_MRS"],"score":271,"play_id":"c10421d7-2549-4aa4-9eac-dd9452177b6e","local_time":"20210227104652","is_ascension_mode":true,"campfire_choices":[{"floor":7.0,"key":"REST"},{"floor":11.0,"key":"REST"},{"data":"OneTimeOff","floor":15,"key":"SMITH"}],"circlet_count":0,"master_deck":["Strike_MRS","Strike_MRS","Defend_MRS","Defend_MRS","Defend_MRS","Defend_MRS","MasterSpark","GalacticHalo","WitchOfGreed","MilkyWay","DarkMatter","OneTimeOff+1","TreasureHunter","UltimateShortwave"],"relics":["MiniHakkero","Mercury Hourglass","MawBank","Strawberry","Molten Egg 2","WingedGreaves"],"acts_visited":["Exordium","TheCity"],"potions_floor_usage":[16,20,20,21],"damage_taken":[{"damage":0.0,"enemies":"Jaw Worm","floor":1.0,"turns":4.0},{"damage":3.0,"enemies":"Small Slimes","floor":2.0,"turns":3.0},{"damage":0.0,"enemies":"2 Louse","floor":5.0,"turns":4.0},{"damage":35.0,"enemies":"Gremlin Nob","floor":6.0,"turns":5.0},{"damage":0.0,"enemies":"Red Slaver","floor":8.0,"turns":4.0},{"damage":20.0,"enemies":"3 Sentries","floor":10.0,"turns":6.0},{"damage":61,"enemies":"Hexaghost","floor":16,"turns":17},{"damage":4,"enemies":"Shell Parasite","floor":18,"turns":9},{"damage":28,"enemies":"Chosen","floor":20,"turns":8},{"damage":32,"enemies":"Sentry and Sphere","floor":21,"turns":5}],"seed_played":"7729418185867203904","potions_obtained":[{"floor":2.0,"key":"Ancient Potion"},{"floor":5.0,"key":"BottledSpark"},{"floor":6.0,"key":"FearPotion"},{"floor":8.0,"key":"Ancient Potion"},{"floor":8.0,"key":"LiquidBronze"},{"floor":10.0,"key":"SteroidPotion"},{"floor":10.0,"key":"LiquidMemories"},{"floor":16,"key":"SneckoOil"},{"floor":18,"key":"Block Potion"},{"floor":20,"key":"SkillPotion"}],"is_trial":false,"path_per_floor":["M","M","$","?","M","E","R","M","T","E","R","?","$","T","R","B",null,"M","?","M","M"],"character_chosen":"MARISA","items_purchased":[],"campfire_rested":2,"item_purchase_floors":[],"current_hp_per_floor":[68,65,65,65,65,30,52,52,52,39,63,68,68,68,68,7,67,63,63,35,3,3],"gold":505,"neow_bonus":"THREE_CARDS","is_daily":false,"chose_seed":false,"campfire_upgraded":1,"win_rate":0.0,"timestamp":1614394012,"path_taken":["M","M","$","?","M","E","R","M","T","E","R","?","$","?","R","BOSS","M","?","M","M"],"items_purchased_type":[],"build_version":"2020-12-22","purchased_purges":1,"victory":false,"max_hp_per_floor":[75,75,75,75,75,75,75,75,75,82,82,87,87,87,87,87,87,87,87,87,87,87],"card_choices":[{"not_picked":["DC","WitchLeyline"],"picked":"GalacticHalo","floor":0.0},{"not_picked":["DC","ShootingEcho"],"picked":"WitchOfGreed","floor":1.0},{"not_picked":["WitchLeyline","WitchOfGreed"],"picked":"MilkyWay","floor":2.0},{"not_picked":["DC","GravityBeat"],"picked":"DarkMatter","floor":5.0},{"not_picked":["OortCloud","AlicesGift"],"picked":"OneTimeOff","floor":6.0},{"not_picked":["MysteriousBeam","EnergyFlow"],"picked":"TreasureHunter","floor":8.0},{"not_picked":["Orbital","ShootTheMoon","NonDirectionalLaser"],"picked":"SKIP","floor":10.0},{"not_picked":["AbsoluteMagnitude+1","BlazingStar+1"],"picked":"UltimateShortwave","floor":16},{"not_picked":["Occultation+1","Acceleration","Singularity"],"picked":"SKIP","floor":18},{"not_picked":["PulseMagic","WitchLeyline+1","ChargingUp"],"picked":"SKIP","floor":20}],"player_experience":225785,"relics_obtained":[{"floor":6.0,"key":"Mercury Hourglass"},{"floor":10.0,"key":"MawBank"},{"floor":10.0,"key":"Strawberry"},{"floor":14,"key":"Molten Egg 2"},{"floor":16,"key":"WingedGreaves"}],"event_choices":[{"cards_removed":["UpSweep"],"damage_healed":0.0,"max_hp_gain":0.0,"max_hp_loss":0.0,"gold_gain":0.0,"event_name":"Living Wall","player_choice":"Forget","floor":4.0,"gold_loss":0.0,"damage_taken":0.0},{"damage_healed":0,"gold_gain":0,"player_choice":"Donut","damage_taken":0,"max_hp_gain":5,"max_hp_loss":0,"event_name":"Big Fish","floor":12,"gold_loss":0},{"cards_removed":["Strike_MRS"],"damage_healed":0,"gold_gain":0,"player_choice":"Purged","damage_taken":0,"max_hp_gain":0,"max_hp_loss":0,"event_name":"Purifier","floor":19,"gold_loss":0}],"is_beta":false,"boss_relics":[{"not_picked":["Fusion Hammer","Runic Dome","Ectoplasm"]}],"items_purged_floors":[3],"is_endless":false,"potions_floor_spawned":[2,8,10],"killed_by":"Sentry and Sphere","ascension_level":9}}