{"host":"9l1knhxfturzliqa","time":1614425031,"event":{"mods":["AchievementEnabler","BaseMod","Colored Map","Colored Powertips","DeckTracker","Highlight Path","Keyboard Shortcuts","Minty Spire (QoL Compilation)","Random Character Button"],"gold_per_floor":[113,129,146,116,127,127,156,156,156,186,75,94,112,131,131,206,206,220,231,247,265,84,102,122,133,157,185,185,216,216,249,249,249,249],"floor_reached":33,"language":"KOR","playtime":2342,"items_purged":["Strike_B","Defend_B"],"score":614,"play_id":"45df56ee-ce95-4d56-af85-d7d4ffa8daee","local_time":"20210227202351","is_ascension_mode":true,"campfire_choices":[{"data":"Apotheosis","floor":6.0,"key":"SMITH"},{"floor":8.0,"key":"REST"},{"data":"Echo Form","floor":15.0,"key":"SMITH"},{"data":"Double Energy","floor":30.0,"key":"SMITH"},{"data":"Zap","floor":32.0,"key":"SMITH"}],"circlet_count":0,"master_deck":["AscendersBane","Strike_B","Strike_B","Strike_B","Defend_B","Defend_B","Defend_B","Zap+1","Dualcast","Apotheosis+1","Sweeping Beam","Gash","Double Energy+1","Skim","Echo Form+1","Compile Driver","Self Repair","Melter","Rip and Tear","Steam","Reboot","Leap+1","Sunder","Beam Cell","Coolheaded","Stack","White Noise","Streamline","Stack","Hologram","Gash"],"relics":["Cracked Core","Regal Pillow","Mercury Hourglass","Emotion Chip","Coffee Dripper","Oddly Smooth Stone","Matryoshka","Turnip","Dream Catcher"],"acts_visited":["Exordium","TheCity"],"potions_floor_usage":[],"damage_taken":[{"damage":0.0,"enemies":"2 Louse","floor":1.0,"turns":4.0},{"damage":0.0,"enemies":"Cultist","floor":2.0,"turns":3.0},{"damage":7.0,"enemies":"Jaw Worm","floor":3.0,"turns":3.0},{"damage":5.0,"enemies":"Blue Slaver","floor":5.0,"turns":3.0},{"damage":6.0,"enemies":"Gremlin Nob","floor":7.0,"turns":3.0},{"damage":8.0,"enemies":"3 Sentries","floor":10.0,"turns":4.0},{"damage":0.0,"enemies":"Gremlin Gang","floor":12.0,"turns":3.0},{"damage":1.0,"enemies":"Looter","floor":13.0,"turns":2.0},{"damage":13.0,"enemies":"Blue Slaver","floor":14.0,"turns":3.0},{"damage":6.0,"enemies":"Slime Boss","floor":16.0,"turns":6.0},{"damage":18.0,"enemies":"2 Thieves","floor":18.0,"turns":3.0},{"damage":12.0,"enemies":"3 Byrds","floor":19.0,"turns":4.0},{"damage":10.0,"enemies":"Centurion and Healer","floor":20.0,"turns":5.0},{"damage":4.0,"enemies":"Cultist and Chosen","floor":21.0,"turns":4.0},{"damage":0.0,"enemies":"Sentry and Sphere","floor":23.0,"turns":2.0},{"damage":21.0,"enemies":"Snecko","floor":24.0,"turns":5.0},{"damage":10.0,"enemies":"3 Cultists","floor":25.0,"turns":4.0},{"damage":18.0,"enemies":"Gremlin Leader","floor":27.0,"turns":6.0},{"damage":33.0,"enemies":"Book of Stabbing","floor":29.0,"turns":6.0},{"damage":14.0,"enemies":"Gremlin Leader","floor":31.0,"turns":6.0},{"damage":34,"enemies":"Collector","floor":33,"turns":7}],"seed_played":"7388228871868357377","potions_obtained":[{"floor":4.0,"key":"AttackPotion"},{"floor":4.0,"key":"ColorlessPotion"},{"floor":5.0,"key":"FairyPotion"},{"floor":12.0,"key":"EntropicBrew"},{"floor":20.0,"key":"ColorlessPotion"},{"floor":27.0,"key":"EssenceOfSteel"},{"floor":29.0,"key":"DistilledChaos"},{"floor":31.0,"key":"FearPotion"}],"is_trial":false,"path_per_floor":["M","M","M","?","M","R","E","R","T","E","$","M","M","M","R","B",null,"M","M","M","M","$","M","M","M","T","E","?","E","R","E","R","B"],"character_chosen":"DEFECT","items_purchased":["Self Repair","Coolheaded","Stack"],"campfire_rested":1,"item_purchase_floors":[11,22,22],"current_hp_per_floor":[46,46,39,39,34,34,28,64,64,56,56,56,55,42,42,36,62,54,42,39,35,35,35,24,24,24,16,30,28,28,24,24,0,0],"gold":249,"neow_bonus":"RANDOM_COLORLESS_2","is_daily":false,"chose_seed":false,"campfire_upgraded":4,"win_rate":0.0,"timestamp":1614425031,"path_taken":["M","M","M","?","M","R","E","R","T","E","$","M","?","M","R","BOSS","M","M","M","M","$","M","M","M","T","E","?","E","R","E","R","BOSS"],"items_purchased_type":["Card","Card","Card"],"build_version":"2020-12-22","purchased_purges":2,"victory":false,"max_hp_per_floor":[71,71,71,71,71,71,71,71,71,71,71,71,71,71,71,71,71,71,71,71,71,71,71,71,71,71,71,71,71,71,71,71,71,71],"card_choices":[{"not_picked":["Thinking Ahead","HandOfGreed"],"picked":"Apotheosis","floor":0.0},{"not_picked":["Redo","Reprogram"],"picked":"Sweeping Beam","floor":1.0},{"not_picked":["Doom and Gloom","Go for the Eyes"],"picked":"Gash","floor":2.0},{"not_picked":["Skim","Compile Driver"],"picked":"Double Energy","floor":3.0},{"not_picked":["Hologram","Turbo"],"picked":"Skim","floor":5.0},{"not_picked":["Defragment","Barrage"],"picked":"Echo Form","floor":7.0},{"not_picked":["Sweeping Beam","Redo"],"picked":"Compile Driver","floor":10.0},{"not_picked":["Conserve Battery","Redo"],"picked":"Melter","floor":12.0},{"not_picked":["Skim","Consume"],"picked":"Rip and Tear","floor":13.0},{"not_picked":["Darkness","Compile Driver"],"picked":"Steam","floor":14.0},{"not_picked":["Multi-Cast","Creative AI"],"picked":"Reboot","floor":16.0},{"not_picked":["Stack","Coolheaded"],"picked":"Leap+1","floor":18.0},{"not_picked":["Self Repair","Conserve Battery","Cold Snap"],"picked":"SKIP","floor":19.0},{"not_picked":["Conserve Battery","Turbo"],"picked":"Sunder","floor":20.0},{"not_picked":["Coolheaded","Recycle"],"picked":"Beam Cell","floor":21.0},{"not_picked":["Blizzard","Sweeping Beam"],"picked":"White Noise","floor":23.0},{"not_picked":["Leap","Barrage"],"picked":"Streamline","floor":24.0},{"not_picked":["Redo","Heatsinks","Compile Driver"],"picked":"SKIP","floor":25.0},{"not_picked":["Beam Cell","Ball Lightning"],"picked":"Stack","floor":27.0},{"not_picked":["Coolheaded","Heatsinks"],"picked":"Hologram","floor":29.0},{"not_picked":["Barrage","Hyperbeam"],"picked":"Gash","floor":31.0}],"player_experience":761812,"relics_obtained":[{"floor":7.0,"key":"Regal Pillow"},{"floor":9.0,"key":"Mercury Hourglass"},{"floor":10.0,"key":"Emotion Chip"},{"floor":26.0,"key":"Oddly Smooth Stone"},{"floor":27.0,"key":"Matryoshka"},{"floor":29.0,"key":"Turnip"},{"floor":31.0,"key":"Dream Catcher"}],"event_choices":[{"damage_healed":0.0,"max_hp_gain":0.0,"max_hp_loss":0.0,"gold_gain":0.0,"event_name":"The Woman in Blue","player_choice":"Bought 2 Potions","floor":4.0,"gold_loss":0.0,"damage_taken":0.0},{"damage_healed":14.0,"max_hp_gain":0.0,"max_hp_loss":0.0,"gold_gain":0.0,"event_name":"The Library","player_choice":"Heal","floor":28.0,"gold_loss":0.0,"damage_taken":0.0}],"is_beta":false,"boss_relics":[{"not_picked":["Velvet Choker","SlaversCollar"],"picked":"Coffee Dripper"}],"items_purged_floors":[11,22],"is_endless":false,"potions_floor_spawned":[5,12,13,16,19,20,27,29,31],"killed_by":"Collector","ascension_level":18}}