{"host":"htqwg582tjjtn9p7","time":1614456953,"event":{"mods":["2.2 Compatiblity","AchievementEnabler","Act Like it!","Aspiration","BaseMod","Better Third Choice","Colored Map","Conspire","Curses Come First","Displayed Cursed Tome","Energized Spire","Force Act Four","Fox Events","GifTheSpireLib","Hermit","Highlight Path","JesterMod","Mad Scientist","Minty Spire (QoL Compilation)","Pale of the Ancients","Permanent Neow","Random Character Button","Relic Stats","Reliquary","Replay The Spire","Robot Space Explorer","Ruina","Somnambulant","Spicy Shops","Spikes Relics","StSLib","Stuff the Spire","The Blue Laboratory","The Bug Knight","The Forsaken","The Gatherer","The Judge","The Jungle","The Marked","The Runesmith","The Servant 0.9.4","Uncapped"],"gold_per_floor":[112,6,6,0,11,11,11],"floor_reached":6,"language":"ENG","playtime":202,"items_purged":[],"score":60,"play_id":"4be04f82-fd37-4030-a33b-db540c6c5e1c","local_time":"20210227211553","is_ascension_mode":true,"campfire_choices":[],"circlet_count":0,"master_deck":["AscendersBane","Strike_G","Strike_G","Strike_G","Strike_G","Strike_G","Defend_G","Defend_G","Defend_G","Defend_G","Defend_G","Survivor","Neutralize","Footwork","Accuracy","DeusExMachina+1","Enlightenment","Deflect"],"relics":["Ring of the Snake","Pocketwatch","Counterbalance"],"acts_visited":["Exordium"],"potions_floor_usage":[5],"damage_taken":[{"damage":0,"enemies":"Small Slimes","floor":1,"turns":4},{"damage":0,"enemies":"Jaw Worm","floor":5,"turns":5},{"damage":46,"enemies":"Gremlin Nob","floor":6,"turns":6}],"seed_played":"-1600920284631961551","potions_obtained":[{"floor":1,"key":"BlessingOfTheForge"}],"is_trial":false,"path_per_floor":["M","$","?","?","M","E"],"character_chosen":"THE_SILENT","items_purchased":["Accuracy"],"campfire_rested":0,"item_purchase_floors":[2],"current_hp_per_floor":[59,59,29,35,35,0,0],"gold":11,"neow_bonus":"ONE_RARE_RELIC","is_daily":false,"chose_seed":false,"campfire_upgraded":0,"win_rate":0.0,"timestamp":1614456953,"path_taken":["M","$","?","?","M","E"],"items_purchased_type":["Card"],"build_version":"2020-12-22","purchased_purges":0,"victory":false,"max_hp_per_floor":[60,60,60,66,66,66,66],"relic_stats":{"counters":[3,15],"obtain_stats":[{"Counterbalance":3,"Ring of the Snake":0,"Pocketwatch":0},{"Counterbalance":1,"Ring of the Snake":0,"Pocketwatch":0},{"Counterbalance":4,"Ring of the Snake":0,"Pocketwatch":0}],"Ring of the Snake":[6],"Pocketwatch":[18]},"card_choices":[{"not_picked":["Backstab","Underhanded Strike"],"picked":"Footwork","floor":1},{"not_picked":["Distraction","Flechettes"],"picked":"Deflect","floor":5}],"player_experience":2090077,"relics_obtained":[],"event_choices":[{"damage_healed":0,"gold_gain":0,"player_choice":"RENOUNCE","damage_taken":6,"max_hp_gain":0,"max_hp_loss":0,"event_name":"betterThird:BetterSerpent","floor":4,"gold_loss":6,"cards_obtained":["Enlightenment"]}],"is_beta":false,"boss_relics":[],"items_purged_floors":[],"is_endless":false,"potions_floor_spawned":[1],"killed_by":"Gremlin Nob","ascension_level":15}}