{"host":"6gwm7y0tp7acoxay","time":1614415701,"event":{"mods":["BaseMod","Colored Map","Keyboard Shortcuts","Minty Spire (QoL Compilation)","Quick Restart","StSLib","SuperFastMode","everything is the same but u backflip on backflip"],"gold_per_floor":[117,117,97,113,138,172,172,208,208,133,167,211,542,567,567,662,662,680,680,605,605,638,669,87,126,150,150,150,181,225,133,133,226,226,239,255,255,477,491,532,532,566,566,599,599,284,322,322,322,322,322,322,322,4,37,37],"floor_reached":57,"language":"KOR","playtime":2380,"items_purged":["Turbo","Beam Cell"],"score":3327,"play_id":"b3098792-e9be-4e2e-a24f-51c7892fbe82","local_time":"20210227174821","daily_mods":["SealedDeck","Heirloom","Flight"],"is_ascension_mode":true,"campfire_choices":[{"data":"Hologram","floor":7.0,"key":"SMITH"},{"data":"Coolheaded","floor":15.0,"key":"SMITH"},{"data":"Defragment","floor":27.0,"key":"SMITH"},{"data":"Recycle","floor":28.0,"key":"SMITH"},{"data":"Capacitor","floor":32.0,"key":"SMITH"},{"data":"Darkness","floor":41,"key":"SMITH"},{"floor":49,"key":"RECALL"},{"data":"Madness","floor":53,"key":"SMITH"}],"circlet_count":0,"master_deck":["AscendersBane","Conserve Battery","Self Repair","Ball Lightning","White Noise","Double Energy","Genetic Algorithm","Coolheaded+1","Hologram+1","Glacier","Gash","Skim","Doom and Gloom","Core Surge","Recycle+1","Capacitor+1","Defragment+1","Flash of Steel","Seek","Gash","Madness","Madness+1","Darkness+1","Defragment+1"],"relics":["Cracked Core","StoneCalendar","Golden Idol","Centennial Puzzle","Cables","Bronze Scales","Dream Catcher","Shovel","Old Coin","Sozu","Red Mask","Nunchaku","PreservedInsect","OrangePellets","Vajra","HornCleat","Blood Vial","Mercury Hourglass","Symbiotic Virus","Nuclear Battery","Toy Ornithopter","DataDisk","Sundial","Art of War","Kunai","Ice Cream","Bottled Tornado"],"acts_visited":["Exordium","TheCity","TheBeyond","TheEnding"],"potions_floor_usage":[56,56],"damage_taken":[{"damage":5.0,"enemies":"Small Slimes","floor":1.0,"turns":3.0},{"damage":0.0,"enemies":"2 Louse","floor":4.0,"turns":3.0},{"damage":1.0,"enemies":"Cultist","floor":5.0,"turns":3.0},{"damage":15.0,"enemies":"3 Sentries","floor":6.0,"turns":5.0},{"damage":0.0,"enemies":"Lagavulin","floor":8.0,"turns":5.0},{"damage":18.0,"enemies":"3 Sentries","floor":11.0,"turns":6.0},{"damage":4.0,"enemies":"Lagavulin","floor":12.0,"turns":5.0},{"damage":5.0,"enemies":"3 Sentries","floor":13.0,"turns":7.0},{"damage":11.0,"enemies":"Large Slime","floor":14.0,"turns":2.0},{"damage":13.0,"enemies":"Slime Boss","floor":16.0,"turns":6.0},{"damage":3.0,"enemies":"Chosen","floor":18.0,"turns":5.0},{"damage":7.0,"enemies":"Masked Bandits","floor":22.0,"turns":3.0},{"damage":3.0,"enemies":"Book of Stabbing","floor":23.0,"turns":4.0},{"damage":1.0,"enemies":"Gremlin Leader","floor":25.0,"turns":4.0},{"damage":15.0,"enemies":"Slavers","floor":29.0,"turns":2.0},{"damage":0.0,"enemies":"Gremlin Leader","floor":30.0,"turns":5.0},{"damage":0.0,"enemies":"Automaton","floor":33.0,"turns":6.0},{"damage":0,"enemies":"3 Darklings","floor":35,"turns":4},{"damage":0,"enemies":"3 Shapes","floor":36,"turns":4},{"damage":0,"enemies":"Maw","floor":39,"turns":5},{"damage":0,"enemies":"Nemesis","floor":40,"turns":5},{"damage":0,"enemies":"Giant Head","floor":42,"turns":5},{"damage":4,"enemies":"Nemesis","floor":44,"turns":5},{"damage":8,"enemies":"Giant Head","floor":47,"turns":7},{"damage":23,"enemies":"Awakened One","floor":50,"turns":10},{"damage":49,"enemies":"Time Eater","floor":51,"turns":9},{"damage":28,"enemies":"Shield and Spear","floor":55,"turns":5},{"damage":35,"enemies":"The Heart","floor":56,"turns":9}],"seed_played":"-830225996258387502","potions_obtained":[{"floor":1.0,"key":"DistilledChaos"},{"floor":3.0,"key":"Fire Potion"},{"floor":8.0,"key":"FocusPotion"},{"floor":12.0,"key":"Weak Potion"}],"is_trial":true,"path_per_floor":["M","?","?","M","M","E","R","E","T","?","E","E","E","M","R","B",null,"M","?","$","?","?","E","$","E","T","R","R","E","E","$","R","B",null,"M","M","?","?","M","E","R","E","T","E","$","$","E","?","R","B","B",null,"R","$","E","B",null],"character_chosen":"DEFECT","items_purchased":["PreservedInsect","Capacitor","OrangePellets","Vajra","Flash of Steel","Art of War","Defragment","Ice Cream"],"campfire_rested":0,"item_purchase_floors":[24,24,24,24,31,46,46,54],"current_hp_per_floor":[66,42,42,49,55,47,47,61,61,61,50,53,55,44,44,31,61,65,65,65,65,65,69,69,71,71,71,71,63,71,71,71,71,71,71,71,58,58,67,71,71,71,71,71,71,71,70,70,70,55,15,57,57,57,38,22],"gold":37,"neow_bonus":"","is_daily":false,"chose_seed":false,"campfire_upgraded":7,"win_rate":0.0,"timestamp":1614415701,"path_taken":["M","?","?","?","M","E","R","E","T","?","E","E","E","M","R","BOSS","M","?","$","?","?","E","$","E","T","R","R","E","E","$","R","BOSS","M","M","?","?","M","E","R","E","T","E","$","$","E","?","R","BOSS","BOSS","R","$","E","BOSS"],"items_purchased_type":["Relic","Card","Relic","Relic","Card","Relic","Card","Relic"],"build_version":"2020-12-22","purchased_purges":2,"victory":true,"max_hp_per_floor":[71,71,71,71,71,71,71,71,71,71,71,71,71,71,71,71,71,71,71,71,71,71,71,71,71,71,71,71,71,71,71,71,71,71,71,71,71,71,71,71,71,71,71,71,71,71,71,71,71,71,71,71,71,71,71,71],"card_choices":[{"not_picked":["Turbo","Ball Lightning","Undo"],"picked":"SKIP","floor":1.0},{"not_picked":["Sweeping Beam","Turbo"],"picked":"Coolheaded","floor":5.0},{"not_picked":["Turbo","Steam"],"picked":"Hologram","floor":6.0},{"not_picked":["Chill","Lockon"],"picked":"Glacier","floor":8.0},{"not_picked":["Coolheaded","Sunder"],"picked":"Gash","floor":11.0},{"not_picked":["Ball Lightning","Turbo"],"picked":"Skim","floor":12.0},{"not_picked":["Reprogram","Beam Cell"],"picked":"Doom and Gloom","floor":13.0},{"not_picked":["Redo","Turbo","Scrape"],"picked":"SKIP","floor":14.0},{"not_picked":["Redo","Turbo","Scrape"],"picked":"SKIP","floor":14.0},{"not_picked":["Electrodynamics","Seek"],"picked":"Core Surge","floor":16.0},{"not_picked":["Reprogram","Hello World","Stack"],"picked":"SKIP","floor":18.0},{"not_picked":["Loop","Amplify"],"picked":"Recycle","floor":23.0},{"not_picked":["Reinforced Body+1","Stack"],"picked":"Defragment","floor":25.0},{"not_picked":["Conserve Battery","Stack","Hologram"],"picked":"SKIP","floor":29.0},{"not_picked":["Barrage","Lockon+1","Conserve Battery"],"picked":"SKIP","floor":30.0},{"not_picked":["Machine Learning","Amplify"],"picked":"Seek","floor":33.0},{"not_picked":["Compile Driver","Coolheaded","FTL"],"picked":"SKIP","floor":35},{"not_picked":["Leap","Rebound+1"],"picked":"Gash","floor":36},{"not_picked":["Loop","BootSequence","Stack+1"],"picked":"SKIP","floor":39},{"not_picked":["Tempest+1","Hello World"],"picked":"Darkness","floor":40},{"not_picked":["Compile Driver","Tempest","Streamline"],"picked":"SKIP","floor":42},{"not_picked":["Conserve Battery","Stack","Multi-Cast"],"picked":"SKIP","floor":44},{"not_picked":["BootSequence","Steam","Steam Power"],"picked":"SKIP","floor":47},{"not_picked":["Doom and Gloom","Coolheaded","Consume"],"picked":"SKIP","floor":55}],"player_experience":4612978,"relics_obtained":[{"floor":6.0,"key":"Centennial Puzzle"},{"floor":8.0,"key":"Cables"},{"floor":9.0,"key":"Bronze Scales"},{"floor":11.0,"key":"Dream Catcher"},{"floor":12.0,"key":"Shovel"},{"floor":13.0,"key":"Old Coin"},{"floor":22.0,"key":"Red Mask"},{"floor":23.0,"key":"Nunchaku"},{"floor":25.0,"key":"HornCleat"},{"floor":26.0,"key":"Blood Vial"},{"floor":29.0,"key":"Mercury Hourglass"},{"floor":30.0,"key":"Symbiotic Virus"},{"floor":40,"key":"Toy Ornithopter"},{"floor":42,"key":"DataDisk"},{"floor":44,"key":"Sundial"},{"floor":47,"key":"Kunai"},{"floor":55,"key":"Bottled Tornado"}],"event_choices":[{"damage_healed":0.0,"max_hp_gain":0.0,"max_hp_loss":0.0,"gold_gain":0.0,"event_name":"Golden Idol","player_choice":"Take Damage","floor":2.0,"gold_loss":0.0,"damage_taken":24.0,"relics_obtained":["Golden Idol"]},{"damage_healed":0.0,"max_hp_gain":0.0,"max_hp_loss":0.0,"gold_gain":0.0,"event_name":"The Woman in Blue","player_choice":"Bought 1 Potion","floor":3.0,"gold_loss":0.0,"damage_taken":0.0},{"cards_removed":["Conserve Battery"],"damage_healed":0.0,"max_hp_gain":0.0,"max_hp_loss":0.0,"gold_gain":0.0,"event_name":"The Cleric","player_choice":"Card Removal","floor":10.0,"gold_loss":75.0,"damage_taken":0.0},{"cards_removed":["Rebound"],"damage_healed":0.0,"max_hp_gain":0.0,"max_hp_loss":0.0,"gold_gain":0.0,"event_name":"Back to Basics","player_choice":"Elegance","floor":19.0,"gold_loss":0.0,"damage_taken":0.0},{"damage_healed":0.0,"max_hp_gain":0.0,"max_hp_loss":0.0,"gold_gain":0.0,"event_name":"Cursed Tome","player_choice":"Ignored","floor":21.0,"gold_loss":0.0,"damage_taken":0.0},{"damage_healed":0.0,"max_hp_gain":0.0,"max_hp_loss":0.0,"gold_gain":0.0,"event_name":"Masked Bandits","player_choice":"Fought Bandits","floor":22.0,"gold_loss":0.0,"damage_taken":0.0},{"damage_healed":0,"gold_gain":0,"player_choice":"Embrace Madness","damage_taken":13,"max_hp_gain":0,"max_hp_loss":0,"event_name":"Winding Halls","floor":37,"gold_loss":0,"cards_obtained":["Madness","Madness"]},{"damage_healed":0,"gold_gain":222,"player_choice":"Wore Mask","damage_taken":0,"max_hp_gain":0,"max_hp_loss":0,"event_name":"Tomb of Lord Red Mask","floor":38,"gold_loss":0},{"damage_healed":0,"gold_gain":0,"player_choice":"Forge","damage_taken":0,"max_hp_gain":0,"max_hp_loss":0,"event_name":"Accursed Blacksmith","floor":48,"gold_loss":0,"cards_upgraded":["Defragment"]}],"is_beta":false,"boss_relics":[{"not_picked":["Tiny House","Runic Pyramid"],"picked":"Sozu"},{"not_picked":["Fusion Hammer","Velvet Choker"],"picked":"Nuclear Battery"}],"items_purged_floors":[20,46],"is_endless":false,"potions_floor_spawned":[1,8,12,16,18,22,30,39,42,47],"ascension_level":20}}