{"host":"grtv5gxlru3keaef","time":1614443264,"event":{"mods":["AchievementEnabler","BaseMod","Clawfect","Colored Powertips","DeckTracker","Minty Spire (QoL Compilation)","Quick Restart","Shop Mod","StSLib","SuperFastMode","slay the spire mod where everything is the same but ironclad has a cowboy hat"],"gold_per_floor":[115,32,47,60,76,106,31,49,76,94,110,110,127,147,147,245,245,255,129,129,142,0,0,0,15,15,15,26,26,26,26],"floor_reached":30,"language":"ENG","playtime":745,"items_purged":["Trip","Defend_B"],"score":261,"play_id":"0a3c39fc-1c8f-4e4f-9a2f-673bbb85cbad","local_time":"20210227112744","is_ascension_mode":false,"campfire_choices":[{"floor":12,"key":"REST"},{"floor":15,"key":"REST"},{"floor":24,"key":"REST"}],"circlet_count":0,"master_deck":["Gash","Gash","Gash","Gash","Gash","Defend_B","Defend_B","Gash","Clawfect:ClawForTheEyes","Conserve Battery","Self Repair","Reprogram","Clawfect:Clawline","Gash","Clawfect:ClawCell","Clawfect:ClawForTheEyes","Seek","Clawfect:ClawCell","Leap","Clawfect:ScrapingClaw"],"relics":["Clawfect:DRClaw","Boot","Oddly Smooth Stone","Empty Cage","MutagenicStrength","The Courier"],"acts_visited":["Exordium","TheCity"],"potions_floor_usage":[11,28],"damage_taken":[{"damage":0,"enemies":"Cultist","floor":1,"turns":4},{"damage":6,"enemies":"Jaw Worm","floor":3,"turns":3},{"damage":0,"enemies":"Small Slimes","floor":4,"turns":4},{"damage":6,"enemies":"2 Fungi Beasts","floor":5,"turns":5},{"damage":22,"enemies":"3 Sentries","floor":6,"turns":8},{"damage":11,"enemies":"Red Slaver","floor":8,"turns":4},{"damage":6,"enemies":"3 Louse","floor":10,"turns":4},{"damage":11,"enemies":"Exordium Wildlife","floor":11,"turns":4},{"damage":15,"enemies":"Blue Slaver","floor":13,"turns":3},{"damage":5,"enemies":"Large Slime","floor":14,"turns":5},{"damage":39,"enemies":"The Guardian","floor":16,"turns":8},{"damage":16,"enemies":"Chosen","floor":18,"turns":5},{"damage":8,"enemies":"Shell Parasite","floor":21,"turns":4},{"damage":12,"enemies":"Centurion and Healer","floor":25,"turns":4},{"damage":50,"enemies":"Snecko","floor":28,"turns":7},{"damage":35,"enemies":"Shelled Parasite and Fungi","floor":30,"turns":3}],"seed_played":"6834811859802478277","potions_obtained":[{"floor":5,"key":"Dexterity Potion"},{"floor":6,"key":"Explosive Potion"},{"floor":8,"key":"Energy Potion"},{"floor":11,"key":"CultistPotion"},{"floor":18,"key":"Weak Potion"},{"floor":28,"key":"GamblersBrew"}],"is_trial":false,"path_per_floor":["M","$","M","M","M","E","$","M","T","M","M","R","M","M","R","B",null,"M","$","?","M","?","?","R","M","T","?","M","?","M"],"character_chosen":"DEFECT","items_purchased":["Trip","Leap"],"campfire_rested":3,"item_purchase_floors":[2,19],"current_hp_per_floor":[82,82,76,76,70,55,55,51,51,45,41,65,50,52,76,44,82,66,66,66,65,65,65,82,77,77,77,34,28,0,0],"gold":26,"neow_bonus":"TEN_PERCENT_HP_BONUS","is_daily":false,"chose_seed":false,"campfire_upgraded":0,"win_rate":0.0,"timestamp":1614443264,"path_taken":["M","$","M","M","M","E","$","M","T","M","M","R","M","M","R","BOSS","M","$","?","M","?","?","R","M","T","?","M","?","M"],"items_purchased_type":["Card","Card"],"build_version":"2020-12-22","purchased_purges":2,"victory":false,"max_hp_per_floor":[82,82,82,82,82,82,82,82,82,82,82,82,82,82,82,82,82,82,82,82,82,82,82,82,82,82,82,82,82,82,82],"card_choices":[{"not_picked":["Clawfect:ClawLightning","Consume"],"picked":"Gash","floor":1},{"not_picked":["Clawfect:Clawrage","Steam"],"picked":"Clawfect:ClawForTheEyes","floor":3},{"not_picked":["Double Energy","Defragment"],"picked":"Conserve Battery","floor":4},{"not_picked":["Clawfect:Clawrage","Leap"],"picked":"Self Repair","floor":5},{"not_picked":["Clawfect:Clawrage","Clawfect:ClawSnap"],"picked":"Reprogram","floor":6},{"not_picked":["Clawfect:ClawLightning","Clawfect:ClawSnap"],"picked":"Clawfect:Clawline","floor":8},{"not_picked":["Buffer","Leap","Coolheaded"],"picked":"SKIP","floor":10},{"not_picked":["Clawfect:ClawSnap","Undo"],"picked":"Gash","floor":11},{"not_picked":["Leap","FTL"],"picked":"Clawfect:ClawCell","floor":13},{"not_picked":["FTL","Defragment"],"picked":"Clawfect:ClawForTheEyes","floor":14},{"not_picked":["Rainbow","Electrodynamics"],"picked":"Seek","floor":16},{"not_picked":["FTL","Force Field+1"],"picked":"Clawfect:ClawCell","floor":18},{"not_picked":["Clawfect:Clawrage","Chaos","Conserve Battery"],"picked":"SKIP","floor":21},{"not_picked":["Stack","Glacier","Clawfect:ClawAndGloom"],"picked":"SKIP","floor":25},{"not_picked":["Darkness+1","Conserve Battery"],"picked":"Clawfect:ScrapingClaw","floor":28}],"player_experience":192820,"relics_obtained":[{"floor":6,"key":"Boot"},{"floor":9,"key":"Oddly Smooth Stone"},{"floor":26,"key":"The Courier"}],"event_choices":[{"damage_healed":0,"gold_gain":0,"player_choice":"Inject Mutagens","damage_taken":0,"relics_obtained":["MutagenicStrength"],"max_hp_gain":0,"max_hp_loss":0,"event_name":"Drug Dealer","floor":20,"gold_loss":0},{"damage_healed":0,"gold_gain":0,"player_choice":"Paid Fearfully","damage_taken":0,"max_hp_gain":0,"max_hp_loss":0,"event_name":"Masked Bandits","floor":22,"gold_loss":142},{"damage_healed":0,"gold_gain":0,"player_choice":"Ignored","damage_taken":0,"max_hp_gain":0,"max_hp_loss":0,"event_name":"Ghosts","floor":27,"gold_loss":0},{"damage_healed":0,"gold_gain":0,"player_choice":"","damage_taken":6,"max_hp_gain":0,"max_hp_loss":0,"event_name":"Knowing Skull","floor":29,"potions_obtained":[],"gold_loss":0,"cards_obtained":[]}],"is_beta":false,"boss_relics":[{"not_picked":["Cursed Key","SlaversCollar"],"picked":"Empty Cage"}],"items_purged_floors":[7,19],"is_endless":false,"potions_floor_spawned":[5,6,8,10,11,18,28],"killed_by":"Shelled Parasite and Fungi","ascension_level":0}}