{"host":"uyfpom4rlahfoee4","time":1614406874,"event":{"mods":["BaseMod","Downfall","Minty Spire (QoL Compilation)","StSLib"],"gold_per_floor":[99,117,127,142,292,292,344,376,376,393,419,419,459,501,525,532,532,532],"floor_reached":16,"language":"ENG","playtime":1025,"items_purged":[],"score":106,"play_id":"23d82178-6e85-4555-a229-e51cba98a344","local_time":"20210226222114","is_ascension_mode":false,"campfire_choices":[{"data":"sneckomod:SnekBite","floor":1,"key":"SMITH"},{"data":"sneckomod:GlitteringGambit","floor":12,"key":"SMITH"}],"circlet_count":0,"master_deck":["sneckomod:Strike","sneckomod:Strike","sneckomod:Strike","sneckomod:Defend","sneckomod:Defend","sneckomod:Defend","sneckomod:TailWhip+1","sneckomod:SnekBite+1","sneckomod:Unknown","sneckomod:Unknown","sneckomod:IronFang","sneckomod:IronFang","bronze:InfiniteBeams","sneckomod:GlitteringGambit+1","sneckomod:UnknownCommonAttack","sneckomod:SoulRoll","sneckomod:UnknownClassRED","sneckomod:UnknownBoss","sneckomod:UnknownClassSLIMEBOUND"],"relics":["sneckomod:SneckoSoul","Dream Catcher","The Courier"],"acts_visited":["Exordium"],"potions_floor_usage":[16,16,16],"damage_taken":[{"damage":1,"enemies":"2 Louse","floor":2,"turns":2},{"damage":3,"enemies":"Jaw Worm","floor":3,"turns":2},{"damage":2,"enemies":"Cultist","floor":4,"turns":4},{"damage":14,"enemies":"Gremlin Nob","floor":8,"turns":5},{"damage":3,"enemies":"downfall:LooterAlt","floor":10,"turns":3},{"damage":0,"enemies":"Large Slime","floor":11,"turns":4},{"damage":9,"enemies":"Red Slaver","floor":13,"turns":3},{"damage":14,"enemies":"Blue Slaver","floor":14,"turns":5},{"damage":18,"enemies":"Exordium Thugs","floor":15,"turns":4},{"damage":18,"enemies":"WA_ARCHETYPE_RETAIN","floor":16,"turns":10}],"seed_played":"2146411371108201503","potions_obtained":[{"floor":8,"key":"ColorlessPotion"},{"floor":10,"key":"Energy Potion"},{"floor":13,"key":"DistilledChaos"}],"is_trial":false,"path_per_floor":["R","M","M","M","?","R","T","E","?","M","M","R","M","M","M","B"],"character_chosen":"THE_SNECKO","items_purchased":[],"campfire_rested":0,"item_purchase_floors":[],"current_hp_per_floor":[90,89,86,84,84,84,84,70,70,67,70,70,61,50,36,18,18,18],"gold":532,"neow_bonus":"UPGRADE_CARD","is_daily":false,"chose_seed":false,"campfire_upgraded":2,"win_rate":0.0,"timestamp":1614406874,"path_taken":["R","M","M","M","?","R","T","E","?","?","M","R","M","M","M","BOSS"],"items_purchased_type":[],"build_version":"2020-12-22","purchased_purges":0,"victory":false,"max_hp_per_floor":[90,90,90,90,90,90,90,90,90,90,93,93,93,96,96,96,96,96],"card_choices":[{"not_picked":["sneckomod:UnknownClassTHE_CHAMP_GRAY","sneckomod:UnknownExhaust"],"picked":"sneckomod:IronFang","floor":2},{"not_picked":["sneckomod:UnknownBlock","sneckomod:UnknownClassRED"],"picked":"sneckomod:UnknownUncommonPower","floor":3},{"not_picked":["sneckomod:UnknownClassTHE_CHAMP_GRAY","sneckomod:UnknownCommonSkill"],"picked":"sneckomod:IronFang","floor":4},{"not_picked":["sneckomod:UnknownClassHEXA_GHOST_PURPLE","sneckomod:UnknownClassSLIMEBOUND"],"picked":"sneckomod:GlitteringGambit","floor":8},{"not_picked":["sneckomod:ImprovisedGuard","sneckomod:Unknown1Cost"],"picked":"sneckomod:UnknownCommonAttack","floor":10},{"not_picked":["sneckomod:UnknownClassGUARDIAN","sneckomod:UnknownWeak"],"picked":"sneckomod:SoulRoll","floor":11},{"not_picked":["sneckomod:UnknownCommonSkill","sneckomod:UnknownBlock"],"picked":"sneckomod:UnknownClassRED","floor":13},{"not_picked":["sneckomod:UnknownUncommonSkill","sneckomod:UnknownClassTHE_BRONZE_AUTOMATON"],"picked":"sneckomod:UnknownBoss","floor":14},{"not_picked":["sneckomod:UnknownColorless","sneckomod:UnknownClassTHE_BRONZE_AUTOMATON"],"picked":"sneckomod:UnknownClassSLIMEBOUND","floor":15}],"player_experience":247045,"relics_obtained":[{"floor":7,"key":"Dream Catcher"},{"floor":8,"key":"The Courier"}],"event_choices":[],"is_beta":false,"boss_relics":[],"items_purged_floors":[],"is_endless":false,"potions_floor_spawned":[8,10,13,14],"killed_by":"WA_ARCHETYPE_RETAIN","ascension_level":0}}