{"host":"l3xrug4zqg5ym5g5","time":1614400763,"event":{"mods":["AchievementEnabler","BaseMod","Colored Map","Highlight Path","Minty Spire (QoL Compilation)","Quick Restart","Rare Cards Sparkle","Relic Sorter","Relic Stats","StSLib","SuperFastMode"],"gold_per_floor":[112,130,80,80,1,1,19,19,73,92,110,285,303,60,60,159,159,177,190,208,228,228,228,12,12,38,48,48,48,48,48],"floor_reached":30,"language":"ENG","playtime":770,"items_purged":["Doubt"],"score":222,"play_id":"fbc077b3-3e5f-4b1e-a53c-6565a0922b5c","local_time":"20210226233923","is_ascension_mode":false,"campfire_choices":[{"data":"Searing Blow","floor":6,"key":"SMITH"},{"data":"Searing Blow+1","floor":8,"key":"SMITH"},{"floor":15,"key":"REST"},{"floor":23,"key":"REST"},{"floor":25,"key":"REST"},{"floor":28,"key":"REST"}],"circlet_count":0,"master_deck":["Strike_R","Strike_R","Strike_R","Strike_R","Strike_R","Defend_R","Defend_R","Defend_R","Defend_R","Bash","Whirlwind","Predator","Searing Blow+2","Rampage","Shrug It Off","Double Tap","Sword Boomerang","Trip","Feed","Flex","Armaments","Entrench","Panache","Perfected Strike","Forethought","Impatience","Mind Blast","Panacea"],"relics":["Burning Blood","Smiling Mask","Strawberry","Busted Crown","Enchiridion","Dream Catcher"],"acts_visited":["Exordium","TheCity"],"potions_floor_usage":[13,16,27,30,30,30,30,30],"damage_taken":[{"damage":0,"enemies":"Small Slimes","floor":1,"turns":2},{"damage":0,"enemies":"2 Louse","floor":2,"turns":1},{"damage":1,"enemies":"Cultist","floor":7,"turns":3},{"damage":10,"enemies":"Looter","floor":10,"turns":2},{"damage":6,"enemies":"2 Fungi Beasts","floor":11,"turns":2},{"damage":40,"enemies":"Exordium Thugs","floor":13,"turns":5},{"damage":45,"enemies":"The Guardian","floor":16,"turns":10},{"damage":14,"enemies":"3 Byrds","floor":18,"turns":5},{"damage":25,"enemies":"Spheric Guardian","floor":19,"turns":4},{"damage":66,"enemies":"Shelled Parasite and Fungi","floor":20,"turns":6},{"damage":20,"enemies":"Centurion and Healer","floor":21,"turns":3},{"damage":24,"enemies":"Chosen and Byrds","floor":27,"turns":6},{"damage":21,"enemies":"Snake Plant","floor":30,"turns":1}],"seed_played":"5499231090227476962","potions_obtained":[{"floor":1,"key":"ColorlessPotion"},{"floor":11,"key":"Fire Potion"},{"floor":16,"key":"FairyPotion"},{"floor":20,"key":"Fire Potion"},{"floor":27,"key":"PowerPotion"}],"is_trial":false,"path_per_floor":["M","M","?","?","$","R","M","R","T","M","M","?","M","$","R","B",null,"M","M","M","M","?","R","$","R","T","M","R","?","M"],"character_chosen":"IRONCLAD","items_purchased":["Searing Blow","Strawberry","Trip","Panache"],"campfire_rested":4,"item_purchase_floors":[5,14,14,24],"current_hp_per_floor":[80,80,80,80,80,80,80,80,80,76,76,76,42,49,75,36,87,82,63,33,22,6,33,33,60,60,42,69,20,0,0],"gold":48,"neow_bonus":"THREE_CARDS","is_daily":false,"chose_seed":false,"campfire_upgraded":2,"win_rate":0.0,"timestamp":1614400763,"path_taken":["M","M","?","?","$","R","M","R","T","?","M","?","M","$","R","BOSS","M","M","M","M","?","R","$","R","T","M","R","?","M"],"items_purchased_type":["Card","Relic","Card","Card"],"build_version":"2020-12-22","purchased_purges":1,"victory":false,"max_hp_per_floor":[80,80,80,80,80,80,80,80,80,80,80,80,80,87,87,87,87,90,90,90,93,93,93,93,93,93,93,93,93,93,93],"relic_stats":{"Dream Catcher":1,"Busted Crown":12,"counters":[13,50],"Smiling Mask":25,"obtain_stats":[{"Dream Catcher":26,"Busted Crown":17,"Strawberry":14,"Enchiridion":22,"Smiling Mask":9,"Burning Blood":0},{"Dream Catcher":11,"Busted Crown":7,"Strawberry":6,"Enchiridion":11,"Smiling Mask":3,"Burning Blood":0},{"Dream Catcher":43,"Busted Crown":25,"Strawberry":15,"Enchiridion":43,"Smiling Mask":6,"Burning Blood":0}],"Burning Blood":55},"card_choices":[{"not_picked":["Shrug It Off","Anger"],"picked":"Whirlwind","floor":0},{"not_picked":["Rage","Feel No Pain"],"picked":"Havoc","floor":1},{"not_picked":["Wild Strike","Hemokinesis"],"picked":"Havoc","floor":2},{"not_picked":["Body Slam","Warcry"],"picked":"Rampage","floor":7},{"not_picked":["Carnage","Body Slam"],"picked":"Shrug It Off","floor":10},{"not_picked":["Wild Strike","Rupture"],"picked":"Double Tap","floor":11},{"not_picked":["Headbutt","Havoc"],"picked":"Sword Boomerang","floor":13},{"not_picked":["Double Tap","Bludgeon"],"picked":"Feed","floor":16},{"not_picked":[],"picked":"Flex","floor":18},{"not_picked":[],"picked":"Armaments","floor":19},{"not_picked":["Headbutt"],"picked":"SKIP","floor":20},{"not_picked":[],"picked":"Entrench","floor":21},{"not_picked":[],"picked":"Perfected Strike","floor":27}],"player_experience":109913,"relics_obtained":[{"floor":9,"key":"Smiling Mask"},{"floor":22,"key":"Enchiridion"},{"floor":26,"key":"Dream Catcher"}],"event_choices":[{"cards_removed":["Havoc"],"damage_healed":0,"gold_gain":0,"player_choice":"Card Removal","damage_taken":0,"max_hp_gain":0,"max_hp_loss":0,"event_name":"The Cleric","floor":3,"gold_loss":50},{"cards_removed":["Havoc"],"damage_healed":0,"gold_gain":0,"player_choice":"Took Card","damage_taken":0,"max_hp_gain":0,"max_hp_loss":0,"event_name":"NoteForYourself","floor":4,"gold_loss":0,"cards_obtained":["Predator"]},{"damage_healed":0,"gold_gain":175,"player_choice":"AGREE","damage_taken":0,"max_hp_gain":0,"max_hp_loss":0,"event_name":"Liars Game","floor":12,"gold_loss":0,"cards_obtained":["Doubt"]},{"damage_healed":0,"gold_gain":0,"player_choice":"Obtained Book","damage_taken":16,"max_hp_gain":0,"max_hp_loss":0,"event_name":"Cursed Tome","floor":22,"gold_loss":0},{"damage_healed":0,"gold_gain":0,"player_choice":"POTION POTION CARD CARD CARD CARD ","damage_taken":49,"max_hp_gain":0,"max_hp_loss":0,"event_name":"Knowing Skull","floor":29,"potions_obtained":["DistilledChaos","EntropicBrew"],"gold_loss":0,"cards_obtained":["Forethought","Impatience","Mind Blast","Panacea"]}],"is_beta":false,"boss_relics":[{"not_picked":["Velvet Choker","Mark of Pain"],"picked":"Busted Crown"}],"items_purged_floors":[24],"is_endless":false,"potions_floor_spawned":[1,11,16,20,27],"killed_by":"Snake Plant","ascension_level":0}}