{"host":"cfv8orgc8997ql4r","time":1614405123,"event":{"mods":["AchievementEnabler","BaseMod","DeckTracker","Keyboard Shortcuts","Minty Spire (QoL Compilation)"],"gold_per_floor":[111,111,127,146,159,159,123,123,123,123,178,190,67,82,82,82,82],"floor_reached":16,"language":"KOR","playtime":276,"items_purged":[],"score":90,"play_id":"6cfe2d4e-64c6-4129-8280-ffa40a37cae0","local_time":"20210227145203","is_ascension_mode":false,"campfire_choices":[{"data":"InnerPeace","floor":6,"key":"SMITH"},{"data":"SignatureMove","floor":10,"key":"SMITH"},{"data":"Omniscience","floor":15,"key":"SMITH"}],"circlet_count":0,"master_deck":["Strike_P","Strike_P","Strike_P","Strike_P","Defend_P","Defend_P","Defend_P","Defend_P","Eruption+1","Vigilance","FlurryOfBlows","SandsOfTime","InnerPeace+1","SignatureMove+1","Injury","Omniscience+1"],"relics":["SacredBark","Mercury Hourglass","MawBank","Golden Idol"],"acts_visited":["Exordium"],"potions_floor_usage":[16,16],"damage_taken":[{"damage":0,"enemies":"Jaw Worm","floor":1,"turns":2},{"damage":0,"enemies":"Small Slimes","floor":3,"turns":2},{"damage":6,"enemies":"2 Louse","floor":4,"turns":2},{"damage":20,"enemies":"Looter","floor":5,"turns":2},{"damage":11,"enemies":"Lots of Slimes","floor":14,"turns":3},{"damage":26,"enemies":"The Guardian","floor":16,"turns":9}],"seed_played":"-892797767942324028","potions_obtained":[{"floor":1,"key":"Swift Potion"},{"floor":14,"key":"Block Potion"}],"is_trial":false,"path_per_floor":["M","?","M","M","M","R","$","?","T","R","T","?","$","M","R","B"],"character_chosen":"WATCHER","items_purchased":["SignatureMove","Omniscience"],"campfire_rested":0,"item_purchase_floors":[7,13],"current_hp_per_floor":[72,72,72,66,46,46,46,51,51,51,51,51,51,40,40,14,14],"gold":82,"neow_bonus":"BOSS_RELIC","is_daily":false,"chose_seed":false,"campfire_upgraded":3,"win_rate":0.0,"timestamp":1614405123,"path_taken":["M","?","M","M","M","R","$","?","T","R","?","?","?","M","R","BOSS"],"items_purchased_type":["Card","Card"],"build_version":"2020-12-22","purchased_purges":0,"victory":false,"max_hp_per_floor":[72,72,72,72,72,72,72,77,77,77,77,77,77,77,77,77,77],"card_choices":[{"not_picked":["Fasting2","SashWhip"],"picked":"FlurryOfBlows","floor":1},{"not_picked":["EmptyBody","BowlingBash"],"picked":"SandsOfTime","floor":3},{"not_picked":["BowlingBash","PathToVictory"],"picked":"InnerPeace","floor":4},{"not_picked":["Wireheading","PathToVictory","FlyingSleeves"],"picked":"SKIP","floor":5},{"not_picked":["Study","ThirdEye","FollowUp"],"picked":"SKIP","floor":14}],"player_experience":219116,"relics_obtained":[{"floor":9,"key":"Mercury Hourglass"},{"floor":11,"key":"MawBank"}],"event_choices":[{"damage_healed":0,"gold_gain":0,"player_choice":"Grow","damage_taken":0,"max_hp_gain":0,"max_hp_loss":0,"event_name":"Living Wall","floor":2,"gold_loss":0,"cards_upgraded":["Eruption"]},{"damage_healed":0,"gold_gain":0,"player_choice":"Donut","damage_taken":0,"max_hp_gain":5,"max_hp_loss":0,"event_name":"Big Fish","floor":8,"gold_loss":0},{"damage_healed":0,"gold_gain":0,"player_choice":"Take Wound","damage_taken":0,"relics_obtained":["Golden Idol"],"max_hp_gain":0,"max_hp_loss":0,"event_name":"Golden Idol","floor":12,"gold_loss":0,"cards_obtained":["Injury"]}],"is_beta":false,"boss_relics":[],"items_purged_floors":[],"is_endless":false,"potions_floor_spawned":[1,14],"killed_by":"The Guardian","ascension_level":0}}