{"host":"puhn14s7bdwcyqz6","time":1614400563,"event":{"mods":["Aya Shameimaru","BaseMod","CapriCore","Koishi","Marisa（霧雨　魔理沙）","Minty Spire (QoL Compilation)","Reimu（博丽灵梦）","Remilia（蕾米莉亚）","StSLib","The Administrix","The Immortal","The Senshi","The Servant 0.9.4","Yakumo Yukari mod","Yuyuko"],"gold_per_floor":[113,113,73,92,108,29,39,52,52,52,68,86,86,113,113,214,214,233,138,153,165,165,165],"floor_reached":22,"language":"ENG","playtime":2525,"items_purged":[],"score":190,"play_id":"d62c75df-6942-46a0-a4be-793db11ec4fc","local_time":"20210226233603","is_ascension_mode":false,"campfire_choices":[{"floor":10,"key":"REST"},{"floor":13,"key":"REST"},{"floor":15,"key":"REST"}],"circlet_count":0,"master_deck":["shameimaru:Strike","shameimaru:Strike","shameimaru:Strike","shameimaru:Strike","shameimaru:Defend","shameimaru:Defend","shameimaru:Defend","shameimaru:PlayfulTaunt","shameimaru:SnapshotStrike","shameimaru:ReporterInstinct","shameimaru:Galeforce","shameimaru:Galeforce","shameimaru:SpiralingTempest","shameimaru:EvasiveManeuver","shameimaru:OpeningWindAdvent","shameimaru:ExclusiveScoop","shameimaru:AirSlash","shameimaru:Plagiarism","shameimaru:RapidEnhancement","shameimaru:LibraryResearch","shameimaru:Tailwind","shameimaru:GuidingBreeze","shameimaru:WhispersOfTheWind","shameimaru:QuickReporting"],"relics":["shameimaru:blackbirdfeather","PaintedHorse:ReiMu","Matryoshka","CrazyTorch:ReiMu","Cursed Key","Tingsha"],"acts_visited":["Exordium","TheCity"],"potions_floor_usage":[16,20],"damage_taken":[{"damage":10,"enemies":"Cultist","floor":1,"turns":4},{"damage":0,"enemies":"Small Slimes","floor":4,"turns":3},{"damage":3,"enemies":"Jaw Worm","floor":5,"turns":3},{"damage":19,"enemies":"3 Louse","floor":7,"turns":3},{"damage":0,"enemies":"Blue Slaver","floor":8,"turns":3},{"damage":18,"enemies":"Exordium Thugs","floor":11,"turns":5},{"damage":10,"enemies":"Large Slime","floor":12,"turns":7},{"damage":25,"enemies":"Gremlin Nob","floor":14,"turns":4},{"damage":38,"enemies":"Slime Boss","floor":16,"turns":8},{"damage":30,"enemies":"2 Thieves","floor":18,"turns":3},{"damage":9,"enemies":"Shell Parasite","floor":20,"turns":5},{"damage":23,"enemies":"Snecko","floor":21,"turns":5},{"damage":39,"enemies":"Centurion and Healer","floor":22,"turns":4}],"seed_played":"-4059851697083676878","potions_obtained":[{"floor":4,"key":"GamblersBrew"},{"floor":8,"key":"FearPotion"},{"floor":12,"key":"Regen Potion"},{"floor":20,"key":"Fruit Juice"}],"is_trial":false,"path_per_floor":["M","?","?","M","M","$","M","M","T","R","M","M","R","E","R","B",null,"M","$","M","M","M"],"character_chosen":"AYA","items_purchased":["shameimaru:SpiralingTempest","shameimaru:Tailwind","shameimaru:GuidingBreeze"],"campfire_rested":3,"item_purchase_floors":[6,19,19],"current_hp_per_floor":[78,71,71,71,68,68,49,49,49,75,57,47,73,48,74,50,88,58,58,54,31,0,0],"gold":165,"neow_bonus":"TEN_PERCENT_HP_BONUS","is_daily":false,"chose_seed":false,"campfire_upgraded":0,"win_rate":0.0,"timestamp":1614400563,"path_taken":["M","?","?","M","M","$","M","M","T","R","M","M","R","E","R","BOSS","M","$","M","M","M"],"items_purchased_type":["Card","Card","Card"],"build_version":"2020-12-22","purchased_purges":0,"victory":false,"max_hp_per_floor":[88,88,88,88,88,88,88,88,88,88,88,88,88,88,88,88,88,88,88,93,93,93,93],"card_choices":[{"not_picked":["shameimaru:Photoshoot","shameimaru:Photocopier"],"picked":"shameimaru:ReporterInstinct","floor":1},{"not_picked":["shameimaru:Photoshoot","shameimaru:Opportunity"],"picked":"shameimaru:Galeforce","floor":4},{"not_picked":["shameimaru:GuidingBreeze","shameimaru:DashingGrace"],"picked":"shameimaru:Galeforce","floor":5},{"not_picked":["shameimaru:DashingGrace","shameimaru:Photocopier"],"picked":"shameimaru:EvasiveManeuver","floor":7},{"not_picked":["shameimaru:RapidFirePhotography","shameimaru:Photoshoot"],"picked":"shameimaru:OpeningWindAdvent","floor":8},{"not_picked":["shameimaru:SuddenOutburst","shameimaru:GuidingBreeze"],"picked":"shameimaru:ExclusiveScoop","floor":11},{"not_picked":["shameimaru:Photocopier","shameimaru:GaleBullet"],"picked":"shameimaru:AirSlash","floor":12},{"not_picked":["shameimaru:ReporterInstinct","shameimaru:Persuade"],"picked":"shameimaru:Plagiarism","floor":14},{"not_picked":["shameimaru:Plagiarism","shameimaru:PhotoAlbum"],"picked":"shameimaru:RapidEnhancement","floor":16},{"not_picked":["shameimaru:Photocopier","shameimaru:IntertwinedWinds+1"],"picked":"shameimaru:LibraryResearch","floor":18},{"not_picked":["shameimaru:ForseenReaction","shameimaru:SuddenOutburst"],"picked":"shameimaru:WhispersOfTheWind","floor":20},{"not_picked":["shameimaru:PressRelease","shameimaru:Foresight+1"],"picked":"shameimaru:QuickReporting","floor":21}],"player_experience":107326,"relics_obtained":[{"floor":9,"key":"Matryoshka"},{"floor":14,"key":"CrazyTorch:ReiMu"}],"event_choices":[{"cards_removed":["shameimaru:Defend"],"damage_healed":0,"gold_gain":0,"player_choice":"Card Removal","damage_taken":7,"max_hp_gain":0,"max_hp_loss":0,"event_name":"Golden Wing","floor":2,"gold_loss":0},{"damage_healed":0,"gold_gain":0,"player_choice":"Donate","damage_taken":0,"relics_obtained":["PaintedHorse:ReiMu"],"max_hp_gain":0,"max_hp_loss":0,"event_name":"yidonshenshe","floor":3,"gold_loss":40}],"is_beta":false,"boss_relics":[{"not_picked":["Fusion Hammer","Velvet Choker"],"picked":"Cursed Key"}],"items_purged_floors":[],"is_endless":false,"potions_floor_spawned":[4,8,12,14,20],"killed_by":"Centurion and Healer","ascension_level":0}}