{"host":"51f0ad793vly1w6u","time":1614444943,"event":{"mods":["BaseMod","Colored Map","DeckTracker","Minty Spire (QoL Compilation)","StSLib","SuperFastMode"],"gold_per_floor":[109,109,284,54,5,5,24,24,98,98,127,153,185,198,198,299,299,310,310,134,152,171,205,205,217,217,217,243,243,258,35,35,132,132,142,161,161,161,11,11,11,11,37,37,0,0,14,14,14,14],"floor_reached":51,"language":"KOR","playtime":1639,"items_purged":["Doubt","Strike_B","Ball Lightning","Defend_B"],"score":1082,"play_id":"b5141e48-db10-47d3-944f-f84ddf0e2e8d","local_time":"20210228015543","is_ascension_mode":true,"campfire_choices":[{"data":"Recycle","floor":6.0,"key":"SMITH"},{"data":"Zap","floor":8.0,"key":"SMITH"},{"data":"Coolheaded","floor":10.0,"key":"SMITH"},{"data":"Hologram","floor":15.0,"key":"SMITH"},{"data":"Fusion","floor":24.0,"key":"SMITH"},{"data":"Biased Cognition","floor":27.0,"key":"SMITH"},{"data":"Dualcast","floor":29.0,"key":"SMITH"},{"data":"Coolheaded","floor":32.0,"key":"SMITH"},{"data":"Deep Breath","floor":40.0,"key":"SMITH"},{"data":"Reboot","floor":42.0,"key":"SMITH"},{"data":"Capacitor","floor":46,"key":"SMITH"},{"floor":49,"key":"RECALL"}],"circlet_count":0,"master_deck":["Defend_B+1","Zap+1","Dualcast+1","Cold Snap+1","Conserve Battery+1","Recycle+1","Machine Learning+1","Coolheaded+1","Skim+1","Blizzard+1","Hologram+1","Biased Cognition+1","Fusion+1","Compile Driver+1","Capacitor+1","Coolheaded+1","Reboot+1","Undo+1","Panacea+1","Deep Breath+1","Capacitor+1"],"relics":["Cracked Core","DataDisk","Orrery","Meat on the Bone","Du-Vu Doll","Odd Mushroom","Anchor","Empty Cage","Singing Bowl","Shuriken","Oddly Smooth Stone","Runic Dome","Blood Vial","Red Mask","Mark of the Bloom"],"acts_visited":["Exordium","TheCity","TheBeyond"],"potions_floor_usage":[50,50],"damage_taken":[{"damage":3.0,"enemies":"Jaw Worm","floor":1.0,"turns":4.0},{"damage":1.0,"enemies":"2 Louse","floor":7.0,"turns":2.0},{"damage":0.0,"enemies":"Lagavulin","floor":11.0,"turns":7.0},{"damage":14.0,"enemies":"The Mushroom Lair","floor":12.0,"turns":4.0},{"damage":18.0,"enemies":"3 Sentries","floor":13.0,"turns":7.0},{"damage":0.0,"enemies":"Cultist","floor":14.0,"turns":3.0},{"damage":6.0,"enemies":"Hexaghost","floor":16.0,"turns":9.0},{"damage":0.0,"enemies":"Spheric Guardian","floor":18.0,"turns":4.0},{"damage":6.0,"enemies":"3 Byrds","floor":21.0,"turns":3.0},{"damage":12.0,"enemies":"Snake Plant","floor":22.0,"turns":4.0},{"damage":0.0,"enemies":"Gremlin Leader","floor":23.0,"turns":6.0},{"damage":0.0,"enemies":"Centurion and Healer","floor":25.0,"turns":5.0},{"damage":1.0,"enemies":"Book of Stabbing","floor":28.0,"turns":6.0},{"damage":6.0,"enemies":"Chosen and Byrds","floor":30.0,"turns":5.0},{"damage":24.0,"enemies":"Collector","floor":33.0,"turns":6.0},{"damage":9.0,"enemies":"Orb Walker","floor":35.0,"turns":4.0},{"damage":0.0,"enemies":"3 Darklings","floor":36.0,"turns":4.0},{"damage":7.0,"enemies":"2 Orb Walkers","floor":44.0,"turns":5.0},{"damage":11,"enemies":"Sphere and 2 Shapes","floor":47,"turns":3},{"damage":2,"enemies":"Time Eater","floor":50,"turns":10}],"seed_played":"7177159758330567084","potions_obtained":[{"floor":7.0,"key":"ColorlessPotion"},{"floor":11.0,"key":"SteroidPotion"},{"floor":16.0,"key":"Explosive Potion"},{"floor":18.0,"key":"Fire Potion"},{"floor":25.0,"key":"Weak Potion"},{"floor":33.0,"key":"SkillPotion"},{"floor":36.0,"key":"AttackPotion"}],"is_trial":false,"path_per_floor":["M","?","?","$","$","R","M","R","T","R","E","?","E","M","R","B",null,"M","?","$","M","M","E","R","M","T","R","E","R","M","$","R","B",null,"M","M","?","?","$","R","?","R","T","?","?","R","M","?","R","B",null],"character_chosen":"DEFECT","items_purchased":["Orrery","Coolheaded","Fusion","Capacitor","Coolheaded"],"campfire_rested":0,"item_purchase_floors":[4,5,20,31,31],"current_hp_per_floor":[65,62,62,62,62,62,61,61,61,61,61,47,41,41,41,35,60,60,60,60,54,42,44,44,46,46,46,47,47,41,41,41,29,63,54,56,56,46,46,46,46,46,46,41,41,41,44,44,44,42],"gold":14,"neow_bonus":"REMOVE_TWO","is_daily":false,"chose_seed":false,"campfire_upgraded":11,"win_rate":0.0,"timestamp":1614444943,"path_taken":["M","?","?","?","$","R","M","R","T","R","E","?","E","?","R","BOSS","M","?","$","M","M","E","R","?","T","R","E","R","M","$","R","BOSS","M","M","?","?","$","R","?","R","T","?","?","R","M","?","R","BOSS"],"items_purchased_type":["Relic","Card","Card","Card","Card"],"build_version":"2020-12-22","purchased_purges":4,"victory":true,"max_hp_per_floor":[68,68,68,68,68,68,68,68,68,68,68,68,68,68,68,68,68,68,68,68,68,68,70,70,72,72,72,74,74,74,74,74,74,74,74,76,72,72,72,72,72,72,72,72,72,72,72,72,72,72],"card_choices":[{"not_picked":["Stack","Rebound"],"picked":"Cold Snap","floor":1.0},{"not_picked":["Barrage","Tempest"],"picked":"Conserve Battery","floor":4.0},{"not_picked":["Lockon","Loop"],"picked":"Ball Lightning","floor":4.0},{"not_picked":["Undo","Leap"],"picked":"Recycle","floor":4.0},{"not_picked":["FTL","Lockon"],"picked":"Machine Learning","floor":4.0},{"not_picked":["Static Discharge","Reprogram","Stack"],"picked":"SKIP","floor":7.0},{"not_picked":["Compile Driver","Streamline"],"picked":"Skim","floor":11.0},{"not_picked":["Tempest","Recycle"],"picked":"Blizzard","floor":12.0},{"not_picked":["Blizzard","Turbo","Consume"],"picked":"SKIP","floor":13.0},{"not_picked":["Heatsinks","Turbo"],"picked":"Hologram","floor":14.0},{"not_picked":["Machine Learning","Buffer"],"picked":"Biased Cognition","floor":16.0},{"not_picked":["Go for the Eyes","Skim","Gash"],"picked":"SKIP","floor":18.0},{"not_picked":["Ball Lightning","Beam Cell","Melter"],"picked":"SKIP","floor":21.0},{"not_picked":["Compile Driver","Beam Cell","Conserve Battery"],"picked":"SKIP","floor":22.0},{"not_picked":["Sunder+1","Melter+1","Rebound+1"],"picked":"Singing Bowl","floor":23.0},{"not_picked":["Rebound","Barrage","Creative AI"],"picked":"Singing Bowl","floor":25.0},{"not_picked":["Self Repair","Beam Cell","Streamline+1"],"picked":"Singing Bowl","floor":28.0},{"not_picked":["Stack","Recycle"],"picked":"Compile Driver+1","floor":30.0},{"not_picked":["All For One","Amplify"],"picked":"Reboot","floor":33.0},{"not_picked":["Blizzard+1","Reinforced Body+1"],"picked":"Undo+1","floor":35.0},{"not_picked":["Hologram+1","Melter+1","Fusion+1"],"picked":"Singing Bowl","floor":36.0},{"not_picked":["Deep Breath","Flash of Steel"],"picked":"Panacea","floor":38.0},{"not_picked":["Violence","Discovery"],"picked":"Deep Breath","floor":38.0},{"not_picked":["Rebound+1","Melter"],"picked":"Capacitor+1","floor":47}],"player_experience":1476218,"relics_obtained":[{"floor":9.0,"key":"Meat on the Bone"},{"floor":11.0,"key":"Du-Vu Doll"},{"floor":12.0,"key":"Odd Mushroom"},{"floor":13.0,"key":"Anchor"},{"floor":23.0,"key":"Singing Bowl"},{"floor":26.0,"key":"Shuriken"},{"floor":28.0,"key":"Oddly Smooth Stone"},{"floor":43.0,"key":"Blood Vial"}],"event_choices":[{"damage_healed":0.0,"max_hp_gain":0.0,"max_hp_loss":0.0,"gold_gain":0.0,"event_name":"Scrap Ooze","player_choice":"Success","floor":2.0,"gold_loss":0.0,"damage_taken":3.0,"relics_obtained":["DataDisk"]},{"damage_healed":0.0,"max_hp_gain":0.0,"max_hp_loss":0.0,"gold_gain":175.0,"event_name":"Liars Game","player_choice":"AGREE","floor":3.0,"gold_loss":0.0,"damage_taken":0.0,"cards_obtained":["Doubt"]},{"damage_healed":0.0,"max_hp_gain":0.0,"max_hp_loss":0.0,"gold_gain":0.0,"event_name":"Mushrooms","player_choice":"Fought Mushrooms","floor":12.0,"gold_loss":0.0,"damage_taken":0.0},{"damage_healed":0.0,"max_hp_gain":0.0,"max_hp_loss":0.0,"gold_gain":0.0,"event_name":"Upgrade Shrine","player_choice":"Upgraded","floor":19.0,"gold_loss":0.0,"damage_taken":0.0,"cards_upgraded":["Blizzard"]},{"damage_healed":0.0,"max_hp_gain":0.0,"max_hp_loss":4.0,"gold_gain":0.0,"event_name":"Winding Halls","player_choice":"Max HP","floor":37.0,"gold_loss":0.0,"damage_taken":0.0},{"damage_healed":0.0,"max_hp_gain":0.0,"max_hp_loss":0.0,"gold_gain":0.0,"event_name":"SensoryStone","player_choice":"Memory 3","floor":38.0,"gold_loss":0.0,"damage_taken":10.0},{"cards_removed":["Defend_B"],"damage_healed":0.0,"max_hp_gain":0.0,"max_hp_loss":0.0,"gold_gain":0.0,"event_name":"Falling","player_choice":"Removed Skill","floor":41.0,"gold_loss":0.0,"damage_taken":0.0},{"damage_healed":0.0,"max_hp_gain":0.0,"max_hp_loss":0.0,"gold_gain":0.0,"event_name":"Mysterious Sphere","player_choice":"Fight","floor":44.0,"gold_loss":0.0,"damage_taken":0.0},{"damage_healed":0,"gold_gain":0,"player_choice":"Paid","damage_taken":0,"relics_obtained":["Red Mask"],"max_hp_gain":0,"max_hp_loss":0,"event_name":"Tomb of Lord Red Mask","floor":45,"gold_loss":37},{"damage_healed":0,"gold_gain":0,"player_choice":"Upgrade","damage_taken":0,"relics_obtained":["Mark of the Bloom"],"max_hp_gain":0,"max_hp_loss":0,"event_name":"MindBloom","floor":48,"gold_loss":0,"cards_upgraded":["Defend_B","Cold Snap","Conserve Battery","Machine Learning","Skim","Panacea"]}],"is_beta":false,"boss_relics":[{"not_picked":["Busted Crown","Snecko Eye"],"picked":"Empty Cage"},{"not_picked":["Cursed Key","Calling Bell"],"picked":"Runic Dome"}],"items_purged_floors":[4,20,31,39],"is_endless":false,"potions_floor_spawned":[7,11,16,18,25,33,36],"ascension_level":9}}