{"host":"xg4r5pv6chpuampg","time":1614418653,"event":{"mods":["AchievementEnabler","BaseMod","Googly Eyes","Minty Spire (QoL Compilation)","StSLib","Together in Spire"],"gold_per_floor":[109,109,184,184,198,232,232,196,196,196,209,209,244,419,419,419,419],"floor_reached":16,"language":"ENG","playtime":527,"items_purged":[],"score":144,"play_id":"9247f542-5cbb-4fd7-b6e0-bd8791bd7905","local_time":"20210227123733","is_ascension_mode":true,"campfire_choices":[{"data":"Wallop","floor":7,"key":"SMITH"},{"data":"SignatureMove","floor":10,"key":"SMITH"},{"data":"Eruption","floor":15,"key":"SMITH"}],"circlet_count":0,"master_deck":["Strike_P","Strike_P","Strike_P","Strike_P","Defend_P","Defend_P","Defend_P","Defend_P","Eruption+1","Vigilance","SashWhip","EmptyFist","Wallop+1","SignatureMove+1","CrushJoints","CutThroughFate","Doubt"],"relics":["PureWater","NeowsBlessing","Ice Cream","Pocketwatch","Toy Ornithopter"],"acts_visited":["Exordium"],"potions_floor_usage":[],"damage_taken":[{"damage":0,"enemies":"Jaw Worm","floor":1,"turns":1},{"damage":0,"enemies":"Small Slimes","floor":5,"turns":1},{"damage":0,"enemies":"3 Sentries","floor":6,"turns":1},{"damage":0,"enemies":"2 Louse","floor":11,"turns":2},{"damage":7,"enemies":"Lagavulin","floor":13,"turns":4},{"damage":36,"enemies":"Slime Boss","floor":16,"turns":7}],"seed_played":"-4617758640913153174","potions_obtained":[{"floor":13,"key":"SmokeBomb"}],"is_trial":false,"path_per_floor":["M","?","?","?","M","E","R","$","T","R","M","$","E","?","R","B"],"character_chosen":"WATCHER","items_purchased":["SignatureMove"],"campfire_rested":0,"item_purchase_floors":[8],"current_hp_per_floor":[72,72,61,43,43,43,43,43,43,43,43,43,36,36,36,0,0],"gold":419,"neow_bonus":"THREE_ENEMY_KILL","is_daily":false,"chose_seed":false,"campfire_upgraded":3,"win_rate":0.0,"timestamp":1614418653,"path_taken":["M","?","?","?","M","E","R","$","T","R","?","$","E","?","R","BOSS"],"items_purchased_type":["Card"],"build_version":"2020-12-22","purchased_purges":0,"victory":false,"max_hp_per_floor":[72,72,72,72,72,72,72,72,72,72,72,72,72,72,72,72,72],"card_choices":[{"not_picked":["Evaluate","Crescendo"],"picked":"SashWhip","floor":1},{"not_picked":["CrushJoints","ClearTheMind"],"picked":"EmptyFist","floor":5},{"not_picked":["JustLucky","ThirdEye"],"picked":"Wallop","floor":6},{"not_picked":["Adaptation","Worship"],"picked":"CrushJoints","floor":11},{"not_picked":["Fasting2","ForeignInfluence"],"picked":"CutThroughFate","floor":13}],"player_experience":174569,"relics_obtained":[{"floor":6,"key":"Pocketwatch"},{"floor":13,"key":"Toy Ornithopter"}],"event_choices":[{"damage_healed":0,"gold_gain":0,"player_choice":"Ignored","damage_taken":0,"max_hp_gain":0,"max_hp_loss":0,"event_name":"Shining Light","floor":2,"gold_loss":0},{"damage_healed":0,"gold_gain":75,"player_choice":"Gather Gold","damage_taken":11,"max_hp_gain":0,"max_hp_loss":0,"event_name":"World of Goop","floor":3,"gold_loss":0},{"damage_healed":0,"gold_gain":0,"player_choice":"Success","damage_taken":18,"relics_obtained":["Ice Cream"],"max_hp_gain":0,"max_hp_loss":0,"event_name":"Scrap Ooze","floor":4,"gold_loss":0},{"damage_healed":0,"gold_gain":175,"player_choice":"AGREE","damage_taken":0,"max_hp_gain":0,"max_hp_loss":0,"event_name":"Liars Game","floor":14,"gold_loss":0,"cards_obtained":["Doubt"]}],"is_beta":false,"boss_relics":[],"items_purged_floors":[],"is_endless":false,"potions_floor_spawned":[13],"killed_by":"Slime Boss","ascension_level":2}}