{"host":"8e3sp1tozjyrh64l","time":1614459994,"event":{"mods":["BaseMod","Better Altar","Better Match","Better Note","Better Sensory Stone","Better Silent Start","Better Skull","Better Third Choice","BetterRewards","Curses Come First","Defuse TimeMaze Blight","Minty Spire (QoL Compilation)","Permanent Neow","Rare Cards Sparkle","Relic Sorter","Reliquary","Shop Mod","Spicy Shops","StSLib","SuperFastMode","Wandering Minibosses"],"gold_per_floor":[119,119,140,161,175,175,208,56,109,109,134,169,20,39,39,164,164,188,188,213,87,107,107,143,143,143,143,167,167,167,203,203,203,203],"floor_reached":33,"language":"ENG","playtime":835,"items_purged":[],"score":310,"play_id":"aee308c1-455e-496b-b8a2-4f62a07f4f08","local_time":"20210227140634","is_ascension_mode":true,"campfire_choices":[{"data":"Dagger Spray","floor":6,"key":"SMITH"},{"data":"Poisoned Stab","floor":15,"key":"SMITH"},{"data":"HandOfGreed","floor":23,"key":"SMITH"},{"data":"Terror","floor":25,"key":"SMITH"},{"data":"Phantasmal Killer","floor":27,"key":"SMITH"},{"data":"Caltrops","floor":32,"key":"SMITH"}],"circlet_count":0,"master_deck":["Strike_G","Strike_G","Strike_G","Defend_G","Defend_G","Defend_G","Defend_G","Survivor","Neutralize+1","Poisoned Stab+1","Dagger Spray+1","Backstab","After Image","Phantasmal Killer+1","Choke","Terror+1","Blade Dance","HandOfGreed+1","Caltrops+1"],"relics":["Ring of the Snake","Golden Idol","Kunai","Membership Card","Pen Nib","TwistedFunnel","reliquary:TridentHead","MerchantsRug","The Courier","reliquary:Sideboard","Incense Burner"],"acts_visited":["Exordium","TheCity"],"potions_floor_usage":[7,16,20,31],"damage_taken":[{"damage":2,"enemies":"Jaw Worm","floor":1,"turns":5},{"damage":0,"enemies":"Small Slimes","floor":3,"turns":3},{"damage":4,"enemies":"Cultist","floor":4,"turns":4},{"damage":0,"enemies":"Red Slaver","floor":5,"turns":3},{"damage":13,"enemies":"3 Sentries","floor":7,"turns":6},{"damage":2,"enemies":"Exordium Wildlife","floor":11,"turns":5},{"damage":13,"enemies":"Lagavulin","floor":12,"turns":8},{"damage":1,"enemies":"Looter","floor":14,"turns":2},{"damage":16,"enemies":"Slime Boss","floor":16,"turns":7},{"damage":8,"enemies":"Chosen","floor":18,"turns":3},{"damage":14,"enemies":"Shell Parasite","floor":20,"turns":3},{"damage":0,"enemies":"Snake Plant","floor":22,"turns":1},{"damage":26,"enemies":"Slavers","floor":24,"turns":3},{"damage":0,"enemies":"Snecko","floor":28,"turns":2},{"damage":6,"enemies":"Book of Stabbing","floor":31,"turns":5},{"damage":45,"enemies":"Collector","floor":33,"turns":5}],"seed_played":"7377715318775066727","potions_obtained":[{"floor":4,"key":"AttackPotion"},{"floor":7,"key":"LiquidMemories"},{"floor":10,"key":"CultistPotion"},{"floor":10,"key":"LiquidBronze"},{"floor":11,"key":"CunningPotion"},{"floor":18,"key":"Energy Potion"},{"floor":20,"key":"CunningPotion"},{"floor":24,"key":"DistilledChaos"}],"is_trial":false,"path_per_floor":["M","?","M","M","M","R","E","$","T","?","M","E","$","M","R","B",null,"M","?","M","$","M","R","E","R","T","R","M","?","?","E","R","B"],"character_chosen":"THE_SILENT","items_purchased":["Membership Card","TwistedFunnel","Lee\u0027s Waffle","reliquary:TridentHead","MerchantsRug","HandOfGreed"],"campfire_rested":0,"item_purchase_floors":[8,13,13,21,21,21],"current_hp_per_floor":[68,51,51,47,47,47,34,34,34,34,32,19,77,76,76,60,77,69,69,55,55,55,55,29,29,29,29,29,29,29,23,23,0,0],"gold":203,"neow_bonus":"UPGRADE_CARD","is_daily":false,"chose_seed":false,"campfire_upgraded":6,"win_rate":0.0,"timestamp":1614459994,"path_taken":["M","?","M","M","M","R","E","$","T","?","?","E","?","M","R","BOSS","M","?","M","$","?","R","E","R","T","R","M","?","?","E","R","BOSS"],"items_purchased_type":["Relic","Relic","Relic","Relic","Relic","Card"],"build_version":"2020-12-22","purchased_purges":0,"victory":false,"max_hp_per_floor":[70,70,70,70,70,70,70,70,70,70,70,70,77,77,77,77,77,77,77,77,77,77,77,77,77,77,77,77,77,77,77,77,77,77],"card_choices":[{"not_picked":["Slice","Acrobatics"],"picked":"Poisoned Stab","floor":1},{"not_picked":["Cloak And Dagger","Sucker Punch"],"picked":"Dagger Spray","floor":3},{"not_picked":["Eviscerate","Dagger Spray"],"picked":"Backstab","floor":4},{"not_picked":["Setup","Flying Knee","Poisoned Stab"],"picked":"SKIP","floor":5},{"not_picked":["Choke","Deadly Poison","Backflip"],"picked":"SKIP","floor":7},{"not_picked":["Acrobatics","Night Terror","Flying Knee"],"picked":"SKIP","floor":11},{"not_picked":["Dagger Throw","Skewer"],"picked":"After Image","floor":12},{"not_picked":["Well Laid Plans","Deflect","Blur"],"picked":"SKIP","floor":14},{"not_picked":["Bullet Time","Burst"],"picked":"Phantasmal Killer","floor":16},{"not_picked":["Bouncing Flask","Crippling Poison+1"],"picked":"Choke","floor":18},{"not_picked":["Expertise","Calculated Gamble"],"picked":"Blade Dance","floor":20},{"not_picked":["Sucker Punch","Well Laid Plans","Bane"],"picked":"SKIP","floor":22},{"not_picked":["Bane","Wraith Form v2"],"picked":"Caltrops","floor":24},{"not_picked":["Dagger Spray","Backflip","Deadly Poison+1"],"picked":"SKIP","floor":28},{"not_picked":["Quick Slash+1","Footwork","Slice"],"picked":"SKIP","floor":31}],"player_experience":954176,"relics_obtained":[{"floor":7,"key":"Kunai"},{"floor":12,"key":"Pen Nib"},{"floor":24,"key":"The Courier"},{"floor":26,"key":"reliquary:Sideboard"},{"floor":31,"key":"Incense Burner"}],"event_choices":[{"damage_healed":0,"gold_gain":0,"player_choice":"Take Damage","damage_taken":17,"relics_obtained":["Golden Idol"],"max_hp_gain":0,"max_hp_loss":0,"event_name":"Golden Idol","floor":2,"gold_loss":0},{"damage_healed":0,"gold_gain":0,"player_choice":"Got Potions","damage_taken":0,"max_hp_gain":0,"max_hp_loss":0,"event_name":"Lab","floor":10,"gold_loss":0},{"damage_healed":0,"gold_gain":0,"cards_transformed":["Strike_G"],"player_choice":"Transformed","damage_taken":0,"max_hp_gain":0,"max_hp_loss":0,"event_name":"Transmorgrifier","floor":19,"gold_loss":0,"cards_obtained":["Terror"]},{"damage_healed":0,"gold_gain":0,"player_choice":"Ignored","damage_taken":0,"max_hp_gain":0,"max_hp_loss":0,"event_name":"betterNote:BetterNote","floor":29,"gold_loss":0,"cards_obtained":["Envenom"]},{"damage_healed":0,"gold_gain":0,"player_choice":"Ignored","damage_taken":0,"max_hp_gain":0,"max_hp_loss":0,"event_name":"Cursed Tome","floor":30,"gold_loss":0}],"is_beta":false,"boss_relics":[{"not_picked":["Velvet Choker","reliquary:KinkedSpring"],"picked":"Philosopher\u0027s Stone"}],"items_purged_floors":[],"is_endless":false,"potions_floor_spawned":[4,7,11,12,14,18,20,24],"killed_by":"Collector","ascension_level":1}}