{"host":"p5axfb00mxhraew6","time":1614412882,"event":{"mods":["100% Spire Juice","Abigail Mod","Act Like it!","BaseMod","CapriCore","Friendly Minions","GifTheSpireLib","Jedi Mod","KomeijiMod","Library of Ruina","Library of Ruina Extra","MarisaÅiñ∂âJÅ@ñÇóùçπÅj","Minty Spire (QoL Compilation)","Prisma Mod","ReimuÅiîé??öÎÅj","RemiliaÅiÂQïƒ‰ª?Åj","SOSÅiézîb?îVéqÅj","StSLib","Td1madao Mod","The Alterego","The Immortal","The Problem Sleuth","Yakumo Yukari mod"],"gold_per_floor":[115,115,183,193,207,207,233,233,257,277,15,49,60,60,60,162,162,179,179,204,217,231,258,110,138,217,244,258,276,276,293,293,392,392,410,410,258,268,284,315,315,331,331,331,363,363,393,410,410,410],"floor_reached":51,"language":"ENG","playtime":1493,"items_purged":[],"score":1828,"play_id":"3cf8ae8b-e180-43c5-9d03-2c710676fbbe","local_time":"20210227170122","is_ascension_mode":true,"campfire_choices":[{"data":"DegradedPillar","floor":6,"key":"SMITH"},{"data":"DegradedPillar","floor":8,"key":"SMITH"},{"data":"DegradedChain","floor":15,"key":"SMITH"},{"data":"DegradedChain","floor":30,"key":"SMITH"},{"data":"DegradedLock","floor":32,"key":"SMITH"},{"floor":46,"key":"RECALL"},{"data":"DegradedFairy","floor":49,"key":"SMITH"}],"circlet_count":0,"master_deck":["DegradedFairy","DegradedFairy","DegradedFairy+1","DegradedChain+1","DegradedChain+1","DegradedLock+1","DegradedPillar+1","DegradedPillar+1","DegradedShockwave+1","Faith","FrontalAssault","GuidanceOfTheGears","CurseOfTheBell","FrontalAssault","Confused"],"relics":["PageOfLibrarian","Vajra","PageOfPinocchio","TungstenRod","Calling Bell","PreservedInsect","PageOfFairyFestival","alterego_mod:FleetingLove","Nunchaku","jedi:purplefairy","HandDrill","Boot","StrikeDummy","Singing Bowl","Velvet Choker","PageOfTodaysShyLook","Gremlin Horn","PageOfOzma","PageOfBigBadWolf","Toy Ornithopter","Lantern"],"acts_visited":["Exordium","TheCity","TheBeyond"],"potions_floor_usage":[51],"damage_taken":[{"damage":0,"enemies":"2 Louse","floor":1,"turns":1},{"damage":0,"enemies":"Small Slimes","floor":4,"turns":1},{"damage":0,"enemies":"Jaw Worm","floor":5,"turns":1},{"damage":0,"enemies":"Lagavulin","floor":7,"turns":3},{"damage":0,"enemies":"Large Slime","floor":10,"turns":1},{"damage":0,"enemies":"3 Sentries","floor":12,"turns":1},{"damage":0,"enemies":"Blue Slaver","floor":13,"turns":1},{"damage":0,"enemies":"Slime Boss","floor":16,"turns":2},{"damage":0,"enemies":"Chosen","floor":18,"turns":1},{"damage":0,"enemies":"3 Byrds","floor":21,"turns":2},{"damage":0,"enemies":"Snake Plant","floor":22,"turns":1},{"damage":0,"enemies":"Slavers","floor":23,"turns":1},{"damage":0,"enemies":"Book of Stabbing","floor":25,"turns":2},{"damage":0,"enemies":"Gremlin Leader","floor":27,"turns":2},{"damage":0,"enemies":"3 Cultists","floor":28,"turns":3},{"damage":0,"enemies":"Centurion and Healer","floor":29,"turns":2},{"damage":0,"enemies":"Shelled Parasite and Fungi","floor":31,"turns":1},{"damage":0,"enemies":"KingOfGreed","floor":33,"turns":7},{"damage":0,"enemies":"3 Darklings","floor":35,"turns":2},{"damage":4,"enemies":"3 Shapes","floor":38,"turns":1},{"damage":0,"enemies":"Spire Growth","floor":39,"turns":2},{"damage":0,"enemies":"Nemesis","floor":40,"turns":3},{"damage":0,"enemies":"Jaw Worm Horde","floor":42,"turns":1},{"damage":0,"enemies":"Giant Head","floor":45,"turns":5},{"damage":0,"enemies":"Reptomancer","floor":47,"turns":1},{"damage":0,"enemies":"3 Darklings","floor":48,"turns":1},{"damage":0,"enemies":"Donu and Deca","floor":50,"turns":5}],"seed_played":"2591407689345260598","potions_obtained":[{"floor":5,"key":"FearPotion"},{"floor":10,"key":"EssenceOfSteel"},{"floor":13,"key":"EssenceOfSteel"},{"floor":21,"key":"jedi:wingpotion"},{"floor":28,"key":"jedi:hoardpotion"},{"floor":38,"key":"SteroidPotion"},{"floor":39,"key":"LiquidBronze"}],"is_trial":false,"path_per_floor":["M","?","?","M","M","R","E","R","T","M","$","E","M","?","R","B",null,"M","?","T","M","M","E","$","E","T","E","M","M","R","M","R","B",null,"M","?","$","M","M","E","T","M","T","?","E","R","E","M","R","B",null],"character_chosen":"Librarian","items_purchased":["PageOfPinocchio","HandDrill","PageOfTodaysShyLook"],"campfire_rested":0,"item_purchase_floors":[11,24,37],"current_hp_per_floor":[54,59,59,59,59,59,59,59,59,59,59,59,59,74,74,74,90,90,90,90,90,90,90,90,90,90,92,94,96,101,103,103,105,105,107,107,107,107,109,111,111,113,113,113,115,115,117,119,121,121],"gold":410,"neow_bonus":"UPGRADE_CARD","is_daily":false,"chose_seed":false,"campfire_upgraded":6,"win_rate":0.0,"timestamp":1614412882,"path_taken":["M","?","?","M","?","R","E","R","T","M","$","E","M","?","R","BOSS","M","?","?","?","M","E","$","E","T","E","M","M","R","M","R","BOSS","M","?","$","M","?","E","?","M","T","?","E","R","E","M","R","BOSS"],"items_purchased_type":["Relic","Relic","Relic"],"build_version":"2020-12-22","purchased_purges":0,"victory":true,"max_hp_per_floor":[90,95,95,95,95,95,95,95,95,95,95,95,95,95,95,95,95,95,95,95,95,95,95,95,95,95,97,99,101,101,103,103,105,105,107,107,107,109,111,113,113,115,115,115,117,117,119,121,121,121],"card_choices":[{"not_picked":["EnergyStrike","Rewind","EnergyCycle","DriedUp","EndlessBattle","FlashOfSunup","Diversion","PinpointShot"],"picked":"Faith","floor":1},{"not_picked":["Rewind","Brawl","BackstreetsDash","Wallop_lor","GrazeTheGrass","DefenseOrder","RushDown","FleetEdge"],"picked":"FrontalAssault","floor":4},{"not_picked":["RepressedFlesh","Clone","SwordOfVolition","QuickAttack","SinglePointStab","HiddenBlade","CoordinatedAssault","UndertakePrescript"],"picked":"ToOvercomeCrisis","floor":5},{"not_picked":["EnergyStrike","Retaliate","Riposte","ClassAndRespect","TheRedNotes","BurningFlash","Endure","AsThePrescriptOrders","MultiHit"],"picked":"SKIP","floor":7},{"not_picked":["QuickAttack","SteelKnuckles","StructuralAnalysis","Diversion","PreemptiveStrike","FormingStorm","Creak","SmokingPipe","Leap_lor"],"picked":"SKIP","floor":10},{"not_picked":["SilentMist","ClassAndRespect","FrontalAssault","Thrust","Reload","HiddenBlade","SerpentSwordTechnique","AsThePrescriptOrders","NonstopAssault"],"picked":"SKIP","floor":12},{"not_picked":["TendonChords","BiAn","DeepDrag","TraceOfFumes","Concentration","SavageMode","AsThePrescriptOrders","Faith"],"picked":"GuidanceOfTheGears","floor":13},{"not_picked":["BlindFaith","EndlessBattle","IdentifyWeakpoint+1","BayonetCombat","MultiHit","Track+1","HighKick+1","RepressedFlesh","Leap_lor"],"picked":"SKIP","floor":18},{"not_picked":["SummaryJudgment","FaintMemories","DesperateStruggle","SerpentineBarrier+1","SinglePointStab","FleetFootsteps+1","Pound+1","SkyClearingCut","NightInTheBackstreets"],"picked":"SKIP","floor":21},{"not_picked":["DesperateStruggle","BackAttack+1","Rewind","Execute_lor","HandleRequest","Creak+1","DeepDrag","ClassAndRespect"],"picked":"FrontalAssault","floor":22},{"not_picked":["ChargeUp","GuardingStance","ClassAndRespect","RatsGuideToSurvival","Reload+1","Unlock1","DirtyBlow","Crush","BackAttack"],"picked":"SKIP","floor":23},{"not_picked":["SpearedSweep","MindPrepared","UndertakePrescript+1","Reload","TasteMyFlamingBat+1","Suppress","Outburst","ICanCookAnything","Clone"],"picked":"SKIP","floor":25},{"not_picked":["Multislash+1","QuickSuppression","SuppressingShot","FieryWaltz","LeRegole","MultiBlock","Gigigig","TheWillOfTheCity","InhaleSmoke"],"picked":"Singing Bowl","floor":27},{"not_picked":["HandleRequest+1","FleetFootsteps+1","SilentMist","UpbeatPerformance+1","Rewind+1","Thirst","RulesOfTheBackstreets","QuickAttack","DistortedBlade"],"picked":"Singing Bowl","floor":28},{"not_picked":["Execute_lor","SnakesPrey","QuickAttack+1","DestructiveImpact+1","EnergyStrike+1","Zzzzzap","HighKick+1","SinglePointStab","IdentifyWeakpoint+1"],"picked":"Singing Bowl","floor":29},{"not_picked":["PinpointShot","HighKick","ElectricShock","Standoff+1","SmokingPipe+1","Diversion","HeavyPeaks","YouOnlyLiveOnce","SunsetBlade"],"picked":"Singing Bowl","floor":31},{"not_picked":["Suppress","Deflect_lor","ScratchThat"],"picked":"Singing Bowl","floor":33},{"not_picked":["BindingChains+1","DarkCloud+1","SweepTheBackstreets+1","BackAttack","StructuralAnalysis+1","MultiBlock","CumulusWall+1","HandleRequest+1","BlindFaith"],"picked":"Singing Bowl","floor":35},{"not_picked":["EnergyStrike+1","Pound","AsThePrescriptOrders","SilentMist","QuickSuppression","FleetFootsteps+1","MultiBlock","QuickAttack","Standoff+1"],"picked":"Singing Bowl","floor":38},{"not_picked":["Multislash+1","EmotionalTurbulence","BiteOff+1","DarkCloud","Eject+1","SmokingPipe","StrikeDown+1","Suppress","BindingArms"],"picked":"Singing Bowl","floor":39},{"not_picked":["SearingSword","SinglePointStab+1","SuppressingShot+1","Eject","QuickSuppression+1","Multislash+1","Collision","BlindFaith+1","IronWall"],"picked":"Singing Bowl","floor":40},{"not_picked":["SuppressingShot+1","Multislash","RatsGuideToSurvival+1","FrontalAssault","ExtractFuel+1","SunsetBlade+1","IngredientHunt","Leap_lor","FormingStorm"],"picked":"Singing Bowl","floor":42},{"not_picked":["GuidanceOfTheGears","FrontalAssault","YoureTooSlow","Overcharge+1","Leap_lor","Wallop_lor","Faith","MultiHit+1","GrazeTheGrass+1"],"picked":"Singing Bowl","floor":45},{"not_picked":["SerpentSwordTechnique+1","SnakesPrey+1","UnavoidableGaze+1","Guardian_lor","UpbeatPerformance","SetFire","Parry+1","QuickAttack+1","EnergyCycle"],"picked":"Singing Bowl","floor":47},{"not_picked":["StrongStrike","GuidanceOfTheGears","UncannyStrike+1","Zzzzzap","LawAndOrder","HandleRequest","HiddenBlade+1","FormingStorm","Rampage_lor"],"picked":"Singing Bowl","floor":48}],"player_experience":1288790,"relics_obtained":[{"floor":7,"key":"Vajra"},{"floor":12,"key":"TungstenRod"},{"floor":17,"key":"PreservedInsect"},{"floor":17,"key":"PageOfFairyFestival"},{"floor":20,"key":"Nunchaku"},{"floor":23,"key":"jedi:purplefairy"},{"floor":25,"key":"Boot"},{"floor":26,"key":"StrikeDummy"},{"floor":27,"key":"Singing Bowl"},{"floor":40,"key":"Gremlin Horn"},{"floor":41,"key":"PageOfOzma"},{"floor":43,"key":"PageOfBigBadWolf"},{"floor":45,"key":"Toy Ornithopter"},{"floor":47,"key":"Lantern"}],"event_choices":[{"damage_healed":0,"gold_gain":0,"player_choice":"Donut","damage_taken":0,"max_hp_gain":5,"max_hp_loss":0,"event_name":"Big Fish","floor":2,"gold_loss":0},{"damage_healed":0,"gold_gain":68,"player_choice":"Gained Gold","damage_taken":0,"max_hp_gain":0,"max_hp_loss":0,"event_name":"Golden Wing","floor":3,"gold_loss":0},{"damage_healed":0,"gold_gain":0,"player_choice":"Choice 1","damage_taken":0,"relics_obtained":["alterego_mod:FleetingLove"],"max_hp_gain":0,"max_hp_loss":0,"event_name":"Secret Garden","floor":19,"gold_loss":0},{"cards_removed":["ToOvercomeCrisis"],"damage_healed":0,"gold_gain":0,"player_choice":"Offered Uncommon","damage_taken":0,"max_hp_gain":0,"max_hp_loss":0,"event_name":"Bonfire Elementals","floor":36,"gold_loss":0}],"is_beta":false,"boss_relics":[{"not_picked":["Tiny House","Empty Cage"],"picked":"Calling Bell"},{"not_picked":["Astrolabe","Cursed Key"],"picked":"Velvet Choker"}],"items_purged_floors":[],"is_endless":false,"potions_floor_spawned":[5,10,13,21,23,25,28,38,39,45,47],"ascension_level":9}}