{"host":"jngeqill3bw7azzz","time":1614452442,"event":{"mods":["BaseMod","Highlight Path","Minty Spire (QoL Compilation)","Permanent Neow","Relic Stats"],"gold_per_floor":[116,136,136,152,152,152,193,193,217,236,249,249,267,267,267,365,365,383,273,292,292,46,46,71,105,105,140,40,81,81,119,119,209,209,209],"floor_reached":34,"language":"ENG","playtime":2616,"items_purged":["Strike_P","Strike_P"],"score":956,"play_id":"183497d6-b8a9-48d5-a7b5-5f0e16e41222","local_time":"20210227140042","is_ascension_mode":true,"campfire_choices":[{"data":"EmptyFist","floor":6,"key":"SMITH"},{"data":"Worship","floor":8,"key":"SMITH"},{"floor":12,"key":"REST"},{"data":"Eruption","floor":15,"key":"SMITH"},{"data":"Vault","floor":23,"key":"SMITH"},{"floor":30,"key":"REST"},{"floor":32,"key":"REST"}],"circlet_count":0,"master_deck":["AscendersBane","Strike_P+1","Eruption+1","Vigilance+1","Study+1","Vengeance+1","Establishment+1","Worship+1","DeceiveReality+1","EmptyFist+1","Tantrum+1","Protect","ReachHeaven","Vault+1","Protect+1","MentalFortress","Sanctity+1","LessonLearned","Ragnarok"],"relics":["Astrolabe","Golden Idol","Art of War","Bag of Marbles","Cursed Key","Nloth\u0027s Gift","Centennial Puzzle","CaptainsWheel","Nunchaku","Blue Candle","Sundial","Coffee Dripper"],"acts_visited":["Exordium","TheCity","TheBeyond"],"potions_floor_usage":[10],"damage_taken":[{"damage":14,"enemies":"2 Louse","floor":1,"turns":3},{"damage":12,"enemies":"Jaw Worm","floor":2,"turns":4},{"damage":0,"enemies":"Cultist","floor":4,"turns":3},{"damage":4,"enemies":"Lagavulin","floor":7,"turns":7},{"damage":21,"enemies":"Gremlin Gang","floor":10,"turns":3},{"damage":10,"enemies":"2 Fungi Beasts","floor":11,"turns":3},{"damage":0,"enemies":"Exordium Thugs","floor":13,"turns":5},{"damage":0,"enemies":"Slime Boss","floor":16,"turns":3},{"damage":10,"enemies":"Spheric Guardian","floor":18,"turns":5},{"damage":3,"enemies":"2 Thieves","floor":20,"turns":5},{"damage":0,"enemies":"3 Cultists","floor":24,"turns":4},{"damage":15,"enemies":"Gremlin Leader","floor":25,"turns":6},{"damage":20,"enemies":"Slavers","floor":27,"turns":7},{"damage":3,"enemies":"Book of Stabbing","floor":29,"turns":5},{"damage":33,"enemies":"Gremlin Leader","floor":31,"turns":7},{"damage":5,"enemies":"Champ","floor":33,"turns":12}],"seed_played":"2203478013887031208","potions_obtained":[{"floor":1,"key":"Ancient Potion"},{"floor":2,"key":"ColorlessPotion"},{"floor":10,"key":"FairyPotion"},{"floor":31,"key":"Fire Potion"}],"is_trial":false,"path_per_floor":["M","M","?","M","?","R","E","R","T","M","M","R","M","?","R","B",null,"M","?","M","?","$","R","M","E","T","E","$","E","R","E","R","B",null],"character_chosen":"WATCHER","items_purchased":["Centennial Puzzle"],"campfire_rested":3,"item_purchase_floors":[22],"current_hp_per_floor":[47,35,35,35,35,35,31,31,38,17,7,27,27,27,27,27,59,49,49,46,46,46,46,46,31,31,11,11,8,28,19,39,34,60,60],"gold":209,"neow_bonus":"BOSS_RELIC","is_daily":false,"chose_seed":false,"campfire_upgraded":4,"win_rate":0.0,"timestamp":1614452442,"path_taken":["M","M","?","M","?","R","E","R","T","M","M","R","M","?","R","BOSS","M","?","?","?","$","R","M","E","T","E","?","E","R","E","R","BOSS"],"items_purchased_type":["Relic"],"build_version":"2020-12-22","purchased_purges":2,"victory":false,"max_hp_per_floor":[68,68,62,62,62,62,62,62,69,69,69,69,69,69,69,69,69,69,69,69,69,69,69,69,69,69,69,69,69,69,69,69,69,69,69],"relic_stats":{"Centennial Puzzle":[15],"Nunchaku":[4],"counters":[16,82],"Golden Idol":103,"Sundial":[4],"Astrolabe":["Study","Vengeance","Establishment"],"Blue Candle":[0],"Art of War":[13],"Nloth\u0027s Gift":3,"Cursed Key":0,"obtain_stats":[{"Golden Idol":3,"Astrolabe":0,"Blue Candle":29,"Cursed Key":17,"Centennial Puzzle":22,"CaptainsWheel":25,"Nunchaku":27,"Sundial":31,"Strawberry":9,"Art of War":7,"Bag of Marbles":14,"Nloth\u0027s Gift":21,"Coffee Dripper":34,"PureWater":0},{"Golden Idol":2,"Astrolabe":0,"Blue Candle":14,"Cursed Key":8,"Centennial Puzzle":10,"CaptainsWheel":12,"Nunchaku":13,"Sundial":15,"Strawberry":4,"Art of War":4,"Bag of Marbles":7,"Nloth\u0027s Gift":10,"Coffee Dripper":16,"PureWater":0},{"Golden Idol":7,"Astrolabe":0,"Blue Candle":63,"Cursed Key":31,"Centennial Puzzle":41,"CaptainsWheel":51,"Nunchaku":58,"Sundial":70,"Strawberry":17,"Art of War":17,"Bag of Marbles":28,"Nloth\u0027s Gift":41,"Coffee Dripper":82,"PureWater":0}]},"card_choices":[{"not_picked":["WaveOfTheHand","Halt"],"picked":"Worship","floor":1},{"not_picked":["Protect","Pray"],"picked":"DeceiveReality","floor":2},{"not_picked":["PathToVictory","SignatureMove"],"picked":"EmptyFist","floor":4},{"not_picked":["Blasphemy","TalkToTheHand"],"picked":"Tantrum","floor":7},{"not_picked":["FlyingSleeves","SashWhip"],"picked":"Protect","floor":10},{"not_picked":["Wireheading","Evaluate","Halt"],"picked":"SKIP","floor":11},{"not_picked":["FlyingSleeves","EmptyFist"],"picked":"ReachHeaven","floor":13},{"not_picked":["SpiritShield","DevaForm"],"picked":"Vault","floor":16},{"not_picked":["WreathOfFlame","CrushJoints"],"picked":"Protect","floor":18},{"not_picked":["Halt","Crescendo"],"picked":"MentalFortress","floor":20},{"not_picked":["Wish","ReachHeaven+1"],"picked":"Sanctity+1","floor":24},{"not_picked":["InnerPeace","DevaForm"],"picked":"LessonLearned","floor":25},{"not_picked":["Swivel","Study+1","Crescendo"],"picked":"SKIP","floor":27},{"not_picked":["Halt","Protect","Study+1"],"picked":"SKIP","floor":29},{"not_picked":["Perseverance","Brilliance","Crescendo"],"picked":"SKIP","floor":31},{"not_picked":["Establishment","Blasphemy"],"picked":"Ragnarok","floor":33}],"player_experience":2707914,"relics_obtained":[{"floor":7,"key":"Art of War"},{"floor":9,"key":"Strawberry"},{"floor":14,"key":"Bag of Marbles"},{"floor":25,"key":"CaptainsWheel"},{"floor":27,"key":"Nunchaku"},{"floor":29,"key":"Blue Candle"},{"floor":31,"key":"Sundial"}],"event_choices":[{"damage_healed":0,"gold_gain":0,"player_choice":"Lose Max HP","damage_taken":0,"relics_obtained":["Golden Idol"],"max_hp_gain":0,"max_hp_loss":6,"event_name":"Golden Idol","floor":3,"gold_loss":0},{"cards_removed":["Defend_P"],"damage_healed":0,"gold_gain":0,"player_choice":"Forget","damage_taken":0,"max_hp_gain":0,"max_hp_loss":0,"event_name":"Living Wall","floor":5,"gold_loss":0},{"damage_healed":0,"gold_gain":0,"player_choice":"Relic","damage_taken":0,"max_hp_gain":0,"max_hp_loss":0,"event_name":"Wheel of Change","floor":14,"gold_loss":0},{"cards_removed":["Defend_P"],"damage_healed":0,"gold_gain":0,"player_choice":"Upgrade and Remove","damage_taken":0,"max_hp_gain":0,"max_hp_loss":0,"event_name":"Designer","floor":19,"gold_loss":110,"cards_upgraded":["DeceiveReality"]},{"damage_healed":0,"gold_gain":0,"player_choice":"Traded Relic","damage_taken":0,"relics_obtained":["Nloth\u0027s Gift"],"max_hp_gain":0,"max_hp_loss":0,"event_name":"N\u0027loth","floor":21,"relics_lost":["Strawberry"],"gold_loss":0}],"is_beta":false,"boss_relics":[{"not_picked":["Fusion Hammer","Calling Bell"],"picked":"Cursed Key"},{"not_picked":["Empty Cage","Tiny House"],"picked":"Coffee Dripper"}],"items_purged_floors":[22,28],"is_endless":false,"potions_floor_spawned":[1,2,10,13,18,20,31],"ascension_level":20}}