{"host":"xhy9gc4eyomy2i9o","time":1614407162,"event":{"mods":["AchievementEnabler","Act Like it!","BaseMod","Better Vampires","Colored Powertips","Marked Mod","Minty Spire (QoL Compilation)","Permanent Neow","Quick Restart","Shop Mod","StSLib","The Marked","Waifu the Spire"],"gold_per_floor":[11,26,26,26,44,44,85,85,112,112,112],"floor_reached":10,"language":"ZHS","playtime":337,"items_purged":[],"score":76,"play_id":"277b85d5-08ac-47b1-86a7-e6a23ee810df","local_time":"20210227142602","is_ascension_mode":true,"campfire_choices":[{"data":"MarkedMod:OneThousandNeedles","floor":6.0,"key":"SMITH"},{"floor":8.0,"key":"REST"}],"circlet_count":0,"master_deck":["Strike_P","Strike_P","Strike_P","Strike_P","Defend_P","Defend_P","Defend_P","Defend_P","Eruption","Vigilance","DevaForm","PathToVictory","MarkedMod:OneThousandNeedles+1","ThirdEye"],"relics":["PureWater","Golden Idol","Oddly Smooth Stone"],"acts_visited":["Exordium"],"potions_floor_usage":[],"damage_taken":[{"damage":9.0,"enemies":"Small Slimes","floor":1.0,"turns":3.0},{"damage":0.0,"enemies":"Jaw Worm","floor":2.0,"turns":4.0},{"damage":14.0,"enemies":"2 Louse","floor":5.0,"turns":3.0},{"damage":21.0,"enemies":"Lagavulin","floor":7.0,"turns":8.0},{"damage":21,"enemies":"3 Sentries","floor":10,"turns":6}],"seed_played":"-6626864827658165143","potions_obtained":[],"is_trial":false,"path_per_floor":["M","M","?","?","M","R","E","R","T","E"],"character_chosen":"WATCHER","items_purchased":[],"campfire_rested":1,"item_purchase_floors":[],"current_hp_per_floor":[63,63,45,45,31,31,10,31,31,10,10],"gold":112,"neow_bonus":"THREE_RARE_CARDS","is_daily":false,"chose_seed":false,"campfire_upgraded":1,"win_rate":0.0,"timestamp":1614407162,"path_taken":["M","M","?","?","M","R","E","R","T","E"],"items_purchased_type":[],"build_version":"2020-12-22","purchased_purges":0,"victory":false,"max_hp_per_floor":[72,72,72,72,72,72,72,72,72,72,72],"card_choices":[{"not_picked":["Wish","Brilliance"],"picked":"DevaForm","floor":0.0},{"not_picked":["CutThroughFate","SignatureMove"],"picked":"PathToVictory","floor":1.0},{"not_picked":["SandsOfTime","CutThroughFate","ThirdEye"],"picked":"SKIP","floor":2.0},{"not_picked":["BowlingBash","JustLucky"],"picked":"MarkedMod:OneThousandNeedles","floor":5.0},{"not_picked":["Weave","MarkedMod:OneThousandNeedles"],"picked":"ThirdEye","floor":7.0}],"player_experience":318124,"relics_obtained":[{"floor":7.0,"key":"Oddly Smooth Stone"}],"event_choices":[{"damage_healed":0.0,"max_hp_gain":0.0,"max_hp_loss":0.0,"gold_gain":0.0,"event_name":"Golden Idol","player_choice":"Take Damage","floor":3.0,"gold_loss":0.0,"damage_taken":18.0,"relics_obtained":["Golden Idol"]},{"damage_healed":0.0,"max_hp_gain":0.0,"max_hp_loss":0.0,"gold_gain":0.0,"event_name":"Liars Game","player_choice":"Ignored","floor":4.0,"gold_loss":0.0,"damage_taken":0.0}],"is_beta":false,"boss_relics":[],"items_purged_floors":[],"is_endless":false,"potions_floor_spawned":[],"killed_by":"3 Sentries","ascension_level":3}}