{"host":"649x15fmap4sa1sx","time":1614451667,"event":{"mods":["2.2 Compatiblity","AchievementEnabler","BaseMod","BetterRewards","Colored Map","Conspire","Downfall","Hubris","Infinite Spire","Minty Spire (QoL Compilation)","Permanent Neow","Reliquary","Replay The Spire","Shop Mod","StSLib","The IronCluck"],"gold_per_floor":[117,132,232,31,31,57,57,72,72,102,102,133,133,153,153,256,256,266,266,266,279,294,294,294],"floor_reached":23,"language":"ENG","playtime":1612,"items_purged":["hubris:Despair"],"score":280,"play_id":"76599d44-071a-430f-a3d2-0070812c7714","local_time":"20210227124747","is_ascension_mode":true,"campfire_choices":[{"floor":7,"key":"REST"},{"data":"downfall:Bewildered","floor":15,"key":"PURGE"}],"circlet_count":0,"master_deck":["conspire:GhostlyStrike","conspire:GhostlyStrike","conspire:GhostlyStrike","conspire:GhostlyStrike","conspire:GhostlyDefend","conspire:GhostlyDefend","conspire:GhostlyDefend","conspire:GhostlyDefend","Eruption","Vigilance","Devotion","Replay:Anticipation","Replay:Battleflow","SpiritShield+1","Brilliance","Consecrate","ClearTheMind","CutThroughFate","Prostrate","WindmillStrike","Establishment","Prostrate+1","ForeignInfluence","FlurryOfBlows+1","Adaptation"],"relics":["PureWater","downfall:ExtraCursedKey","BargainBundle","Blue Doll","reliquary:PrincelyHelmet","Toy Ornithopter","Eternal Feather","Philosopher\u0027s Stone"],"acts_visited":["Exordium","TheCity"],"potions_floor_usage":[10,12,14,14,16],"damage_taken":[{"damage":2,"enemies":"Jaw Worm","floor":1,"turns":3},{"damage":14,"enemies":"Small Slimes","floor":2,"turns":4},{"damage":28,"enemies":"3 Sentries","floor":6,"turns":8},{"damage":0,"enemies":"Cultist","floor":8,"turns":3},{"damage":13,"enemies":"Replay:BlueRogue","floor":10,"turns":4},{"damage":19,"enemies":"Lagavulin","floor":12,"turns":7},{"damage":0,"enemies":"3 Louse","floor":14,"turns":3},{"damage":2,"enemies":"Hexaghost","floor":16,"turns":7},{"damage":0,"enemies":"conspire:FuzzyDice","floor":18,"turns":6},{"damage":19,"enemies":"Chosen","floor":21,"turns":5},{"damage":2,"enemies":"conspire:HollyBat","floor":22,"turns":6},{"damage":55,"enemies":"Gremlin Leader","floor":23,"turns":6}],"seed_played":"-2156527236439311110","potions_obtained":[{"floor":8,"key":"StancePotion"},{"floor":10,"key":"SteroidPotion"},{"floor":14,"key":"Weak Potion"},{"floor":16,"key":"sneckomod:MuddlingPotion"},{"floor":18,"key":"BottledMiracle"}],"is_trial":false,"path_per_floor":["M","M","?","$","?","E","R","M","T","E","?","E","?","M","R_BF","B",null,"M","?","?","M","M","E"],"character_chosen":"WATCHER","items_purchased":["BargainBundle","Brilliance","hexamod:SoulburnPotion","Guardian:BlockOnCardUsePotion","Ancient Potion","Consecrate","ClearTheMind"],"campfire_rested":1,"item_purchase_floors":[4,4,4,4,4,4,4],"current_hp_per_floor":[70,56,56,56,56,28,49,49,49,36,36,22,22,32,44,47,72,72,72,72,53,51,0,0],"gold":294,"neow_bonus":"ONE_RANDOM_RARE_CARD","is_daily":false,"chose_seed":false,"campfire_upgraded":0,"win_rate":0.0,"timestamp":1614451667,"path_taken":["M","M","?","$","?","E","R","M","T","E","?","E","?","M","R_BF","BOSS","M","?","?","M","M","E"],"items_purchased_type":["Relic","Card","Potion","Potion","Potion","Card","Card"],"build_version":"2020-12-22","purchased_purges":1,"victory":false,"max_hp_per_floor":[72,72,72,72,72,72,72,72,72,72,72,72,72,72,72,72,72,72,72,72,72,72,72,72],"card_choices":[{"not_picked":["ThirdEye","SashWhip"],"picked":"Replay:Anticipation","floor":1},{"not_picked":["EmptyMind","Conclude"],"picked":"Replay:Battleflow","floor":2},{"not_picked":["SignatureMove","DeceiveReality"],"picked":"CutThroughFate","floor":6},{"not_picked":["Vengeance","Sanctity","JustLucky"],"picked":"SKIP","floor":8},{"not_picked":["JustLucky","Wireheading"],"picked":"Prostrate","floor":10},{"not_picked":["Replay:Anticipation","PathToVictory","ClearTheMind"],"picked":"SKIP","floor":12},{"not_picked":["BowlingBash","FlurryOfBlows"],"picked":"WindmillStrike","floor":14},{"not_picked":["Wish","Scrawl"],"picked":"Establishment","floor":16},{"not_picked":["BowlingBash","Crescendo+1"],"picked":"Prostrate+1","floor":18},{"not_picked":["Wallop","Prostrate"],"picked":"FlurryOfBlows+1","floor":21},{"not_picked":["Replay:Battleflow","Swivel"],"picked":"Adaptation","floor":22}],"player_experience":233586,"relics_obtained":[{"floor":6,"key":"Blue Doll"},{"floor":9,"key":"reliquary:PrincelyHelmet"},{"floor":10,"key":"Toy Ornithopter"},{"floor":12,"key":"Eternal Feather"}],"event_choices":[{"damage_healed":0,"gold_gain":0,"player_choice":"Agree","damage_taken":0,"max_hp_gain":0,"max_hp_loss":0,"event_name":"conspire:LoneGhost","floor":11,"gold_loss":0},{"cards_removed":["downfall:Malfunctioning"],"damage_healed":0,"gold_gain":0,"player_choice":"Purged","damage_taken":0,"max_hp_gain":0,"max_hp_loss":0,"event_name":"Purifier","floor":13,"gold_loss":0},{"cards_removed":["downfall:Icky"],"damage_healed":0,"gold_gain":0,"player_choice":"Elegance","damage_taken":0,"max_hp_gain":0,"max_hp_loss":0,"event_name":"Back to Basics","floor":19,"gold_loss":0}],"is_beta":false,"boss_relics":[{"not_picked":["reliquary:Ember","Abe\u0027s Treasure"],"picked":"Philosopher\u0027s Stone"}],"items_purged_floors":[4],"is_endless":false,"potions_floor_spawned":[6,8,10,14,16,18],"killed_by":"Gremlin Leader","ascension_level":2}}