{"host":"pboyrhtqteqd23la","time":1614413593,"event":{"mods":["Act Like it!","Aspiration","BaseMod","Bestiary","Better Third Choice","Conspire","Energized Spire","Minty Spire (QoL Compilation)","Relic Stats","Reliquary","Shop Mod","StSLib","The Cursed","The Runesmith"],"gold_per_floor":[111,111,123,133,151,0,0,0,0,0,26,40,75,95,95,190,190,206,206,223,223,223,223,240,240,289,289,289,301,68,68,68],"floor_reached":31,"language":"ENG","playtime":1233,"items_purged":[],"score":295,"play_id":"00aabfb3-9047-4243-931e-db0b7dcd0056","local_time":"20210227011313","is_ascension_mode":false,"campfire_choices":[{"data":"Enlightenment","floor":7,"key":"SMITH"},{"data":"TheCursedMod:AntiAging","floor":10,"key":"SMITH"},{"floor":15,"key":"REST"},{"floor":23,"key":"REST"},{"floor":25,"key":"REST"},{"floor":27,"key":"REST"}],"circlet_count":0,"master_deck":["TheCursedMod:Strike_TheCursed","TheCursedMod:Strike_TheCursed","TheCursedMod:Strike_TheCursed","TheCursedMod:Strike_TheCursed","TheCursedMod:Defend_TheCursed","TheCursedMod:Defend_TheCursed","TheCursedMod:Defend_TheCursed","TheCursedMod:CursedWand","TheCursedMod:CleanUpWorkshop","TheCursedMod:Dregs","TheCursedMod:FuryStrike","TheCursedMod:SpitefulStrike","Enlightenment+1","TheCursedMod:AntiAging+1","TheCursedMod:SoulCrush","TheCursedMod:TacticalStrike","TheCursedMod:AntiAging","TheCursedMod:LuckyCharm","TheCursedMod:PrepareRite+1","TheCursedMod:WearCloak","Enlightenment"],"relics":["TheCursedMod:BlackMagic101","NeowsBlessing","Mummified Hand","reliquary:PartyBalloon","Vajra","conspire:SpecialSausage","reliquary:TuningFork","Boot"],"acts_visited":["Exordium","TheCity"],"potions_floor_usage":[24,31],"damage_taken":[{"damage":0,"enemies":"2 Louse","floor":1,"turns":1},{"damage":0,"enemies":"Cultist","floor":3,"turns":1},{"damage":0,"enemies":"Small Slimes","floor":4,"turns":2},{"damage":7,"enemies":"Exordium Thugs","floor":5,"turns":3},{"damage":18,"enemies":"Lagavulin","floor":11,"turns":6},{"damage":7,"enemies":"Blue Slaver","floor":12,"turns":3},{"damage":11,"enemies":"Gremlin Nob","floor":13,"turns":4},{"damage":0,"enemies":"Exordium Wildlife","floor":14,"turns":1},{"damage":75,"enemies":"The Guardian","floor":16,"turns":10},{"damage":24,"enemies":"Chosen","floor":18,"turns":5},{"damage":32,"enemies":"Shell Parasite","floor":20,"turns":6},{"damage":13,"enemies":"Snake Plant","floor":24,"turns":4},{"damage":57,"enemies":"3 Cultists","floor":29,"turns":8},{"damage":57,"enemies":"Chosen and Byrds","floor":31,"turns":9}],"seed_played":"5189648957947203962","potions_obtained":[{"floor":4,"key":"AttackPotion"},{"floor":11,"key":"Strength Potion"},{"floor":12,"key":"SteroidPotion"},{"floor":29,"key":"EssenceOfSteel"}],"is_trial":false,"path_per_floor":["M","?","M","M","M","?","R","?","T","R","E","M","E","M","R","B",null,"M","?","M","?","?","R","M","R","T","R","?","M","$","M"],"character_chosen":"THE_CURSED","items_purchased":["Boot","Enlightenment"],"campfire_rested":4,"item_purchase_floors":[30,30],"current_hp_per_floor":[75,75,75,75,68,74,74,74,74,74,59,55,47,47,74,2,93,71,52,25,25,25,56,45,77,77,107,107,52,52,0,0],"gold":68,"neow_bonus":"THREE_ENEMY_KILL","is_daily":false,"chose_seed":false,"campfire_upgraded":2,"win_rate":0.0,"timestamp":1614413593,"path_taken":["M","?","M","?","M","?","R","?","T","R","E","M","E","?","R","BOSS","M","?","M","?","?","R","?","R","T","R","?","M","$","M"],"items_purchased_type":["Relic","Card"],"build_version":"2020-12-22","purchased_purges":0,"victory":false,"max_hp_per_floor":[75,75,75,75,75,81,81,81,81,81,84,87,90,90,90,93,93,95,100,105,105,105,105,107,107,107,107,107,109,109,114,114],"relic_stats":{"counters":[14,63],"Mummified Hand":[2],"Boot":[4],"obtain_stats":[{"TheCursedMod:BlackMagic101":0,"NeowsBlessing":0,"Mummified Hand":9,"reliquary:PartyBalloon":11,"Vajra":13,"conspire:SpecialSausage":17,"reliquary:TuningFork":26,"Boot":30},{"TheCursedMod:BlackMagic101":0,"NeowsBlessing":0,"Mummified Hand":4,"reliquary:PartyBalloon":5,"Vajra":7,"conspire:SpecialSausage":9,"reliquary:TuningFork":12,"Boot":13},{"TheCursedMod:BlackMagic101":0,"NeowsBlessing":0,"Mummified Hand":7,"reliquary:PartyBalloon":13,"Vajra":20,"conspire:SpecialSausage":31,"reliquary:TuningFork":46,"Boot":54}]},"card_choices":[{"not_picked":["TheCursedMod:Stretching","TheCursedMod:VitalStrike"],"picked":"TheCursedMod:Mangle","floor":1},{"not_picked":["TheCursedMod:Stretching","TheCursedMod:Torture"],"picked":"TheCursedMod:FuryStrike","floor":3},{"not_picked":["TheCursedMod:FleshFromBone","TheCursedMod:CircleOfAmplification","TheCursedMod:Grudge"],"picked":"SKIP","floor":4},{"not_picked":["TheCursedMod:Obscuration","TheCursedMod:CircleOfCorruption"],"picked":"TheCursedMod:SpitefulStrike","floor":5},{"not_picked":["TheCursedMod:ManaBullet","TheCursedMod:Mangle","TheCursedMod:HellfireBreathing"],"picked":"SKIP","floor":11},{"not_picked":["TheCursedMod:Stigma","TheCursedMod:ReleasedStrength"],"picked":"TheCursedMod:SoulCrush","floor":12},{"not_picked":["TheCursedMod:SpitefulPlan","TheCursedMod:CircleOfAbyss","TheCursedMod:WearCloak"],"picked":"SKIP","floor":13},{"not_picked":["TheCursedMod:Stretching","TheCursedMod:Stigma"],"picked":"TheCursedMod:TacticalStrike","floor":14},{"not_picked":["TheCursedMod:DemonicPact","TheCursedMod:CircleOfAbyss"],"picked":"TheCursedMod:AntiAging","floor":16},{"not_picked":["TheCursedMod:AshesToAshes+1","TheCursedMod:Mangle+1"],"picked":"TheCursedMod:LuckyCharm","floor":18},{"not_picked":["TheCursedMod:TacticalStrike","TheCursedMod:CursedBoomerang"],"picked":"TheCursedMod:PrepareRite+1","floor":20},{"not_picked":["TheCursedMod:Grudge","TheCursedMod:Wield","TheCursedMod:HellfireBreathing"],"picked":"SKIP","floor":24},{"not_picked":["TheCursedMod:FleshFromBone","TheCursedMod:CursedAmulet"],"picked":"TheCursedMod:WearCloak","floor":29}],"player_experience":681083,"relics_obtained":[{"floor":9,"key":"Mummified Hand"},{"floor":11,"key":"reliquary:PartyBalloon"},{"floor":13,"key":"Vajra"},{"floor":26,"key":"reliquary:TuningFork"}],"event_choices":[{"cards_removed":["TheCursedMod:Mangle"],"damage_healed":0,"gold_gain":0,"player_choice":"Offered Uncommon","damage_taken":0,"max_hp_gain":0,"max_hp_loss":0,"event_name":"Bonfire Elementals","floor":2,"gold_loss":0},{"damage_healed":0,"gold_gain":0,"player_choice":"RENOUNCE","damage_taken":151,"max_hp_gain":0,"max_hp_loss":0,"event_name":"betterThird:BetterSerpent","floor":6,"gold_loss":151,"cards_obtained":["Enlightenment"]},{"damage_healed":0,"gold_gain":0,"cards_transformed":["TheCursedMod:Defend_TheCursed"],"player_choice":"Transformed","damage_taken":0,"max_hp_gain":0,"max_hp_loss":0,"event_name":"Transmorgrifier","floor":8,"gold_loss":0,"cards_obtained":["TheCursedMod:AntiAging"]},{"damage_healed":0,"gold_gain":0,"player_choice":"Shed Blood","damage_taken":24,"max_hp_gain":5,"max_hp_loss":0,"event_name":"Forgotten Altar","floor":19,"gold_loss":0},{"damage_healed":0,"gold_gain":0,"player_choice":"Serpent","damage_taken":0,"max_hp_gain":0,"max_hp_loss":0,"event_name":"BanditSerpent","floor":21,"gold_loss":0},{"damage_healed":0,"gold_gain":0,"player_choice":"Ignored","damage_taken":0,"max_hp_gain":0,"max_hp_loss":0,"event_name":"NoteForYourself","floor":22,"gold_loss":0},{"damage_healed":0,"gold_gain":0,"player_choice":"Leave","damage_taken":0,"max_hp_gain":0,"max_hp_loss":0,"event_name":"conspire:Investor","floor":28,"gold_loss":0}],"is_beta":false,"boss_relics":[{"not_picked":["Empty Cage","Coffee Dripper"],"picked":"conspire:SpecialSausage"}],"items_purged_floors":[],"is_endless":false,"potions_floor_spawned":[4,11,12,13,16,20,29],"killed_by":"Chosen and Byrds","ascension_level":0}}