{"host":"f8htc31bb597a5yl","time":1614452106,"event":{"mods":["BaseMod","Colored Powertips","Downfall","Infinite Spire","Marisa????????","Minty Spire (QoL Compilation)","Replay The Spire","StSLib","The Servant 0.9.4"],"gold_per_floor":[114,131,144,29,29,57,57,57,57,72,72,72,129,143,143,143,143],"floor_reached":16,"language":"ENG","playtime":1137,"items_purged":["Defend_R"],"score":110,"play_id":"ef643ee9-33ab-4c30-baee-8706514d5852","local_time":"20210227105506","is_ascension_mode":true,"campfire_choices":[{"data":"infinitespire:Starlight","floor":7,"key":"SMITH"},{"floor":12,"key":"REST"}],"circlet_count":0,"master_deck":["Strike_R","Strike_R","Strike_R","Strike_R","Strike_R","Defend_R","Defend_R","Defend_R","Bash","Pummel","Havoc","Inflame","infinitespire:Starlight+1","Warcry","Replay:Undeath\u0027s Touch","Replay:Undeath\u0027s Touch+1","Shockwave"],"relics":["Runic Cube","White Beast Statue","Frozen Egg 2","ReplayTheSpireMod:Ninjato"],"acts_visited":["Exordium"],"potions_floor_usage":[6,13,13,16,16],"damage_taken":[{"damage":1,"enemies":"Small Slimes","floor":1,"turns":3},{"damage":12,"enemies":"Jaw Worm","floor":2,"turns":2},{"damage":3,"enemies":"2 Louse","floor":3,"turns":2},{"damage":21,"enemies":"Replay:BlueRogue","floor":6,"turns":6},{"damage":21,"enemies":"Gremlin Gang","floor":10,"turns":4},{"damage":47,"enemies":"Lagavulin Event","floor":13,"turns":7},{"damage":12,"enemies":"Looter","floor":14,"turns":3},{"damage":61,"enemies":"Hexaghost","floor":16,"turns":9}],"seed_played":"8690831804193024722","potions_obtained":[{"floor":1,"key":"Fire Potion"},{"floor":2,"key":"Weak Potion"},{"floor":10,"key":"Weak Potion"},{"floor":13,"key":"SpeedPotion"},{"floor":14,"key":"DuplicationPotion"}],"is_trial":false,"path_per_floor":["M","M","M","$","?","E","R","$","T","M","?","R","?","M","R","B"],"character_chosen":"IRONCLAD","items_purchased":["Inflame"],"campfire_rested":1,"item_purchase_floors":[4],"current_hp_per_floor":[79,67,64,64,43,32,32,32,32,26,26,50,18,21,45,0,0],"gold":143,"neow_bonus":"BOSS_RELIC","is_daily":false,"chose_seed":false,"campfire_upgraded":1,"win_rate":0.0,"timestamp":1614452106,"path_taken":["M","M","M","$","?","E","R","$","T","M","?","R","?","M","R","BOSS"],"items_purchased_type":["Card"],"build_version":"2020-12-22","purchased_purges":1,"victory":false,"max_hp_per_floor":[80,80,80,80,80,80,80,80,80,80,80,80,80,80,80,80,80],"card_choices":[{"not_picked":["Dual Wield","Anger","Twin Strike"],"picked":"SKIP","floor":1},{"not_picked":["Clothesline","Twin Strike"],"picked":"Pummel","floor":2},{"not_picked":["Pommel Strike","Heavy Blade"],"picked":"Havoc","floor":3},{"not_picked":["infinitespire:Fortify","infinitespire:FutureSight"],"picked":"infinitespire:Starlight","floor":5},{"not_picked":["Seeing Red","Searing Blow"],"picked":"Warcry","floor":6},{"not_picked":["Infernal Blade","Intimidate"],"picked":"Replay:Undeath\u0027s Touch","floor":10},{"not_picked":["Pommel Strike","Body Slam"],"picked":"Replay:Undeath\u0027s Touch","floor":13},{"not_picked":["Clothesline","Entrench"],"picked":"Shockwave","floor":14}],"player_experience":279144,"relics_obtained":[{"floor":6,"key":"White Beast Statue"},{"floor":9,"key":"Frozen Egg 2"}],"event_choices":[{"damage_healed":0,"gold_gain":0,"player_choice":"Ignored","damage_taken":0,"max_hp_gain":0,"max_hp_loss":0,"event_name":"Liars Game","floor":11,"gold_loss":0},{"damage_healed":0,"gold_gain":0,"player_choice":"Searched \u00273\u0027 times","damage_taken":0,"relics_obtained":["ReplayTheSpireMod:Ninjato"],"max_hp_gain":0,"max_hp_loss":0,"event_name":"Dead Adventurer","floor":13,"gold_loss":0}],"is_beta":false,"boss_relics":[],"items_purged_floors":[4],"is_endless":false,"potions_floor_spawned":[1,2,10,13,14],"killed_by":"Hexaghost","ascension_level":2}}