{"host":"a4s27ghlnr83kbqz","time":1614419090,"event":{"mods":["AchievementEnabler","BaseMod","Colored Map","Minty Spire (QoL Compilation)","Permanent Neow","SuperFastMode"],"gold_per_floor":[111,111,36,111,124,124,151,151,151,163,177,207,237,248,248,248,248],"floor_reached":16,"language":"KOR","playtime":221,"items_purged":[],"score":220,"play_id":"928972dc-29f5-4333-8d34-b67e1cedc59b","local_time":"20210227184450","is_ascension_mode":true,"campfire_choices":[{"data":"Bash","floor":6,"key":"SMITH"},{"floor":8,"key":"REST"},{"data":"1","floor":15,"key":"LIFT"}],"circlet_count":0,"master_deck":["AscendersBane","Strike_R","Strike_R+1","Strike_R+1","Defend_R","Defend_R","Defend_R","Bash+1","Cleave","Pommel Strike","Shockwave","Shrug It Off","Twin Strike"],"relics":["Burning Blood","Omamori","Girya","Bag of Preparation"],"acts_visited":["Exordium"],"potions_floor_usage":[7,13,14],"damage_taken":[{"damage":6,"enemies":"Cultist","floor":1,"turns":3},{"damage":7,"enemies":"Jaw Worm","floor":5,"turns":3},{"damage":32,"enemies":"Gremlin Nob","floor":7,"turns":4},{"damage":5,"enemies":"Small Slimes","floor":10,"turns":3},{"damage":10,"enemies":"Blue Slaver","floor":11,"turns":4},{"damage":22,"enemies":"Lagavulin","floor":13,"turns":6},{"damage":6,"enemies":"Exordium Wildlife","floor":14,"turns":4},{"damage":11,"enemies":"Hexaghost","floor":16,"turns":7}],"seed_played":"7954493264289956641","potions_obtained":[{"floor":5,"key":"DuplicationPotion"},{"floor":7,"key":"AttackPotion"},{"floor":13,"key":"SkillPotion"}],"is_trial":false,"path_per_floor":["M","?","?","?","M","R","E","R","T","M","M","?","E","M","R","B"],"character_chosen":"IRONCLAD","items_purchased":[],"campfire_rested":1,"item_purchase_floors":[],"current_hp_per_floor":[68,48,48,37,36,36,10,30,30,31,27,27,11,11,11,0,0],"gold":248,"neow_bonus":"REMOVE_TWO","is_daily":false,"chose_seed":false,"campfire_upgraded":1,"win_rate":0.0,"timestamp":1614419090,"path_taken":["M","?","?","?","?","R","E","R","T","M","M","?","E","M","R","BOSS"],"items_purchased_type":[],"build_version":"2020-12-22","purchased_purges":0,"victory":false,"max_hp_per_floor":[68,68,68,68,68,68,68,68,68,68,68,68,68,68,68,68,68],"card_choices":[{"not_picked":["Heavy Blade","Iron Wave"],"picked":"Cleave","floor":1},{"not_picked":["Heavy Blade","Combust","Thunderclap"],"picked":"SKIP","floor":5},{"not_picked":["Perfected Strike","Spot Weakness"],"picked":"Pommel Strike","floor":7},{"not_picked":["Havoc","Ghostly Armor"],"picked":"Shockwave","floor":10},{"not_picked":["Sword Boomerang","Heavy Blade"],"picked":"Shrug It Off","floor":11},{"not_picked":["Armaments","Power Through"],"picked":"Twin Strike","floor":13},{"not_picked":["Reckless Charge","Clothesline","Body Slam"],"picked":"SKIP","floor":14}],"player_experience":1154525,"relics_obtained":[{"floor":7,"key":"Omamori"},{"floor":9,"key":"Girya"},{"floor":13,"key":"Bag of Preparation"}],"event_choices":[{"damage_healed":0,"gold_gain":0,"player_choice":"Entered Light","damage_taken":20,"max_hp_gain":0,"max_hp_loss":0,"event_name":"Shining Light","floor":2,"gold_loss":0,"cards_upgraded":["Strike_R","Strike_R"]},{"cards_removed":["Strike_R"],"damage_healed":0,"gold_gain":0,"player_choice":"Card Removal","damage_taken":0,"max_hp_gain":0,"max_hp_loss":0,"event_name":"The Cleric","floor":3,"gold_loss":75},{"damage_healed":0,"gold_gain":75,"player_choice":"Gather Gold","damage_taken":11,"max_hp_gain":0,"max_hp_loss":0,"event_name":"World of Goop","floor":4,"gold_loss":0},{"damage_healed":0,"gold_gain":30,"player_choice":"Searched \u00271\u0027 times","damage_taken":0,"max_hp_gain":0,"max_hp_loss":0,"event_name":"Dead Adventurer","floor":12,"gold_loss":0}],"is_beta":false,"boss_relics":[],"items_purged_floors":[],"is_endless":false,"potions_floor_spawned":[5,7,13],"killed_by":"Hexaghost","ascension_level":20}}