{"host":"n2sr453jcjz6vvl4","time":1614394807,"event":{"mods":["BaseMod","Colored Map","Minty Spire (QoL Compilation)","Permanent Neow","Relic Stats","StSLib"],"gold_per_floor":[109,120,120,137,9,9,38,38,38,38,71,71,103,103,103,207,207,221,221,221,236,248,248,267,267,267,312,21,33,65,85,85,187,187,199,6,53,0,100,100,129,139,139,139,156,106,121,150,150,150],"floor_reached":51,"language":"ENG","playtime":4107,"items_purged":["Regret","Defend_G","Strike_G","Defend_G"],"score":983,"play_id":"b280044d-6301-48d9-9b29-c54b55232333","local_time":"20210226230007","is_ascension_mode":true,"campfire_choices":[{"data":"Noxious Fumes","floor":6,"key":"SMITH"},{"data":"Crippling Poison","floor":10,"key":"SMITH"},{"data":"Catalyst","floor":15,"key":"SMITH"},{"floor":23,"key":"REST"},{"floor":25,"key":"REST"},{"floor":32,"key":"REST"},{"floor":40,"key":"REST"},{"floor":44,"key":"REST"},{"floor":49,"key":"REST"}],"circlet_count":0,"master_deck":["Strike_G","Strike_G","Strike_G","Defend_G","Defend_G","Defend_G","Survivor","Neutralize","Noxious Fumes+1","Leg Sweep","Flying Knee","Cloak And Dagger","Crippling Poison+1","Catalyst+1","Choke","Parasite","Burst","Leg Sweep","Dash","Catalyst","Bullet Time","Catalyst"],"relics":["Ring of the Snake","FossilizedHelix","Bird Faced Urn","Lizard Tail","Anchor","Dream Catcher","Velvet Choker","Nilry\u0027s Codex","MawBank","Smiling Mask","Sundial","Pantograph","Runic Pyramid","Oddly Smooth Stone","Thread and Needle","Red Mask","Darkstone Periapt","InkBottle","Incense Burner"],"acts_visited":["Exordium","TheCity","TheBeyond"],"potions_floor_usage":[27,29,33,33,50,50,50],"damage_taken":[{"damage":1,"enemies":"Jaw Worm","floor":1,"turns":4},{"damage":2,"enemies":"2 Louse","floor":2,"turns":4},{"damage":8,"enemies":"Small Slimes","floor":4,"turns":5},{"damage":17,"enemies":"Lagavulin","floor":7,"turns":10},{"damage":0,"enemies":"3 Sentries","floor":11,"turns":5},{"damage":11,"enemies":"Lagavulin","floor":13,"turns":7},{"damage":36,"enemies":"Slime Boss","floor":16,"turns":12},{"damage":29,"enemies":"2 Thieves","floor":18,"turns":5},{"damage":0,"enemies":"Chosen","floor":21,"turns":7},{"damage":26,"enemies":"Snake Plant","floor":22,"turns":4},{"damage":0,"enemies":"Shelled Parasite and Fungi","floor":24,"turns":3},{"damage":0,"enemies":"Slavers","floor":27,"turns":5},{"damage":0,"enemies":"Centurion and Healer","floor":29,"turns":7},{"damage":9,"enemies":"Book of Stabbing","floor":30,"turns":7},{"damage":23,"enemies":"Snecko","floor":31,"turns":6},{"damage":53,"enemies":"Collector","floor":33,"turns":7},{"damage":0,"enemies":"Orb Walker","floor":35,"turns":4},{"damage":19,"enemies":"2 Orb Walkers","floor":37,"turns":6},{"damage":38,"enemies":"Giant Head","floor":41,"turns":9},{"damage":0,"enemies":"3 Shapes","floor":42,"turns":4},{"damage":6,"enemies":"Spire Growth","floor":45,"turns":5},{"damage":0,"enemies":"Transient","floor":47,"turns":5},{"damage":11,"enemies":"Nemesis","floor":48,"turns":5},{"damage":31,"enemies":"Donu and Deca","floor":50,"turns":11}],"seed_played":"5364253567143945914","potions_obtained":[{"floor":2,"key":"Dexterity Potion"},{"floor":11,"key":"Ancient Potion"},{"floor":16,"key":"Block Potion"},{"floor":24,"key":"Poison Potion"},{"floor":30,"key":"PowerPotion"},{"floor":31,"key":"Explosive Potion"},{"floor":33,"key":"BlessingOfTheForge"},{"floor":37,"key":"Dexterity Potion"}],"is_trial":false,"path_per_floor":["M","M","?","M","$","R","E","$","T","R","E","?","E","?","R","B",null,"M","?","?","M","M","R","M","R","T","E","$","M","E","M","R","B",null,"M","$","?","?","?","R","E","M","T","R","M","$","M","E","R","B",null],"character_chosen":"THE_SILENT","items_purchased":["Cloak And Dagger","Sundial","Oddly Smooth Stone"],"campfire_rested":6,"item_purchase_floors":[5,28,36],"current_hp_per_floor":[69,67,60,52,52,52,35,35,35,35,37,37,28,45,45,11,55,28,12,35,37,13,34,36,57,57,59,59,65,60,39,60,23,58,60,60,43,43,43,64,30,32,32,53,49,49,51,42,63,46],"gold":150,"neow_bonus":"ONE_RARE_RELIC","is_daily":false,"chose_seed":false,"campfire_upgraded":3,"win_rate":0.0,"timestamp":1614394807,"path_taken":["M","M","?","M","$","R","E","$","T","R","E","?","E","?","R","BOSS","M","?","?","M","M","R","M","R","T","E","$","?","E","M","R","BOSS","M","$","?","?","?","R","E","?","T","R","M","$","?","E","R","BOSS"],"items_purchased_type":["Card","Relic","Relic"],"build_version":"2020-12-22","purchased_purges":4,"victory":true,"max_hp_per_floor":[70,70,70,70,70,70,70,70,70,70,70,70,70,70,70,70,70,70,70,70,70,70,70,70,70,70,70,70,70,70,70,70,70,70,70,70,70,70,70,70,70,70,70,70,70,70,70,70,70,70],"relic_stats":{"Darkstone Periapt":0,"Lizard Tail":0,"Dream Catcher":6,"counters":[24,147],"Sundial":[6],"Bird Faced Urn":[57],"Pantograph":17,"MawBank":24,"Smiling Mask":225,"obtain_stats":[{"Darkstone Periapt":41,"Nilry\u0027s Codex":19,"Velvet Choker":17,"Oddly Smooth Stone":36,"Thread and Needle":37,"Incense Burner":48,"MawBank":26,"Smiling Mask":27,"Lizard Tail":9,"Anchor":11,"Dream Catcher":13,"Sundial":28,"Bird Faced Urn":7,"Pantograph":30,"Red Mask":38,"FossilizedHelix":0,"InkBottle":43,"Ring of the Snake":0,"Runic Pyramid":34},{"Darkstone Periapt":19,"Nilry\u0027s Codex":8,"Velvet Choker":7,"Oddly Smooth Stone":17,"Thread and Needle":18,"Incense Burner":23,"MawBank":11,"Smiling Mask":12,"Lizard Tail":4,"Anchor":5,"Dream Catcher":6,"Sundial":12,"Bird Faced Urn":4,"Pantograph":14,"Red Mask":18,"FossilizedHelix":0,"InkBottle":20,"Ring of the Snake":0,"Runic Pyramid":16},{"Darkstone Periapt":117,"Nilry\u0027s Codex":52,"Velvet Choker":47,"Oddly Smooth Stone":102,"Thread and Needle":108,"Incense Burner":136,"MawBank":66,"Smiling Mask":71,"Lizard Tail":23,"Anchor":28,"Dream Catcher":35,"Sundial":71,"Bird Faced Urn":23,"Pantograph":85,"Red Mask":108,"FossilizedHelix":0,"InkBottle":121,"Ring of the Snake":0,"Runic Pyramid":98}],"InkBottle":[8],"Ring of the Snake":[48]},"card_choices":[{"not_picked":["Flying Knee","Cloak And Dagger"],"picked":"Noxious Fumes","floor":1},{"not_picked":["Poisoned Stab","Cloak And Dagger"],"picked":"Leg Sweep","floor":2},{"not_picked":["Acrobatics","Quick Slash"],"picked":"Flying Knee","floor":4},{"not_picked":["Poisoned Stab","Slice"],"picked":"Crippling Poison","floor":7},{"not_picked":["PiercingWail","Bane"],"picked":"Catalyst","floor":11},{"not_picked":["Terror","Concentrate"],"picked":"Choke","floor":13},{"not_picked":["Malaise","Venomology"],"picked":"Burst","floor":16},{"not_picked":["Backstab","Expertise+1"],"picked":"Leg Sweep","floor":18},{"not_picked":["Dodge and Roll","PiercingWail","Slice"],"picked":"SKIP","floor":21},{"not_picked":["Skewer","Deflect"],"picked":"Dash","floor":22},{"not_picked":["Dagger Throw","Terror"],"picked":"Catalyst","floor":24},{"not_picked":["Night Terror","Backflip+1","Concentrate+1"],"picked":"SKIP","floor":27},{"not_picked":["All Out Attack","Heel Hook","Blade Dance+1"],"picked":"SKIP","floor":29},{"not_picked":["Expertise","Poisoned Stab","Choke"],"picked":"SKIP","floor":30},{"not_picked":["Choke+1","PiercingWail","Backstab"],"picked":"SKIP","floor":31},{"not_picked":["Malaise","Storm of Steel"],"picked":"Bullet Time","floor":33},{"not_picked":["Blade Dance+1","Calculated Gamble","Backflip+1"],"picked":"SKIP","floor":35},{"not_picked":["Dagger Throw","Tools of the Trade"],"picked":"Catalyst","floor":41},{"not_picked":["Prepared+1","Well Laid Plans+1","Dodge and Roll"],"picked":"SKIP","floor":42},{"not_picked":["Acrobatics+1","Well Laid Plans+1","Night Terror"],"picked":"SKIP","floor":45},{"not_picked":["Outmaneuver","Acrobatics+1","Masterful Stab+1"],"picked":"SKIP","floor":47},{"not_picked":["Backflip+1","Quick Slash+1","Infinite Blades+1"],"picked":"SKIP","floor":48}],"player_experience":260257,"relics_obtained":[{"floor":7,"key":"Bird Faced Urn"},{"floor":9,"key":"Lizard Tail"},{"floor":11,"key":"Anchor"},{"floor":13,"key":"Dream Catcher"},{"floor":19,"key":"Nilry\u0027s Codex"},{"floor":26,"key":"MawBank"},{"floor":27,"key":"Smiling Mask"},{"floor":30,"key":"Pantograph"},{"floor":37,"key":"Thread and Needle"},{"floor":41,"key":"Darkstone Periapt"},{"floor":43,"key":"InkBottle"},{"floor":48,"key":"Incense Burner"}],"event_choices":[{"cards_removed":["Strike_G"],"damage_healed":0,"gold_gain":0,"player_choice":"Card Removal","damage_taken":7,"max_hp_gain":0,"max_hp_loss":0,"event_name":"Golden Wing","floor":3,"gold_loss":0},{"damage_healed":0,"gold_gain":0,"player_choice":"Ignored","damage_taken":0,"max_hp_gain":0,"max_hp_loss":0,"event_name":"Shining Light","floor":12,"gold_loss":0},{"damage_healed":17,"gold_gain":0,"player_choice":"Healed and dodged fight","damage_taken":0,"max_hp_gain":0,"max_hp_loss":0,"event_name":"Mushrooms","floor":14,"gold_loss":0,"cards_obtained":["Parasite"]},{"damage_healed":0,"gold_gain":0,"player_choice":"Obtained Book","damage_taken":16,"max_hp_gain":0,"max_hp_loss":0,"event_name":"Cursed Tome","floor":19,"gold_loss":0},{"damage_healed":23,"gold_gain":0,"player_choice":"Heal","damage_taken":0,"max_hp_gain":0,"max_hp_loss":0,"event_name":"The Library","floor":20,"gold_loss":0},{"damage_healed":0,"gold_gain":0,"player_choice":"Fight","damage_taken":0,"max_hp_gain":0,"max_hp_loss":0,"event_name":"Mysterious Sphere","floor":37,"gold_loss":0},{"damage_healed":0,"gold_gain":0,"player_choice":"Paid","damage_taken":0,"relics_obtained":["Red Mask"],"max_hp_gain":0,"max_hp_loss":0,"event_name":"Tomb of Lord Red Mask","floor":38,"gold_loss":53},{"damage_healed":0,"gold_gain":100,"player_choice":"Pray","damage_taken":0,"max_hp_gain":0,"max_hp_loss":0,"event_name":"Golden Shrine","floor":39,"gold_loss":0}],"is_beta":false,"boss_relics":[{"not_picked":["Astrolabe","HoveringKite"],"picked":"Velvet Choker"},{"not_picked":["Tiny House","SlaversCollar"],"picked":"Runic Pyramid"}],"items_purged_floors":[5,28,36,46],"is_endless":false,"potions_floor_spawned":[2,11,16,21,24,30,31,33,37,41,42,48],"ascension_level":5}}