{"host":"0k7350af1t8odskw","time":1614458775,"event":{"mods":["AchievementEnabler","BaseMod","Better Vampires","BetterRewards","Colored Map","Downfall","Highlight Path","Hubris","Lobotomy","Marisa£®ÏF”Í°°ƒß¿Ì…≥£©","Minty Spire (QoL Compilation)","Quick Restart","Replay The Spire","Shop Mod","StSLib","The Administrix","The Death Knight","The Runesmith","Youmu£®ªÍ∆«—˝√Œ£©"],"gold_per_floor":[114,89,160,80,155,155,170,180,203,203,228,275,275],"floor_reached":12,"language":"ZHS","playtime":1184,"items_purged":[],"score":82,"play_id":"154cae1c-f593-4db0-bb43-bd4a3d29b737","local_time":"20210227124615","is_ascension_mode":true,"campfire_choices":[{"floor":6,"key":"REST"},{"data":"DeepEcoloBomb","floor":10,"key":"SMITH"}],"circlet_count":0,"master_deck":["Strike_MRS","Strike_MRS","Strike_MRS","Strike_MRS","Defend_MRS","Defend_MRS","Defend_MRS","Defend_MRS","MasterSpark+1","UpSweep+1","Occultation","SporeBomb","DeepEcoloBomb+1","EnergyFlow","PowerUp","WitchOfGreed","AbsoluteMagnitude"],"relics":["MiniHakkero","hubris:AstralHammer","hubris:Spice","hubris:MysteriousPyramids","Potion Belt","Whetstone","Kunai"],"acts_visited":["Exordium"],"potions_floor_usage":[12],"damage_taken":[{"damage":1,"enemies":"Jaw Worm","floor":1,"turns":2},{"damage":1,"enemies":"Small Slimes","floor":7,"turns":3},{"damage":1,"enemies":"Cultist","floor":8,"turns":3},{"damage":11,"enemies":"3 Louse","floor":11,"turns":3},{"damage":17,"enemies":"Replay:BlueRogue","floor":12,"turns":5}],"seed_played":"312796186400253249","potions_obtained":[{"floor":1,"key":"LiquidBronze"},{"floor":3,"key":"SneckoOil"},{"floor":3,"key":"Block Potion"},{"floor":7,"key":"BottledSpark"},{"floor":11,"key":"DeathKnight:RimePotion"},{"floor":12,"key":"SteroidPotion"}],"is_trial":false,"path_per_floor":["M","$","?","$","?","R","M","M","T","R","M","E"],"character_chosen":"MARISA","items_purchased":["hubris:AstralHammer","hubris:MysteriousPyramids","SporeBomb","EnergyFlow"],"campfire_rested":1,"item_purchase_floors":[0,0,2,4],"current_hp_per_floor":[47,47,27,27,19,43,42,41,41,41,30,13,13],"gold":275,"neow_bonus":"","is_daily":false,"chose_seed":false,"campfire_upgraded":1,"win_rate":0.0,"timestamp":1614458775,"path_taken":["M","$","?","$","?","R","M","M","T","R","?","E"],"items_purchased_type":["Relic","Relic","Card","Card"],"build_version":"2020-12-22","purchased_purges":0,"victory":false,"max_hp_per_floor":[83,83,83,83,83,83,83,83,83,83,83,83,83],"card_choices":[{"not_picked":["DoubleSpark","MysteriousBeam"],"picked":"Occultation","floor":1},{"not_picked":["GrandCross","DoubleSpark"],"picked":"DeepEcoloBomb","floor":3},{"not_picked":["AlicesGift","AsteroidBelt"],"picked":"PowerUp","floor":7},{"not_picked":["Acceleration","ShootTheMoon"],"picked":"WitchOfGreed","floor":8},{"not_picked":["DoubleSpark","IllusionStar"],"picked":"AbsoluteMagnitude","floor":11}],"player_experience":105485,"relics_obtained":[{"floor":3,"key":"Potion Belt"},{"floor":9,"key":"Whetstone"},{"floor":12,"key":"Kunai"}],"event_choices":[{"damage_healed":0,"gold_gain":75,"player_choice":"Touch","damage_taken":8,"max_hp_gain":0,"max_hp_loss":0,"event_name":"FaceTrader","floor":5,"gold_loss":0}],"is_beta":false,"boss_relics":[],"items_purged_floors":[],"is_endless":false,"potions_floor_spawned":[1,7,12],"killed_by":"Replay:BlueRogue","ascension_level":1}}