{"host":"faxec7zdkweurczj","time":1614417113,"event":{"mods":["Ascension Reborn","BaseMod","Colored Powertips","Conspire","Highlight Path","Minty Spire (QoL Compilation)","Replay The Spire","Shop Mod","StSLib","TestMod","[IsaacMod]以撒尖塔","篝火指南"],"gold_per_floor":[123,189,25,47,47,84,96,128,216,216,160,160,160,184,184,304,304,327,34,46,46,69,111,111,139,139,139,153,78,118,478,184,303,303,326,806,495,495,509,523,317,339,339,381,381,401,425,455,455,472,272,284,296,332,374,434,434,434,465,465,465,520,550,589,589,519,540,540,392,185,227,535],"floor_reached":58,"language":"ZHS","playtime":1998,"items_purged":["Strike_R+1","Strike_R+1","Strike_R+1","Defend_R+1","Defend_R+1","Defend_R+1","Strike_R+2","Feed+1"],"score":500,"play_id":"0ea7cd09-56c0-47a7-9fae-2fcd56ecd83d","local_time":"20210227171153","is_ascension_mode":true,"campfire_choices":[{"data":"Thunderclap","floor":10.0,"key":"SMITH"},{"data":"Metallicize","floor":12.0,"key":"SMITH"},{"floor":15.0,"key":"RECALL"},{"data":"Feed","floor":24,"key":"SMITH"},{"data":"Defend_R+2","floor":27,"key":"SMITH"},{"data":"Metallicize","floor":40,"key":"SMITH"},{"data":"Inflame","floor":45,"key":"SMITH"},{"data":"Metallicize","floor":49,"key":"SMITH"},{"data":"Defend_R+4","floor":42,"key":"SMITH"}],"circlet_count":0,"master_deck":["Strike_R+1","Defend_R+5","Bash+1","Thunderclap+1","Metallicize+1","Cleave+1","Entrench+1","Pommel Strike+1","Metallicize+1","Berserk","Metallicize+1","Inflame+1","Cleave+1","Body Slam+1","Double Tap+1","Metallicize+1"],"relics":["Burning Blood","testmod-TestBox","HushsDoor","testmod-EqualTreatment","Champion Belt","HandDrill","Gremlin Food","UnicornStump","Omamori","Simple Rune","conspire:DeflatedDodgeball","Blood Vial","ReplayTheSpireMod:Shallot","Meat on the Bone","Bag of Preparation","Incense Burner","testmod-BatchProcessingSystem","GnawedLeaf","BookofShadows","testmod-IndustrialRevolution","Art of War","MealTicket","Pondfish Scales","Happy Flower","BookOfRevelations","Replay:Bottled Flurry","DoctorsRemote","Potion Belt","Toxic Egg 2","Smiling Mask","SatanicBible","Turnip","SlaversCollar","BelialBook","testmod-Fortitude","Membership Card","testmod-ObsoleteBoomerang","Mercury Hourglass","Chameleon Ring","MawBank","Replay:Baseball","Sling","Bottled Tornado","ReplayTheSpireMod:Ninjato","Replay:Wax Seal","Letter Opener","testmod-ThousandKnives","Pen Nib","ReplayTheSpireMod:Lightbulb","Kunai","OrangePellets","testmod-Justice","testmod-FatalChain","SalivaCoin","War Paint","Replay:Bandana","Void","testmod-Antiphasic","testmod-Acrobat","Bag of Marbles","testmod-ArcanaOfDestiny","Replay:Towering Pillar of Hats","Frozen Egg 2","Ornamental Fan","Replay:Accelerometer","ReplayTheSpireMod:Spearhead","Nunchaku","MerchantsRug","Replay:Rubber Ducky","Replay:Ringing Soul","Sundial","conspire:Flyswatter","D4"],"acts_visited":["Exordium","TheCity","TheBeyond","TheEnding"],"potions_floor_usage":[19,30,42,57,57,57],"damage_taken":[{"damage":0.0,"enemies":"Small Slimes","floor":1.0,"turns":1.0},{"damage":0.0,"enemies":"2 Louse","floor":4.0,"turns":1.0},{"damage":0.0,"enemies":"Gremlin Nob","floor":6.0,"turns":1.0},{"damage":0.0,"enemies":"conspire:RoseBush","floor":7.0,"turns":2.0},{"damage":0.0,"enemies":"3 Sentries","floor":8.0,"turns":2.0},{"damage":0.0,"enemies":"Exordium Wildlife","floor":14.0,"turns":2.0},{"damage":0.0,"enemies":"Slime Boss","floor":16.0,"turns":5.0},{"damage":0,"enemies":"Chosen","floor":18,"turns":3},{"damage":0,"enemies":"2 Thieves","floor":20,"turns":1},{"damage":0,"enemies":"Centurion and Healer","floor":22,"turns":4},{"damage":0,"enemies":"Replay:Snechameleon","floor":23,"turns":5},{"damage":0,"enemies":"Sentry and Sphere","floor":28,"turns":2},{"damage":0,"enemies":"Book of Stabbing","floor":30,"turns":2},{"damage":0,"enemies":"Automaton","floor":33,"turns":4},{"damage":0,"enemies":"3 Darklings","floor":35,"turns":2},{"damage":4,"enemies":"3 Shapes","floor":39,"turns":2},{"damage":0,"enemies":"Writhing Mass","floor":42,"turns":2},{"damage":0,"enemies":"Nemesis","floor":44,"turns":1},{"damage":0,"enemies":"4 Shapes","floor":46,"turns":1},{"damage":0,"enemies":"Maw","floor":47,"turns":1},{"damage":0,"enemies":"Reptomancer","floor":48,"turns":1},{"damage":0,"enemies":"3 Shapes","floor":35,"turns":1},{"damage":0,"enemies":"Orb Walker","floor":37,"turns":1},{"damage":0,"enemies":"3 Darklings","floor":38,"turns":1},{"damage":0,"enemies":"4 Shapes","floor":39,"turns":1},{"damage":0,"enemies":"Nemesis","floor":40,"turns":1},{"damage":0,"enemies":"Transient","floor":41,"turns":1},{"damage":0,"enemies":"Spire Growth","floor":44,"turns":1},{"damage":0,"enemies":"R_Hoarder","floor":47,"turns":1},{"damage":0,"enemies":"Writhing Mass","floor":48,"turns":1},{"damage":0,"enemies":"Maw","floor":49,"turns":1},{"damage":0,"enemies":"conspire:OrnateMirror","floor":52,"turns":1},{"damage":0,"enemies":"Shield and Spear","floor":56,"turns":1},{"damage":0,"enemies":"Delirium","floor":57,"turns":2}],"seed_played":"-4471089272887752470","potions_obtained":[{"floor":7.0,"key":"Strength Potion"},{"floor":8.0,"key":"FearPotion"},{"floor":8.0,"key":"DuplicationPotion"},{"floor":23,"key":"FairyPotion"},{"floor":28,"key":"AttackPotion"},{"floor":30,"key":"AttackPotion"},{"floor":33,"key":"LiquidBronze"},{"floor":42,"key":"testmod-SpacePotion"},{"floor":46,"key":"SteroidPotion"},{"floor":35,"key":"Block Potion"},{"floor":37,"key":"Energy Potion"},{"floor":41,"key":"Adrenaline Potion"},{"floor":44,"key":"DuplicationPotion"},{"floor":47,"key":"Adrenaline Potion"}],"is_trial":false,"path_per_floor":["M","?","$","M","?","E","M","E","T","R","$","R","?","M","R","B",null,"M","$","M","?","M","E","R","T","T","R","M","$","E","?","R","B",null,"M","?","$","T","M","R","$","M","T","E","R","M","M","E","R","M","$","M","M","M","E","M","R","T","M","PTL","PTL","E","M","M","?","R","B",null,"R","$","E","B",null],"character_chosen":"IRONCLAD","items_purchased":["HandDrill","Metallicize","BookofShadows","Fruit Juice","Dexterity Potion","SatanicBible","Metallicize","BelialBook","Berserk","Membership Card","Metallicize","testmod-ObsoleteBoomerang","Replay:Baseball","EssenceOfSteel","Sling","Inflame","OrangePellets","testmod-Justice","Nunchaku","MerchantsRug","Replay:Rubber Ducky","Replay:Ringing Soul","Metallicize+1","Sundial","conspire:Flyswatter"],"campfire_rested":0,"item_purchase_floors":[3,3,19,19,19,32,32,34,34,37,37,37,41,41,41,41,36,36,51,51,54,54,55,55,55],"current_hp_per_floor":[85,85,85,85,85,92,92,92,92,92,92,92,92,92,92,97,97,100,105,108,108,111,114,114,114,114,114,118,118,122,122,122,127,108,108,108,108,108,120,120,120,124,124,128,128,132,132,132,132,136,136,136,136,136,136,136,136,136,136,136,136,136,136,136,129,129,134,134,134,137,137,142],"gold":535,"neow_bonus":"THREE_ENEMY_KILL","is_daily":false,"chose_seed":false,"campfire_upgraded":8,"win_rate":0.0,"timestamp":1614417113,"path_taken":["M","?","$","M","?","E","M","E","T","R","?","R","?","?","R","BOSS","M","$","M","?","M","E","R","?","T","R","M","?","E","?","R","BOSS","M","?","$","?","M","R","?","M","T","E","R","M","M","E","R","M","$","?","M","M","E","M","R","T","M","PTL","PTL","E","M","?","?","R","BOSS","R","$","E","BOSS"],"items_purchased_type":["Relic","Card","Relic","Potion","Potion","Relic","Card","Relic","Card","Relic","Card","Relic","Relic","Potion","Relic","Card","Relic","Relic","Relic","Relic","Relic","Relic","Card","Relic","Relic"],"build_version":"2020-12-22","purchased_purges":8,"victory":true,"max_hp_per_floor":[85,85,85,85,85,92,92,92,92,92,92,92,92,92,92,97,97,100,105,108,108,111,114,114,114,114,114,118,118,122,122,122,127,108,108,108,108,108,120,120,120,124,124,128,128,132,132,132,132,136,136,136,136,136,136,136,136,136,136,136,136,136,136,136,129,129,134,134,134,137,137,142],"card_choices":[{"not_picked":["conspire:ExplosiveBarrier","Armaments+1"],"picked":"Thunderclap","floor":1.0},{"not_picked":["Feel No Pain","ReplayTheSpireMod:Strike From Hell","True Grit"],"picked":"SKIP","floor":4.0},{"not_picked":["Flex","Wild Strike"],"picked":"Cleave+1","floor":6.0},{"not_picked":["Blood for Blood","Armaments","Searing Blow+1"],"picked":"SKIP","floor":6.0},{"not_picked":["Uppercut","Rampage+1","ReplayTheSpireMod:Muscle Training+1"],"picked":"SKIP","floor":7.0},{"not_picked":["Warcry","Headbutt+1","Replay:Undeath\u0027s Touch"],"picked":"SKIP","floor":8.0},{"not_picked":["Sever Soul","Shrug It Off","Blood for Blood"],"picked":"SKIP","floor":8.0},{"not_picked":["Whirlwind","Warcry","Armaments"],"picked":"SKIP","floor":14.0},{"not_picked":["Hemogenesis","conspire:HitWhereItHurts"],"picked":"Feed","floor":16.0},{"not_picked":["ReplayTheSpireMod:Strike From Hell+1","ReplayTheSpireMod:LeadingStrike","ReplayReversal+1"],"picked":"SKIP","floor":18},{"not_picked":["ReplayTheSpireMod:Limb From Limb+1","Rupture"],"picked":"Entrench+1","floor":20},{"not_picked":["Power Through","Perfected Strike"],"picked":"Pommel Strike+1","floor":22},{"not_picked":["ReplayTheSpireMod:Limb From Limb","Disarm","Iron Wave+1"],"picked":"SKIP","floor":23},{"not_picked":["Reckless Charge+1","Rage+1","Spot Weakness+1"],"picked":"SKIP","floor":28},{"not_picked":["Rampage+1","Hemokinesis","Searing Blow+1"],"picked":"SKIP","floor":30},{"not_picked":["Rampage+1","Wild Strike+1","Thunderclap+1"],"picked":"SKIP","floor":35},{"not_picked":["conspire:ExplosiveBarrier+1","Defy Death+1","Armaments+1"],"picked":"SKIP","floor":39},{"not_picked":["Dark Embrace+1","Rampage+1","Shockwave+1"],"picked":"SKIP","floor":42},{"not_picked":["Clothesline+1","Barricade","ReplayTheSpireMod:Strike From Hell+1"],"picked":"SKIP","floor":44},{"not_picked":["Twin Strike+1","Combust+1","Dropkick"],"picked":"SKIP","floor":46},{"not_picked":["Twin Strike+1","Combust+1","Dropkick"],"picked":"SKIP","floor":46},{"not_picked":["Clothesline+1","Warcry+1","Iron Wave+1"],"picked":"SKIP","floor":47},{"not_picked":["Sentinel+1","Whirlwind","Armaments+1"],"picked":"SKIP","floor":48},{"not_picked":["Iron Wave+1","Flex+1"],"picked":"Cleave+1","floor":35},{"not_picked":["Heavy Blade","Wild Strike+1","Barricade"],"picked":"SKIP","floor":37},{"not_picked":["Hemokinesis+1","Warcry+1","Flame Barrier+1"],"picked":"SKIP","floor":38},{"not_picked":["Cleave","Run Through","Sword Boomerang+1"],"picked":"SKIP","floor":39},{"not_picked":["Heavy Blade+1","Fiend Fire","Replay:Undeath\u0027s Touch+1"],"picked":"SKIP","floor":40},{"not_picked":["Shrug It Off+1","Dark Embrace+1","Flex+1"],"picked":"SKIP","floor":41},{"not_picked":["Anger","Heavy Blade"],"picked":"Body Slam+1","floor":44},{"not_picked":["Wild Strike+1","Burning Pact+1"],"picked":"Double Tap+1","floor":47},{"not_picked":["Ghostly Armor+1","Whirlwind+1","Clothesline+1"],"picked":"SKIP","floor":48},{"not_picked":["Body Slam+1","Thunderclap+1","Warcry+1"],"picked":"SKIP","floor":49},{"not_picked":["Evolve+1","ReplayTheSpireMod:Stacked+1","Shockwave+1"],"picked":"SKIP","floor":56}],"player_experience":1265091,"relics_obtained":[{"floor":1.0,"key":"Champion Belt"},{"floor":4.0,"key":"Gremlin Food"},{"floor":6.0,"key":"Strawberry"},{"floor":6.0,"key":"UnicornStump"},{"floor":7.0,"key":"Omamori"},{"floor":8.0,"key":"Simple Rune"},{"floor":8.0,"key":"conspire:DeflatedDodgeball"},{"floor":9.0,"key":"Blood Vial"},{"floor":9.0,"key":"ReplayTheSpireMod:Shallot"},{"floor":14.0,"key":"Meat on the Bone"},{"floor":14.0,"key":"Bag of Preparation"},{"floor":16.0,"key":"Incense Burner"},{"floor":18,"key":"GnawedLeaf"},{"floor":20,"key":"testmod-IndustrialRevolution"},{"floor":22,"key":"MealTicket"},{"floor":23,"key":"Pondfish Scales"},{"floor":23,"key":"Happy Flower"},{"floor":25,"key":"BookOfRevelations"},{"floor":26,"key":"Replay:Bottled Flurry"},{"floor":26,"key":"DoctorsRemote"},{"floor":28,"key":"Potion Belt"},{"floor":30,"key":"Toxic Egg 2"},{"floor":30,"key":"Smiling Mask"},{"floor":33,"key":"Turnip"},{"floor":35,"key":"testmod-Fortitude"},{"floor":38,"key":"Mercury Hourglass"},{"floor":38,"key":"Chameleon Ring"},{"floor":39,"key":"MawBank"},{"floor":42,"key":"Bottled Tornado"},{"floor":43,"key":"ForgetMeNow"},{"floor":43,"key":"ReplayTheSpireMod:Ninjato"},{"floor":44,"key":"Replay:Wax Seal"},{"floor":44,"key":"Letter Opener"},{"floor":46,"key":"testmod-ThousandKnives"},{"floor":47,"key":"Pen Nib"},{"floor":48,"key":"ReplayTheSpireMod:Lightbulb"},{"floor":35,"key":"Kunai"},{"floor":37,"key":"testmod-FatalChain"},{"floor":38,"key":"SalivaCoin"},{"floor":39,"key":"War Paint"},{"floor":40,"key":"Replay:Bandana"},{"floor":40,"key":"Void"},{"floor":41,"key":"testmod-Antiphasic"},{"floor":41,"key":"testmod-Acrobat"},{"floor":43,"key":"Bag of Marbles"},{"floor":43,"key":"testmod-ArcanaOfDestiny"},{"floor":44,"key":"Replay:Towering Pillar of Hats"},{"floor":47,"key":"Frozen Egg 2"},{"floor":47,"key":"Ornamental Fan"},{"floor":48,"key":"Replay:Accelerometer"},{"floor":49,"key":"ReplayTheSpireMod:Spearhead"},{"floor":56,"key":"D4"}],"event_choices":[{"damage_healed":0.0,"max_hp_gain":0.0,"max_hp_loss":0.0,"gold_gain":55.0,"event_name":"Golden Wing","player_choice":"Gained Gold","floor":2.0,"gold_loss":0.0,"damage_taken":0.0},{"damage_healed":0.0,"max_hp_gain":0.0,"max_hp_loss":0.0,"gold_gain":0.0,"event_name":"conspire:Investor","player_choice":"Leave","floor":5.0,"gold_loss":0.0,"damage_taken":0.0},{"damage_healed":0,"gold_gain":400,"player_choice":"Sell","damage_taken":0,"max_hp_gain":0,"max_hp_loss":0,"event_name":"恩洛斯的盘子","floor":36,"relics_lost":["NeowsBlessing"],"gold_loss":0},{"damage_healed":0,"gold_gain":0,"player_choice":"Max HP","damage_taken":0,"max_hp_gain":0,"max_hp_loss":7,"event_name":"Winding Halls","floor":50,"gold_loss":0}],"is_beta":false,"boss_relics":[{"not_picked":["Ectoplasm","conspire:RoyalGoblet"],"picked":"testmod-BatchProcessingSystem"},{"not_picked":[]},{"not_picked":["testmod-Recursion","Snecko Eye"],"picked":"SlaversCollar"},{"not_picked":[]}],"items_purged_floors":[11,29,32,34,37,41,36,51],"is_endless":false,"potions_floor_spawned":[1,8,14,20,23,30,33,39,44,46,48,37,40,41,47],"ascension_level":-20}}