{"host":"o5jvvi5yapo90aia","time":1614443300,"event":{"mods":["BaseMod","CapriCore","Minty Spire (QoL Compilation)","MostiFishMod","Prisma Mod","Spicy Shops","StSLib","TestMod","The Immortal","Yakumo Yukari mod","【人物mod】游戏王New YuGiOh mod","【功能Mod】Neow奖励"],"gold_per_floor":[109,123,48,48,59,90,90,125,152,180,180,190,209,224,224,298,298,309,359,359,371,390,415,415,448,498,498,140,190,190,213,213,304,304,329,361,386,175,175,175,216,216,216,216,216,260,260,260,260,275,301,301,301,84,124,141],"floor_reached":57,"language":"ZHS","playtime":1000,"items_purged":["Defend_P+1","Strike_P+1"],"score":3682,"play_id":"83f4a20a-5ae6-42a7-86fc-ceec58cb6f39","local_time":"20210228002820","is_ascension_mode":true,"campfire_choices":[{"data":"Defend_P","floor":7.0,"key":"PURGE"},{"data":"Pain","floor":15.0,"key":"PURGE"},{"data":"Defend_P+1","floor":24.0,"key":"PURGE"},{"data":"Strike_P+1","floor":27.0,"key":"PURGE"},{"data":"Strike_P+1","floor":32.0,"key":"PURGE"},{"floor":44.0,"key":"RECALL"},{"data":"FearNoEvil","floor":47.0,"key":"SMITH"},{"floor":49.0,"key":"REST"},{"floor":53.0,"key":"REST"}],"circlet_count":0,"master_deck":["AscendersBane","Eruption+1","MostiFishMod:Adaptation+1","MentalFortress+1","FearNoEvil+1","TalkToTheHand"],"relics":["DaveBox","testmod-TestBox","testmod-Temperance","ExusiaiGun","testmod-GiftOfSatan","SynthV:TestCard","Juzu Bracelet","Art of War","Whetstone","WarpedTongs","FeatherPendant","testmod-TheFather","ImprovedEquipment","SynthV:C4","TeardropLocket","testmod-SaigiyounoYou","Membership Card","Akabeko","MealTicket","Omamori","testmod-LifeArmor","Lantern","ThornShield"],"acts_visited":["Exordium","TheCity","TheBeyond","TheEnding"],"potions_floor_usage":[56,56],"damage_taken":[{"damage":4.0,"enemies":"Jaw Worm","floor":1.0,"turns":2.0},{"damage":0.0,"enemies":"Small Slimes","floor":2.0,"turns":2.0},{"damage":0.0,"enemies":"2 Louse","floor":5.0,"turns":1.0},{"damage":0.0,"enemies":"Lagavulin","floor":6.0,"turns":2.0},{"damage":0.0,"enemies":"Gremlin Nob","floor":8.0,"turns":2.0},{"damage":0.0,"enemies":"Lagavulin","floor":10.0,"turns":2.0},{"damage":17.0,"enemies":"Lots of Slimes","floor":12.0,"turns":3.0},{"damage":5.0,"enemies":"Exordium Thugs","floor":13.0,"turns":2.0},{"damage":0.0,"enemies":"Looter","floor":14.0,"turns":1.0},{"damage":0.0,"enemies":"Slime Boss","floor":16.0,"turns":1.0},{"damage":0.0,"enemies":"2 Thieves","floor":18.0,"turns":1.0},{"damage":0.0,"enemies":"Shell Parasite","floor":21.0,"turns":1.0},{"damage":0.0,"enemies":"Centurion and Healer","floor":22.0,"turns":2.0},{"damage":0.0,"enemies":"Gremlin Leader","floor":23.0,"turns":1.0},{"damage":0.0,"enemies":"Book of Stabbing","floor":25.0,"turns":1.0},{"damage":24.0,"enemies":"Snake Plant","floor":31.0,"turns":2.0},{"damage":0.0,"enemies":"Collector","floor":33.0,"turns":1.0},{"damage":0.0,"enemies":"3 Shapes","floor":35.0,"turns":1.0},{"damage":0.0,"enemies":"3 Darklings","floor":36.0,"turns":1.0},{"damage":0.0,"enemies":"Jaw Worm Horde","floor":37.0,"turns":1.0},{"damage":0.0,"enemies":"Reptomancer","floor":41.0,"turns":1.0},{"damage":0.0,"enemies":"Giant Head","floor":46.0,"turns":1.0},{"damage":12.0,"enemies":"Time Eater","floor":50.0,"turns":3.0},{"damage":0.0,"enemies":"Awakened One","floor":51.0,"turns":2.0},{"damage":0,"enemies":"Shield and Spear","floor":55,"turns":1},{"damage":0,"enemies":"The Heart","floor":56,"turns":5}],"seed_played":"7074097216569937249","potions_obtained":[{"floor":5.0,"key":"GamblersBrew"},{"floor":6.0,"key":"Dexterity Potion"},{"floor":22.0,"key":"PowerPotion"}],"is_trial":false,"path_per_floor":["M","M","?","?","M","E","R","E","T","E","?","M","M","M","R","B",null,"M","?","?","M","M","E","R","E","T","R","$","?","?","M","R","B",null,"M","M","M","$","?","$","E","?","T","R","?","E","R","?","R","B","B",null,"R","$","E","B",null],"character_chosen":"WATCHER","items_purchased":["TeardropLocket","Membership Card","TalkToTheHand","testmod-LifeArmor","Lantern","PowerPotion"],"campfire_rested":2,"item_purchase_floors":[28,38,54,54,54,54],"current_hp_per_floor":[57,58,58,58,59,60,60,61,61,62,62,68,64,65,65,85,85,85,85,85,85,85,85,85,85,85,85,85,85,85,61,61,63,80,85,85,92,92,92,92,92,102,102,102,102,102,102,102,102,98,102,102,102,102,102,102],"gold":141,"neow_bonus":"BOSS_RELIC","is_daily":false,"chose_seed":false,"campfire_upgraded":1,"win_rate":0.0,"timestamp":1614443300,"path_taken":["M","M","?","?","M","E","R","E","T","E","?","M","M","M","R","BOSS","M","?","?","M","M","E","R","E","T","R","?","?","?","M","R","BOSS","M","M","M","$","?","$","E","?","T","R","?","E","R","?","R","BOSS","BOSS","R","$","E","BOSS"],"items_purchased_type":["Relic","Relic","Card","Relic","Relic","Potion"],"build_version":"2020-12-22","purchased_purges":2,"victory":true,"max_hp_per_floor":[68,68,68,68,68,68,68,68,68,68,68,80,80,80,80,85,85,85,85,85,85,85,85,85,85,85,85,85,85,85,85,85,85,85,85,85,92,92,92,92,92,102,102,102,102,102,102,102,102,102,102,102,102,102,102,102],"card_choices":[{"not_picked":["Prostrate","SashWhip","EmptyFist"],"picked":"SKIP","floor":1.0},{"not_picked":["BowlingBash","Nirvana","ThirdEye","CrushJoints","CutThroughFate"],"picked":"SKIP","floor":2.0},{"not_picked":["BowlingBash","CrushJoints","MostiFishMod:FlowState","ThirdEye","EmptyFist"],"picked":"SKIP","floor":5.0},{"not_picked":["FollowUp","MostiFishMod:Clarity","Omniscience","LikeWater","Consecrate"],"picked":"SKIP","floor":6.0},{"not_picked":["Protect","PathToVictory","WheelKick","MostiFishMod:StarOceanP","Weave"],"picked":"SKIP","floor":8.0},{"not_picked":["ThirdEye","Halt","SignatureMove","ForeignInfluence"],"picked":"LessonLearned","floor":10.0},{"not_picked":["JustLucky","Protect","ThirdEye","Consecrate","CutThroughFate"],"picked":"SKIP","floor":12.0},{"not_picked":["EmptyBody","Indignation","Perseverance","Consecrate","Prostrate"],"picked":"SKIP","floor":13.0},{"not_picked":["Worship","CutThroughFate","FollowUp","JustLucky","ThirdEye"],"picked":"SKIP","floor":14.0},{"not_picked":["MasterReality","Establishment","MostiFishMod:StarHerder","Alpha"],"picked":"MostiFishMod:Adaptation","floor":16.0},{"not_picked":["CrushJoints","Prostrate","FlyingSleeves","BattleHymn","EmptyFist+1"],"picked":"SKIP","floor":18.0},{"not_picked":["PathToVictory","JustLucky","Fasting2","ReachHeaven","Sanctity+1"],"picked":"SKIP","floor":21.0},{"not_picked":["FlyingSleeves","PathToVictory","Crescendo","BowlingBash","ThirdEye"],"picked":"SKIP","floor":22.0},{"not_picked":["SashWhip","EmptyFist","BowlingBash+1","ClearTheMind+1","Halt"],"picked":"SKIP","floor":23.0},{"not_picked":["Alpha","FlyingSleeves","MostiFishMod:StarLaLaLa","Meditate+1","LikeWater"],"picked":"SKIP","floor":25.0},{"not_picked":["EmptyFist","BowlingBash","Prostrate","SashWhip","Halt+1"],"picked":"SKIP","floor":31.0},{"not_picked":["Worship","Protect","Crescendo","MostiFishMod:FlowState"],"picked":"MentalFortress+1","floor":35.0},{"not_picked":["Worship","ClearTheMind+1","Prostrate","BowlingBash","FlyingSleeves"],"picked":"SKIP","floor":36.0},{"not_picked":["EmptyFist+1","FlyingSleeves","EmptyBody","CutThroughFate"],"picked":"FearNoEvil","floor":37.0},{"not_picked":["Perseverance","Study","Protect","FlurryOfBlows","Crescendo"],"picked":"SKIP","floor":41.0},{"not_picked":["FlurryOfBlows","Study","DevaForm","ThirdEye+1","ForeignInfluence"],"picked":"SKIP","floor":46.0},{"not_picked":["PathToVictory+1","FlyingSleeves+1","Collect","Halt","Protect"],"picked":"SKIP","floor":55}],"player_experience":1596679,"relics_obtained":[{"floor":1.0,"key":"SynthV:TestCard"},{"floor":6.0,"key":"Juzu Bracelet"},{"floor":8.0,"key":"Art of War"},{"floor":10.0,"key":"Whetstone"},{"floor":23.0,"key":"testmod-TheFather"},{"floor":25.0,"key":"ImprovedEquipment"},{"floor":26.0,"key":"SynthV:C4"},{"floor":41.0,"key":"Akabeko"},{"floor":43.0,"key":"MealTicket"},{"floor":46.0,"key":"Omamori"},{"floor":55,"key":"ThornShield"}],"event_choices":[{"cards_removed":["Defend_P"],"damage_healed":0.0,"max_hp_gain":0.0,"max_hp_loss":0.0,"gold_gain":0.0,"event_name":"The Cleric","player_choice":"Card Removal","floor":3.0,"gold_loss":75.0,"damage_taken":0.0},{"damage_healed":0.0,"max_hp_gain":0.0,"max_hp_loss":0.0,"gold_gain":0.0,"event_name":"给自己的盒子","player_choice":"Swap Relic","floor":4.0,"relics_lost":["Orrery"],"gold_loss":0.0,"damage_taken":0.0,"relics_obtained":["Orrery"]},{"damage_healed":0.0,"max_hp_gain":0.0,"max_hp_loss":0.0,"gold_gain":0.0,"event_name":"Accursed Blacksmith","player_choice":"Rummage","floor":11.0,"gold_loss":0.0,"damage_taken":0.0,"relics_obtained":["WarpedTongs"],"cards_obtained":["Pain"]},{"damage_healed":0.0,"max_hp_gain":0.0,"max_hp_loss":0.0,"gold_gain":100.0,"event_name":"The Joust","player_choice":"Bet on Murderer","floor":19.0,"gold_loss":50.0,"damage_taken":0.0},{"damage_healed":0.0,"max_hp_gain":0.0,"max_hp_loss":0.0,"gold_gain":0.0,"event_name":"Upgrade Shrine","player_choice":"Upgraded","floor":20.0,"gold_loss":0.0,"damage_taken":0.0,"cards_upgraded":["Eruption"]},{"damage_healed":0.0,"max_hp_gain":0.0,"max_hp_loss":0.0,"gold_gain":50.0,"event_name":"Nest","player_choice":"Stole From Cult","floor":29.0,"gold_loss":0.0,"damage_taken":0.0},{"damage_healed":0.0,"max_hp_gain":0.0,"max_hp_loss":0.0,"gold_gain":0.0,"event_name":"Ghosts","player_choice":"Ignored","floor":30.0,"gold_loss":0.0,"damage_taken":0.0},{"damage_healed":0.0,"max_hp_gain":0.0,"max_hp_loss":0.0,"gold_gain":0.0,"event_name":"Match and Keep!","player_choice":"1 cards matched","floor":39.0,"gold_loss":0.0,"damage_taken":0.0,"cards_obtained":["Eruption"]},{"cards_removed":["LessonLearned"],"damage_healed":0.0,"max_hp_gain":10.0,"max_hp_loss":0.0,"gold_gain":0.0,"event_name":"Bonfire Elementals","player_choice":"Offered Rare","floor":42.0,"gold_loss":0.0,"damage_taken":0.0},{"cards_removed":["Vigilance"],"damage_healed":0.0,"max_hp_gain":0.0,"max_hp_loss":0.0,"gold_gain":0.0,"event_name":"Falling","player_choice":"Removed Skill","floor":45.0,"gold_loss":0.0,"damage_taken":0.0},{"damage_healed":0.0,"max_hp_gain":0.0,"max_hp_loss":0.0,"gold_gain":0.0,"event_name":"Tomb of Lord Red Mask","player_choice":"Ignored","floor":48.0,"gold_loss":0.0,"damage_taken":0.0}],"is_beta":false,"boss_relics":[{"not_picked":["testmod-TimeTraveler","Pandora\u0027s Box"],"picked":"FeatherPendant"},{"not_picked":["testmod-IncinerationGenerator","testmod-BatchProcessingSystem"],"picked":"testmod-SaigiyounoYou"}],"items_purged_floors":[28,38],"is_endless":false,"potions_floor_spawned":[5,6,8,14,18,22,23,25,36,41,46,55],"ascension_level":20}}