{"host":"d3b2x3wue20uj2ir","time":1614438670,"event":{"mods":["AchievementEnabler","BaseMod","Better Third Choice","BetterRewards","Exacting","FTL Soundtrack","Minty Spire (QoL Compilation)","Shop Mod","StSLib"],"gold_per_floor":[110,110,110,130,146,146,146,174,219,219,219,263,263,288,288,407,407,428,5,28,106,18,18,18,53,53,3,3,3,15,27,27,123,123,153,32,32,44,57,57,57],"floor_reached":40,"language":"ENG","playtime":1678,"items_purged":[],"score":490,"play_id":"08d9738b-112f-47fb-ac5e-1f0a8007477c","local_time":"20210228011110","is_ascension_mode":true,"campfire_choices":[{"floor":6.0,"key":"RECALL"},{"data":"Genetic Algorithm","floor":10.0,"key":"SMITH"},{"floor":15.0,"key":"REST"},{"floor":23.0,"key":"REST"},{"floor":29.0,"key":"REST"},{"floor":32.0,"key":"REST"}],"circlet_count":0,"master_deck":["Strike_B","Strike_B","Strike_B","Strike_B","Defend_B","Defend_B","Defend_B","Defend_B","Zap","Dualcast","Sweeping Beam","Auto Shields","Reprogram","Genetic Algorithm+1","Turbo","Go for the Eyes","Beam Cell","Echo Form","Double Energy+1","Conserve Battery","Meteor Strike","Cold Snap","Madness","Gash+1","Panacea","Hologram","Doom and Gloom","Blizzard","Conserve Battery","Gash","FTL","All For One","Chill+1","Leap","Loop","Stack","Hologram+1"],"relics":["Cracked Core","NeowsBlessing","WarpedTongs","Dream Catcher","Bloody Idol","Vajra","Busted Crown","DataDisk","Question Card","Mummified Hand","Black Star"],"acts_visited":["Exordium","TheCity","TheBeyond"],"potions_floor_usage":[39],"damage_taken":[{"damage":0.0,"enemies":"Jaw Worm","floor":1.0,"turns":1.0},{"damage":0.0,"enemies":"Small Slimes","floor":4.0,"turns":1.0},{"damage":0.0,"enemies":"Cultist","floor":5.0,"turns":1.0},{"damage":2.0,"enemies":"2 Fungi Beasts","floor":8.0,"turns":4.0},{"damage":38.0,"enemies":"Lagavulin","floor":12.0,"turns":10.0},{"damage":28.0,"enemies":"Gremlin Gang","floor":14.0,"turns":6.0},{"damage":13.0,"enemies":"The Guardian","floor":16.0,"turns":10.0},{"damage":12.0,"enemies":"Shell Parasite","floor":18.0,"turns":5.0},{"damage":7.0,"enemies":"2 Thieves","floor":20.0,"turns":3.0},{"damage":44.0,"enemies":"Slavers","floor":25.0,"turns":9.0},{"damage":32.0,"enemies":"Snake Plant","floor":30.0,"turns":6.0},{"damage":10.0,"enemies":"Chosen and Byrds","floor":31.0,"turns":8.0},{"damage":43,"enemies":"Automaton","floor":33,"turns":12},{"damage":61,"enemies":"3 Darklings","floor":35,"turns":7},{"damage":21,"enemies":"Orb Walker","floor":38,"turns":4},{"damage":35,"enemies":"Writhing Mass","floor":39,"turns":6},{"damage":27,"enemies":"Reptomancer","floor":40,"turns":3}],"seed_played":"-3179586970173336070","potions_obtained":[{"floor":1.0,"key":"LiquidBronze"},{"floor":4.0,"key":"Weak Potion"},{"floor":8.0,"key":"EntropicBrew"},{"floor":20.0,"key":"LiquidMemories"},{"floor":38,"key":"SteroidPotion"}],"is_trial":false,"path_per_floor":["M","?","?","M","M","R","?","M","T","R","?","E","?","M","R","B",null,"M","$","M","T","$","R","?","E","T","?","$","R","M","M","R","B",null,"M","$","?","M","M","E"],"character_chosen":"DEFECT","items_purchased":["Conserve Battery","Meteor Strike","DataDisk","Cold Snap","Madness","Panacea","Leap","Loop"],"campfire_rested":4,"item_purchase_floors":[19,19,19,19,19,22,36,36],"current_hp_per_floor":[75,75,75,75,75,75,75,73,73,73,73,35,35,7,29,16,75,63,63,56,56,56,75,75,36,36,36,36,58,31,26,48,10,75,24,24,66,50,20,0,0],"gold":57,"neow_bonus":"THREE_ENEMY_KILL","is_daily":false,"chose_seed":false,"campfire_upgraded":1,"win_rate":0.0,"timestamp":1614438670,"path_taken":["M","?","?","M","M","R","?","?","T","R","?","E","?","M","R","BOSS","M","$","?","?","?","R","?","E","T","?","$","R","?","M","R","BOSS","M","$","?","M","M","E"],"items_purchased_type":["Card","Card","Relic","Card","Card","Card","Card","Card"],"build_version":"2020-12-22","purchased_purges":0,"victory":false,"max_hp_per_floor":[75,75,75,75,75,75,75,75,75,75,75,75,75,75,75,75,75,75,75,75,75,75,75,75,75,75,75,75,75,75,75,75,75,75,75,75,66,66,66,66,66],"card_choices":[{"not_picked":["Reinforced Body","Beam Cell"],"picked":"Sweeping Beam","floor":1.0},{"not_picked":["Aggregate","Recycle"],"picked":"Auto Shields","floor":4.0},{"not_picked":["Capacitor","Beam Cell"],"picked":"Reprogram","floor":5.0},{"not_picked":["Conserve Battery","Cold Snap"],"picked":"Genetic Algorithm","floor":8.0},{"not_picked":["Steam","Streamline"],"picked":"Turbo","floor":12.0},{"not_picked":["Coolheaded","Force Field"],"picked":"Go for the Eyes","floor":14.0},{"not_picked":["Compile Driver","Coolheaded"],"picked":"Beam Cell","floor":15.0},{"not_picked":["Meteor Strike","Core Surge"],"picked":"Echo Form","floor":16.0},{"not_picked":[],"picked":"Double Energy+1","floor":18.0},{"not_picked":[],"picked":"Gash+1","floor":20.0},{"not_picked":[],"picked":"Hologram","floor":23.0},{"not_picked":[],"picked":"Doom and Gloom","floor":25.0},{"not_picked":["Redo+1"],"picked":"Blizzard","floor":29.0},{"not_picked":["Steam"],"picked":"Conserve Battery","floor":30.0},{"not_picked":["Skim"],"picked":"Gash","floor":31.0},{"not_picked":["Heatsinks"],"picked":"FTL","floor":32.0},{"not_picked":["Meteor Strike"],"picked":"All For One","floor":33},{"not_picked":["Compile Driver"],"picked":"Chill+1","floor":35},{"not_picked":["Sunder"],"picked":"Stack","floor":38},{"not_picked":["Barrage"],"picked":"Hologram+1","floor":39}],"player_experience":747964,"relics_obtained":[{"floor":9.0,"key":"Dream Catcher"},{"floor":12.0,"key":"Vajra"},{"floor":25.0,"key":"Question Card"},{"floor":26.0,"key":"Mummified Hand"}],"event_choices":[{"damage_healed":0.0,"max_hp_gain":0.0,"max_hp_loss":0.0,"gold_gain":0.0,"event_name":"The Cleric","player_choice":"Leave","floor":2.0,"gold_loss":0.0,"damage_taken":0.0},{"damage_healed":0.0,"max_hp_gain":0.0,"max_hp_loss":0.0,"gold_gain":0.0,"event_name":"Golden Wing","player_choice":"Ignored","floor":3.0,"gold_loss":0.0,"damage_taken":0.0},{"damage_healed":0.0,"max_hp_gain":0.0,"max_hp_loss":0.0,"gold_gain":0.0,"event_name":"Accursed Blacksmith","player_choice":"Rummage","floor":7.0,"gold_loss":0.0,"damage_taken":0.0,"relics_obtained":["WarpedTongs"],"cards_obtained":["Pain"]},{"damage_healed":0.0,"max_hp_gain":0.0,"max_hp_loss":0.0,"gold_gain":0.0,"event_name":"Golden Idol","player_choice":"Take Wound","floor":11.0,"gold_loss":0.0,"damage_taken":0.0,"relics_obtained":["Golden Idol"],"cards_obtained":["Injury"]},{"cards_removed":["Injury","Pain"],"damage_healed":0.0,"max_hp_gain":0.0,"max_hp_loss":0.0,"gold_gain":0.0,"event_name":"Fountain of Cleansing","player_choice":"Removed Curses","floor":13.0,"gold_loss":0.0,"damage_taken":0.0},{"damage_healed":0.0,"max_hp_gain":0.0,"max_hp_loss":0.0,"gold_gain":0.0,"event_name":"Forgotten Altar","player_choice":"Gave Idol","floor":24.0,"relics_lost":["Golden Idol"],"gold_loss":0.0,"damage_taken":0.0,"relics_obtained":["Bloody Idol"]},{"damage_healed":0.0,"max_hp_gain":0.0,"max_hp_loss":0.0,"gold_gain":0.0,"event_name":"The Joust","player_choice":"Bet on Murderer","floor":27.0,"gold_loss":50.0,"damage_taken":0.0},{"damage_healed":66,"gold_gain":0,"player_choice":"Heal","damage_taken":0,"max_hp_gain":0,"max_hp_loss":9,"event_name":"The Moai Head","floor":37,"gold_loss":0}],"is_beta":false,"boss_relics":[{"not_picked":["Empty Cage","Sozu"],"picked":"Busted Crown"},{"not_picked":["Velvet Choker","Nuclear Battery"],"picked":"Black Star"}],"items_purged_floors":[],"is_endless":false,"potions_floor_spawned":[1,4,8,20,38],"killed_by":"Reptomancer","ascension_level":3}}