{"host":"rs1c3lkx7vj3kohb","time":1614430142,"event":{"mods":["Act Like it!","BaseMod","BetterRewards","Chen","Colored Map","Colored Powertips","Friendly Minions","Gensokyo","Gremlin Mod","Hermit","Hero for Fun","KinomotoSakuraMod(ƒæ÷Æ±æ”£)","Koishi","KomeijiMod","Luminous","Marisa£®ÏF”Í°°ƒß¿Ì…≥£©","Minty Spire (QoL Compilation)","Onozuka Komachi Mod","Prisma Mod","Quick Restart","Reimu£®≤©¿ˆ¡È√Œ£©","Remilia£®¿Ÿ√◊¿Ú—«£©","Shop Mod","StSLib","The Administrix","The Alterego","The Cursed","The Senshi","The Servant 0.9.4","Waifu the Spire","WarShipGirlsR/’ΩΩ¢…Ÿ≈ÆR mod","Yakumo Yukari mod","Yohane!","Youmu£®ªÍ∆«—˝√Œ£©","Yuri Mod","Yuyuko"],"gold_per_floor":[109,109,109,125,125,156,156,172,172,187,215,294,117,117,117,222,222,233,245,245,255,272,297,297,324,378,388,71,85,85,102,102,205,205,221,221,96,113,126,126,159,175,175,3,35,135,135,148,148,148,148,148,148,180,180],"floor_reached":56,"language":"ZHS","playtime":4483,"items_purged":["PrismaMod:IllyaCommonAttack","PrismaMod:IllyaCommonAttack","PrismaMod:IllyaCommonDefend","PrismaMod:IllyaCommonDefend"],"score":1632,"play_id":"34c97ce7-41f1-498f-8df8-bb2b2f32c79c","local_time":"20210227204902","is_ascension_mode":false,"campfire_choices":[{"data":"PrismaMod:IllyaUberChannel","floor":7,"key":"SMITH"},{"data":"PrismaMod:IllyaUncommonDefend","floor":15,"key":"SMITH"},{"data":"PrismaMod:IllyaUberChannel","floor":24,"key":"SMITH"},{"data":"Apotheosis","floor":30,"key":"SMITH"},{"floor":32,"key":"RECALL"},{"data":"PrismaMod:IllyaGrail","floor":40,"key":"SMITH"},{"data":"PrismaMod:IllyaGrail","floor":47,"key":"SMITH"},{"data":"PrismaMod:IllyaSaphire","floor":49,"key":"SMITH"},{"data":"PrismaMod:IllyaSaphire","floor":52,"key":"SMITH"}],"circlet_count":0,"master_deck":["PrismaMod:IllyaCommonDefend+1","PrismaMod:IllyaCommonDefend+1","PrismaMod:IllyaUncommonAttack+1","PrismaMod:IllyaUncommonDefend","PrismaMod:IllyaUberChannel+1","PrismaMod:IllyaBerserCAR+1","PrismaMod:IllyaReinForce","PrismaMod:IllyaInstallForeigner","PrismaMod:IllyaUberChannel+1","PrismaMod:IllyaUncommonDefend+1","PrismaMod:IllyaSaphire+1","PrismaMod:IllyaCommandSeal","PrismaMod:IllyaSaphire+1","PrismaMod:IllyaStunPoison+1","PrismaMod:IllyaUncommonDefend+1","Bite+1","Bite+1","Bite+1","Bite+1","Bite+1","PrismaMod:IllyaUberPoisonChannel","PrismaMod:IllyaAssassinRevenge+1","PrismaMod:IllyaStunPoison+1","Apotheosis+1","PrismaMod:IllyaGrail+1","PrismaMod:IllyaUberPoisonChannel","PrismaMod:IllyaGrail+1","PrismaMod:IllyaStunPoison+1","PrismaMod:IllyaGrail+1"],"relics":["PrismaMod:PrismaRuby","Pocketwatch","Prayer Wheel","Gremlin Horn","Molten Egg 2","Mummified Hand","RedLine:ReiMu","Potion Belt","Lizard Tail","Juzu Bracelet","Lantern","Busted Crown","Anchor","Blue Candle","yuri:PortableGlitches","Whetstone"],"acts_visited":["Exordium","TheCity","TheBeyond","TheEnding"],"potions_floor_usage":[55,55,55,55,55],"damage_taken":[{"damage":0,"enemies":"2 Louse","floor":1,"turns":4},{"damage":6,"enemies":"Small Slimes","floor":4,"turns":4},{"damage":3,"enemies":"Lagavulin","floor":6,"turns":7},{"damage":0,"enemies":"Cultist","floor":8,"turns":4},{"damage":3,"enemies":"Exordium Wildlife","floor":10,"turns":4},{"damage":0,"enemies":"Gremlin Nob","floor":11,"turns":4},{"damage":3,"enemies":"Hexaghost","floor":16,"turns":7},{"damage":4,"enemies":"Chosen","floor":18,"turns":4},{"damage":5,"enemies":"2 Thieves","floor":19,"turns":3},{"damage":7,"enemies":"Snake Plant","floor":21,"turns":8},{"damage":0,"enemies":"Cultist and Chosen","floor":22,"turns":4},{"damage":23,"enemies":"Slavers","floor":23,"turns":5},{"damage":0,"enemies":"Gremlin Leader","floor":25,"turns":5},{"damage":0,"enemies":"Chosen and Byrds","floor":27,"turns":3},{"damage":2,"enemies":"3 Cultists","floor":29,"turns":4},{"damage":0,"enemies":"Cultist and Chosen","floor":31,"turns":4},{"damage":0,"enemies":"Champ","floor":33,"turns":9},{"damage":0,"enemies":"Orb Walker","floor":35,"turns":3},{"damage":8,"enemies":"3 Darklings","floor":38,"turns":3},{"damage":0,"enemies":"Spire Growth","floor":39,"turns":3},{"damage":19,"enemies":"Nemesis","floor":41,"turns":5},{"damage":0,"enemies":"Maw","floor":42,"turns":5},{"damage":0,"enemies":"Reptomancer","floor":45,"turns":3},{"damage":0,"enemies":"Sphere and 2 Shapes","floor":48,"turns":3},{"damage":17,"enemies":"Awakened One","floor":50,"turns":10},{"damage":0,"enemies":"Shield and Spear","floor":54,"turns":4},{"damage":26,"enemies":"The Heart","floor":55,"turns":6}],"seed_played":"-7198605122170908806","potions_obtained":[{"floor":1,"key":"ZuzhouPotion:ReiMu"},{"floor":4,"key":"Swift Potion"},{"floor":16,"key":"Strength Potion"},{"floor":18,"key":"FearPotion"},{"floor":31,"key":"PowerPotion"},{"floor":38,"key":"EssenceOfSteel"},{"floor":39,"key":"Regen Potion"},{"floor":41,"key":"Strength Potion"}],"is_trial":false,"path_per_floor":["M","?","?","M","?","E","R","M","T","M","E","T","$","?","R","B",null,"M","M","?","M","M","E","R","E","T","M","$","M","R","M","R","B",null,"M","?","$","M","M","R","E","M","T","$","E","?","R","M","R","B",null,"R","$","E","B",null],"character_chosen":"ILLYA","items_purchased":["PrismaMod:IllyaUberChannel","PrismaMod:IllyaBerserCAR","Prayer Wheel","PrismaMod:IllyaCommandSeal","Apotheosis","Lantern","PrismaMod:IllyaStunPoison+1"],"campfire_rested":0,"item_purchase_floors":[0,0,0,13,28,28,44],"current_hp_per_floor":[43,48,48,42,42,39,39,39,39,36,36,36,36,20,20,20,80,79,74,56,56,56,39,39,54,54,56,56,56,56,56,56,56,56,56,56,56,56,56,56,46,56,56,56,56,56,56,56,56,45,56,56,56,56,41],"gold":180,"neow_bonus":"","is_daily":false,"chose_seed":false,"campfire_upgraded":8,"win_rate":0.0,"timestamp":1614430142,"path_taken":["M","?","?","M","?","E","R","M","T","?","E","?","$","?","R","BOSS","M","M","?","M","M","E","R","E","T","M","$","M","R","M","R","BOSS","M","?","$","M","M","R","E","M","T","?","E","?","R","M","R","BOSS","R","$","E","BOSS"],"items_purchased_type":["Card","Card","Relic","Card","Card","Relic","Card"],"build_version":"2020-12-22","purchased_purges":4,"victory":true,"max_hp_per_floor":[75,80,80,80,80,80,80,80,80,80,80,80,80,80,80,80,80,80,80,56,56,56,56,56,56,56,56,56,56,56,56,56,56,56,56,56,56,56,56,56,56,56,56,56,56,56,56,56,56,56,56,56,56,56,56],"card_choices":[{"not_picked":["PrismaMod:IllyaTestament","PrismaMod:IllyaCheapChannelDefend"],"picked":"PrismaMod:IllyaReinForce","floor":1},{"not_picked":["PrismaMod:IllyaFeed","PrismaMod:IllyaFriendMaker","PrismaMod:IllyaMinorReinForce"],"picked":"SKIP","floor":1},{"not_picked":[],"picked":"PrismaMod:IllyaInstallForeigner","floor":3},{"not_picked":["PrismaMod:IllyaFeed","PrismaMod:IllyaMinorReinForce","PrismaMod:IllyaCheapChannelDefend"],"picked":"SKIP","floor":4},{"not_picked":["PrismaMod:IllyaGun","PrismaMod:IllyaDetonatingBlow","PrismaMod:IllyaEvokeAll"],"picked":"SKIP","floor":4},{"not_picked":["PrismaMod:IllyaBlindPoisonToss","PrismaMod:IllyaUberPoisonBlock","PrismaMod:IllyaMinorReinForce"],"picked":"SKIP","floor":6},{"not_picked":["PrismaMod:IllyaRussianRoulette","PrismaMod:IllyaHassanGift"],"picked":"PrismaMod:IllyaUberChannel","floor":8},{"not_picked":["PrismaMod:IllyaBlindPoisonToss","PrismaMod:IllyaCheapChannelDefend","PrismaMod:IllyaMaid"],"picked":"SKIP","floor":8},{"not_picked":["PrismaMod:IllyaRubysPotion","PrismaMod:IllyaUncommonAttack"],"picked":"PrismaMod:IllyaUncommonDefend","floor":10},{"not_picked":["PrismaMod:IllyaPartialInstallAssassin","PrismaMod:IllyaFriendMaker","PrismaMod:IllyaInstallBerserker"],"picked":"SKIP","floor":10},{"not_picked":["PrismaMod:IllyaFriendMaker+1","PrismaMod:IllyaPoisonBomb+1"],"picked":"PrismaMod:IllyaSaphire","floor":11},{"not_picked":["PrismaMod:IllyaCommonEvoke+1","PrismaMod:IllyaAssassinRevenge"],"picked":"PrismaMod:IllyaSaphire","floor":18},{"not_picked":["PrismaMod:IllyaUncommonDefend","PrismaMod:IllyaDetonatingBlow+1","PrismaMod:IllyaDevil+1"],"picked":"SKIP","floor":18},{"not_picked":["PrismaMod:IllyaRussianRoulette+1","PrismaMod:IllyaUncommonAOEAttack+1"],"picked":"PrismaMod:IllyaStunPoison+1","floor":19},{"not_picked":["PrismaMod:IllyaRubysPotion","PrismaMod:IllyaDetonatingBlow+1"],"picked":"PrismaMod:IllyaUncommonDefend+1","floor":19},{"not_picked":["PrismaMod:IllyaGrailKun+1","PrismaMod:IllyaBlindPoisonToss"],"picked":"PrismaMod:IllyaUberPoisonChannel","floor":21},{"not_picked":["PrismaMod:IllyaAssassinRevenge+1","PrismaMod:IllyaMinorReinForce","PrismaMod:IllyaMinorRapidFire+1"],"picked":"SKIP","floor":21},{"not_picked":["PrismaMod:IllyaMinorReinForce","PrismaMod:IllyaMinorRapidFire+1"],"picked":"PrismaMod:IllyaAssassinRevenge+1","floor":21},{"not_picked":["PrismaMod:IllyaRussianRoulette","PrismaMod:IllyaFeed+1","PrismaMod:IllyaUncommonAttack+1"],"picked":"SKIP","floor":22},{"not_picked":["PrismaMod:IllyaDevil+1","PrismaMod:IllyaPartialInstallAssassin","PrismaMod:IllyaCheapChannelDefend"],"picked":"SKIP","floor":22},{"not_picked":["PrismaMod:IllyaRubysPotion","PrismaMod:IllyaAlice","PrismaMod:IllyaCheapChannelDefend"],"picked":"SKIP","floor":23},{"not_picked":["PrismaMod:IllyaCheapChannelDefend","PrismaMod:IllyaPoisoningPhantasm+1","PrismaMod:IllyaPoisonBlock"],"picked":"SKIP","floor":25},{"not_picked":["PrismaMod:IllyaPartialInstallAssassin","PrismaMod:IllyaReinForce+1"],"picked":"PrismaMod:IllyaStunPoison+1","floor":27},{"not_picked":["PrismaMod:IllyaUncommonDefend","PrismaMod:IllyaDualEvoke+1","PrismaMod:IllyaRubysPotion"],"picked":"SKIP","floor":27},{"not_picked":["PrismaMod:IllyaGun+1","PrismaMod:IllyaCheapChannelAttack"],"picked":"PrismaMod:IllyaGrail","floor":29},{"not_picked":["PrismaMod:IllyaInstallMoonCancer","PrismaMod:IllyaMinorRapidFire+1","PrismaMod:IllyaCheapChannelPoison"],"picked":"SKIP","floor":29},{"not_picked":["PrismaMod:IllyaCheapChannelDefend","PrismaMod:IllyaStunPoison+1","PrismaMod:IllyaBlindPoisonToss"],"picked":"SKIP","floor":31},{"not_picked":["PrismaMod:IllyaFeed+1","PrismaMod:IllyaCheapChannelPoison","PrismaMod:IllyaGrailKun"],"picked":"SKIP","floor":31},{"not_picked":["PrismaMod:IllyaZwei","PrismaMod:IllyaInstallRider"],"picked":"PrismaMod:IllyaUberPoisonChannel","floor":33},{"not_picked":["PrismaMod:IllyaReinForce"],"picked":"SKIP","floor":35},{"not_picked":["PrismaMod:IllyaCheapAttack+1"],"picked":"SKIP","floor":35},{"not_picked":["PrismaMod:IllyaRubysPotion"],"picked":"SKIP","floor":38},{"not_picked":["PrismaMod:IllyaMaid"],"picked":"SKIP","floor":38},{"not_picked":["PrismaMod:IllyaCheapChannelPoison+1"],"picked":"SKIP","floor":39},{"not_picked":["PrismaMod:IllyaUncommonEvoke+1"],"picked":"SKIP","floor":39},{"not_picked":["PrismaMod:IllyaGrailKun+1"],"picked":"SKIP","floor":41},{"not_picked":["PrismaMod:IllyaFriendMaker+1"],"picked":"SKIP","floor":42},{"not_picked":["PrismaMod:IllyaUberPoisonBlock"],"picked":"SKIP","floor":42},{"not_picked":["PrismaMod:IllyaInstallLancer"],"picked":"SKIP","floor":45},{"not_picked":[],"picked":"PrismaMod:IllyaGrail+1","floor":48},{"not_picked":["PrismaMod:IllyaUncommonDefend"],"picked":"SKIP","floor":48},{"not_picked":["PrismaMod:IllyaPoisonBomb+1"],"picked":"SKIP","floor":54}],"player_experience":499463,"relics_obtained":[{"floor":6,"key":"Gremlin Horn"},{"floor":11,"key":"Molten Egg 2"},{"floor":12,"key":"Mummified Hand"},{"floor":23,"key":"Potion Belt"},{"floor":25,"key":"Lizard Tail"},{"floor":26,"key":"Juzu Bracelet"},{"floor":41,"key":"Anchor"},{"floor":43,"key":"Blue Candle"},{"floor":45,"key":"yuri:PortableGlitches"},{"floor":54,"key":"Whetstone"}],"event_choices":[{"damage_healed":0,"gold_gain":0,"player_choice":"Donut","damage_taken":0,"max_hp_gain":5,"max_hp_loss":0,"event_name":"Big Fish","floor":2,"gold_loss":0},{"cards_removed":["PrismaMod:IllyaCommonDefend"],"damage_healed":0,"gold_gain":0,"player_choice":"Purged","damage_taken":0,"max_hp_gain":0,"max_hp_loss":0,"event_name":"Purifier","floor":5,"gold_loss":0},{"damage_healed":0,"gold_gain":0,"player_choice":"Entered Light","damage_taken":16,"max_hp_gain":0,"max_hp_loss":0,"event_name":"Shining Light","floor":14,"gold_loss":0,"cards_upgraded":["PrismaMod:IllyaCommonDefend","PrismaMod:IllyaCommonDefend"]},{"damage_healed":0,"gold_gain":0,"player_choice":"Became a vampire","damage_taken":0,"max_hp_gain":0,"max_hp_loss":24,"event_name":"Vampires","floor":20,"gold_loss":0,"cards_obtained":["Bite","Bite","Bite","Bite","Bite"]},{"damage_healed":0,"gold_gain":0,"player_choice":"Copied","damage_taken":0,"max_hp_gain":0,"max_hp_loss":0,"event_name":"Duplicator","floor":36,"gold_loss":0,"cards_obtained":["PrismaMod:IllyaGrail"]},{"damage_healed":0,"gold_gain":100,"player_choice":"Pray","damage_taken":0,"max_hp_gain":0,"max_hp_loss":0,"event_name":"Golden Shrine","floor":46,"gold_loss":0}],"is_beta":false,"boss_relics":[{"not_picked":["Velvet Choker","Runic Pyramid"],"picked":"RedLine:ReiMu"},{"not_picked":["Sozu","Empty Cage"],"picked":"Busted Crown"}],"items_purged_floors":[0,13,37,44],"is_endless":false,"potions_floor_spawned":[1,4,16,18,19,21,31,38,39,41,54],"ascension_level":0}}