{"host":"2qfohm8bsxttcnym","time":1614460046,"event":{"mods":["BaseMod","Colored Powertips","Minty Spire (QoL Compilation)","Relic Stats"],"gold_per_floor":[116,116,132,132,207,240,240,256,282,282,282],"floor_reached":10,"language":"ENG","playtime":1104,"items_purged":[],"score":66,"play_id":"884e450b-0cf8-49e8-ac39-5851a448125a","local_time":"20210227220726","is_ascension_mode":false,"campfire_choices":[{"floor":7,"key":"REST"}],"circlet_count":0,"master_deck":["Strike_G","Strike_G","Strike_G","Strike_G","Strike_G","Defend_G","Defend_G","Defend_G","Defend_G","Defend_G","Survivor","Neutralize","Flying Knee","Injury","Deadly Poison","Slice","Dagger Spray"],"relics":["Ring of the Snake","Golden Idol","Nunchaku","Bag of Preparation"],"acts_visited":["Exordium"],"potions_floor_usage":[10,10],"damage_taken":[{"damage":3,"enemies":"Small Slimes","floor":1,"turns":5},{"damage":2,"enemies":"2 Louse","floor":3,"turns":3},{"damage":44,"enemies":"Gremlin Nob","floor":6,"turns":6},{"damage":4,"enemies":"Jaw Worm","floor":8,"turns":4},{"damage":36,"enemies":"Lagavulin","floor":10,"turns":6}],"seed_played":"5770658994193280943","potions_obtained":[{"floor":6,"key":"PowerPotion"},{"floor":8,"key":"FearPotion"}],"is_trial":false,"path_per_floor":["M","?","M","?","?","E","R","M","T","E"],"character_chosen":"THE_SILENT","items_purchased":[],"campfire_rested":1,"item_purchase_floors":[],"current_hp_per_floor":[67,67,65,65,54,10,31,27,27,0,0],"gold":282,"neow_bonus":"THREE_CARDS","is_daily":false,"chose_seed":false,"campfire_upgraded":0,"win_rate":0.0,"timestamp":1614460046,"path_taken":["M","?","M","?","?","E","R","M","T","E"],"items_purchased_type":[],"build_version":"2020-12-22","purchased_purges":0,"victory":false,"max_hp_per_floor":[70,70,70,70,70,70,70,70,70,70,70],"relic_stats":{"Nunchaku":[2],"counters":[5,24],"Golden Idol":13,"Bag of Preparation":[2],"obtain_stats":[{"Nunchaku":6,"Golden Idol":2,"Bag of Preparation":9,"Ring of the Snake":0},{"Nunchaku":3,"Golden Idol":1,"Bag of Preparation":4,"Ring of the Snake":0},{"Nunchaku":14,"Golden Idol":5,"Bag of Preparation":18,"Ring of the Snake":0}],"Ring of the Snake":[10]},"card_choices":[{"not_picked":["Caltrops","Poisoned Stab"],"picked":"Backstab","floor":0.0},{"not_picked":["Heel Hook","Flechettes"],"picked":"Flying Knee","floor":1},{"not_picked":["Flying Knee","Bane"],"picked":"Deadly Poison","floor":3},{"not_picked":["Prepared","Riddle With Holes"],"picked":"Slice","floor":6},{"not_picked":["Flechettes","Malaise"],"picked":"Dagger Spray","floor":8}],"player_experience":61455,"relics_obtained":[{"floor":6,"key":"Nunchaku"},{"floor":9,"key":"Bag of Preparation"}],"event_choices":[{"damage_healed":0,"gold_gain":0,"player_choice":"Take Wound","damage_taken":0,"relics_obtained":["Golden Idol"],"max_hp_gain":0,"max_hp_loss":0,"event_name":"Golden Idol","floor":2,"gold_loss":0,"cards_obtained":["Injury"]},{"damage_healed":0,"gold_gain":0,"player_choice":"Ignored","damage_taken":0,"max_hp_gain":0,"max_hp_loss":0,"event_name":"Liars Game","floor":4,"gold_loss":0},{"damage_healed":0,"gold_gain":75,"player_choice":"Gather Gold","damage_taken":11,"max_hp_gain":0,"max_hp_loss":0,"event_name":"World of Goop","floor":5,"gold_loss":0}],"is_beta":false,"boss_relics":[],"items_purged_floors":[],"is_endless":false,"potions_floor_spawned":[6,8],"killed_by":"Lagavulin","ascension_level":0}}