{"host":"0v07cr0k93jhgkpm","time":1614441969,"event":{"mods":["BaseMod","Colored Map","DeckTracker","Minty Spire (QoL Compilation)","Quick Restart","SuperFastMode"],"gold_per_floor":[110,125,125,50,50,50,65,92,92,117,117,135,160,170,170,241,241,254,90,104,104,104,129,129,164,164,0,20,20,20,20],"floor_reached":30,"language":"KOR","playtime":952,"items_purged":["Strike_P"],"score":772,"play_id":"5b115361-2a5d-4e02-a3bd-21e2d2e6527a","local_time":"20210228010609","is_ascension_mode":true,"campfire_choices":[{"data":"Eruption","floor":6,"key":"SMITH"},{"floor":11,"key":"REST"},{"data":"SashWhip","floor":15,"key":"SMITH"},{"data":"Adaptation","floor":24,"key":"SMITH"}],"circlet_count":0,"master_deck":["AscendersBane","Strike_P","Strike_P","Strike_P","Defend_P","Eruption+1","Vigilance","Ragnarok","FlurryOfBlows","Prostrate","SashWhip+1","DeusExMachina","Halt","Perseverance","FearNoEvil","EmptyFist","Devotion","EmptyMind","Adaptation+1","Worship+1"],"relics":["PureWater","Kunai","Yang","Thread and Needle","MealTicket","Runic Pyramid","Damaru","Toxic Egg 2","Peace Pipe","TungstenRod","Ornamental Fan"],"acts_visited":["Exordium","TheCity"],"potions_floor_usage":[23,25,25],"damage_taken":[{"damage":4,"enemies":"Jaw Worm","floor":1,"turns":2},{"damage":11,"enemies":"Small Slimes","floor":2,"turns":3},{"damage":0,"enemies":"Cultist","floor":7,"turns":3},{"damage":28,"enemies":"3 Sentries","floor":8,"turns":8},{"damage":0,"enemies":"Gremlin Nob","floor":10,"turns":2},{"damage":0,"enemies":"3 Louse","floor":12,"turns":2},{"damage":0,"enemies":"3 Sentries","floor":13,"turns":4},{"damage":0,"enemies":"Large Slime","floor":14,"turns":2},{"damage":0,"enemies":"Hexaghost","floor":16,"turns":9},{"damage":0,"enemies":"Chosen","floor":18,"turns":6},{"damage":0,"enemies":"2 Thieves","floor":20,"turns":4},{"damage":19,"enemies":"Book of Stabbing","floor":23,"turns":5},{"damage":34,"enemies":"Slavers","floor":25,"turns":4},{"damage":37,"enemies":"Snake Plant","floor":28,"turns":2},{"damage":5,"enemies":"Gremlin Leader","floor":30,"turns":1}],"seed_played":"-8197579703272784150","potions_obtained":[{"floor":2,"key":"Weak Potion"},{"floor":7,"key":"SkillPotion"},{"floor":23,"key":"Energy Potion"},{"floor":25,"key":"FairyPotion"}],"is_trial":false,"path_per_floor":["M","M","?","$","?","R","M","E","T","E","R","M","E","M","R","B",null,"M","$","M","T","?","E","R","E","T","?","M","?","E"],"character_chosen":"WATCHER","items_purchased":["Damaru"],"campfire_rested":1,"item_purchase_floors":[19],"current_hp_per_floor":[57,46,39,39,39,39,39,11,11,11,29,29,29,29,29,29,54,54,62,62,62,62,43,43,9,9,9,3,3,0,0],"gold":20,"neow_bonus":"THREE_RARE_CARDS","is_daily":false,"chose_seed":false,"campfire_upgraded":3,"win_rate":0.0,"timestamp":1614441969,"path_taken":["M","M","?","$","?","R","M","E","T","E","R","M","E","M","R","BOSS","M","$","M","?","?","E","R","E","T","?","M","?","E"],"items_purchased_type":["Relic"],"build_version":"2020-12-22","purchased_purges":1,"victory":false,"max_hp_per_floor":[62,62,62,62,62,62,62,62,62,62,62,62,62,62,62,62,62,62,62,62,62,62,62,62,62,62,62,62,62,62,62],"card_choices":[{"not_picked":["Judgement","Establishment"],"picked":"Ragnarok","floor":0},{"not_picked":["ThirdEye","Collect"],"picked":"FlurryOfBlows","floor":1},{"not_picked":["FlurryOfBlows","Worship"],"picked":"Prostrate","floor":2},{"not_picked":["FlyingSleeves","FlurryOfBlows"],"picked":"SashWhip","floor":7},{"not_picked":["Prostrate","Weave"],"picked":"DeusExMachina","floor":8},{"not_picked":["Evaluate","ThirdEye"],"picked":"Halt","floor":10},{"not_picked":["Evaluate","ThirdEye"],"picked":"Perseverance","floor":12},{"not_picked":["Weave","Halt"],"picked":"FearNoEvil","floor":13},{"not_picked":["Halt","CrushJoints"],"picked":"EmptyFist","floor":14},{"not_picked":["Blasphemy","ConjureBlade"],"picked":"Devotion","floor":16},{"not_picked":["Wireheading","Consecrate"],"picked":"EmptyMind","floor":18},{"not_picked":["ForeignInfluence+1","Protect","Meditate+1"],"picked":"SKIP","floor":20},{"not_picked":["JustLucky+1","Evaluate+1"],"picked":"Adaptation","floor":23},{"not_picked":["FlyingSleeves+1","Meditate+1","Evaluate+1"],"picked":"SKIP","floor":25},{"not_picked":["BowlingBash","ClearTheMind+1"],"picked":"Worship+1","floor":28}],"player_experience":2522358,"relics_obtained":[{"floor":8,"key":"Kunai"},{"floor":9,"key":"Yang"},{"floor":10,"key":"Thread and Needle"},{"floor":13,"key":"MealTicket"},{"floor":21,"key":"Toxic Egg 2"},{"floor":23,"key":"Peace Pipe"},{"floor":25,"key":"TungstenRod"},{"floor":26,"key":"Ornamental Fan"}],"event_choices":[{"cards_removed":["Defend_P"],"damage_healed":0,"gold_gain":0,"player_choice":"Card Removal","damage_taken":7,"max_hp_gain":0,"max_hp_loss":0,"event_name":"Golden Wing","floor":3,"gold_loss":0},{"cards_removed":["Defend_P"],"damage_healed":0,"gold_gain":0,"player_choice":"Purged","damage_taken":0,"max_hp_gain":0,"max_hp_loss":0,"event_name":"Purifier","floor":5,"gold_loss":0},{"cards_removed":["Defend_P"],"damage_healed":0,"gold_gain":0,"player_choice":"Elegance","damage_taken":0,"max_hp_gain":0,"max_hp_loss":0,"event_name":"Back to Basics","floor":22,"gold_loss":0},{"damage_healed":0,"gold_gain":0,"player_choice":"Paid Fearfully","damage_taken":0,"max_hp_gain":0,"max_hp_loss":0,"event_name":"Masked Bandits","floor":27,"gold_loss":164},{"damage_healed":0,"gold_gain":0,"player_choice":"Ignored","damage_taken":0,"max_hp_gain":0,"max_hp_loss":0,"event_name":"Ghosts","floor":29,"gold_loss":0}],"is_beta":false,"boss_relics":[{"not_picked":["SlaversCollar","Fusion Hammer"],"picked":"Runic Pyramid"}],"items_purged_floors":[4],"is_endless":false,"potions_floor_spawned":[2,7,8,13,23,25],"killed_by":"Gremlin Leader","ascension_level":20}}