{"host":"31s8hzukbhz1k6i6","time":1614388644,"event":{"mods":["AchievementEnabler","BaseMod","Bestiary","Colored Map","Filter the Spire","Minty Spire (QoL Compilation)","Relic Stats"],"gold_per_floor":[114,3,3,14,24,54,54,83,108,126,126,141,176,226,226,226,226],"floor_reached":16,"language":"ENG","playtime":877,"items_purged":[],"score":240,"play_id":"98a449f3-ff3c-4548-9064-98e2bfdf8dfc","local_time":"20210226171724","is_ascension_mode":true,"campfire_choices":[{"floor":7,"key":"REST"},{"floor":11,"key":"REST"},{"data":"Footwork","floor":15,"key":"SMITH"}],"circlet_count":0,"master_deck":["AscendersBane","Strike_G","Strike_G","Strike_G","Strike_G","Strike_G","Defend_G","Defend_G","Defend_G","Defend_G","Defend_G","Survivor","Neutralize","Cloak And Dagger","Dagger Throw","Footwork+1","Burst","Backstab","Poisoned Stab","Dagger Throw","Endless Agony","Venomology","PiercingWail"],"relics":["Ring of the Snake","NeowsBlessing","MealTicket","Oddly Smooth Stone","Centennial Puzzle","Eternal Feather","Strawberry"],"acts_visited":["Exordium"],"potions_floor_usage":[6,10,12,16,16],"damage_taken":[{"damage":0,"enemies":"Cultist","floor":1,"turns":1},{"damage":0,"enemies":"Jaw Worm","floor":4,"turns":1},{"damage":0,"enemies":"2 Louse","floor":5,"turns":1},{"damage":41,"enemies":"Gremlin Nob","floor":6,"turns":5},{"damage":24,"enemies":"3 Sentries","floor":8,"turns":13},{"damage":6,"enemies":"Lots of Slimes","floor":10,"turns":5},{"damage":0,"enemies":"Gremlin Gang","floor":12,"turns":3},{"damage":29,"enemies":"Lagavulin","floor":13,"turns":10},{"damage":25,"enemies":"Hexaghost","floor":16,"turns":14}],"seed_played":"-2023224031113020876","potions_obtained":[{"floor":4,"key":"Weak Potion"},{"floor":6,"key":"Fruit Juice"},{"floor":10,"key":"GamblersBrew"}],"is_trial":false,"path_per_floor":["M","$","?","M","M","E","R","E","T","M","R","M","E","T","R","B"],"character_chosen":"THE_SILENT","items_purchased":["Dagger Throw","DuplicationPotion"],"campfire_rested":2,"item_purchase_floors":[2,2],"current_hp_per_floor":[59,59,59,59,59,18,37,13,13,12,33,33,4,11,23,0,0],"gold":226,"neow_bonus":"THREE_ENEMY_KILL","is_daily":false,"chose_seed":false,"campfire_upgraded":1,"win_rate":0.0,"timestamp":1614388644,"path_taken":["M","$","?","M","?","E","R","E","T","M","R","M","E","?","R","BOSS"],"items_purchased_type":["Card","Potion"],"build_version":"2020-12-22","purchased_purges":0,"victory":false,"max_hp_per_floor":[66,66,66,66,66,66,66,66,66,71,71,71,71,78,78,78,78],"relic_stats":{"Centennial Puzzle":[9],"counters":[9,53],"MealTicket":0,"Eternal Feather":12,"obtain_stats":[{"Centennial Puzzle":9,"NeowsBlessing":0,"Strawberry":14,"Oddly Smooth Stone":8,"MealTicket":6,"Eternal Feather":13,"Ring of the Snake":0},{"Centennial Puzzle":5,"NeowsBlessing":0,"Strawberry":8,"Oddly Smooth Stone":5,"MealTicket":4,"Eternal Feather":8,"Ring of the Snake":0},{"Centennial Puzzle":21,"NeowsBlessing":0,"Strawberry":39,"Oddly Smooth Stone":21,"MealTicket":8,"Eternal Feather":39,"Ring of the Snake":0}],"Ring of the Snake":[18]},"card_choices":[{"not_picked":["Deflect","Well Laid Plans"],"picked":"Cloak And Dagger","floor":1},{"not_picked":["Flying Knee","Catalyst"],"picked":"Backstab","floor":4},{"not_picked":["Acrobatics","Underhanded Strike"],"picked":"Poisoned Stab","floor":5},{"not_picked":["Heel Hook","Storm of Steel"],"picked":"Dagger Throw","floor":6},{"not_picked":["Dagger Throw","Expertise"],"picked":"Endless Agony","floor":8},{"not_picked":["Slice","Acrobatics","Concentrate"],"picked":"SKIP","floor":10},{"not_picked":["Caltrops","Deflect"],"picked":"Venomology","floor":12},{"not_picked":["Flying Knee","Underhanded Strike"],"picked":"PiercingWail","floor":13}],"player_experience":241635,"relics_obtained":[{"floor":6,"key":"MealTicket"},{"floor":8,"key":"Oddly Smooth Stone"},{"floor":9,"key":"Centennial Puzzle"},{"floor":13,"key":"Eternal Feather"},{"floor":14,"key":"Strawberry"}],"event_choices":[{"damage_healed":0,"gold_gain":0,"player_choice":"2 cards matched","damage_taken":0,"max_hp_gain":0,"max_hp_loss":0,"event_name":"Match and Keep!","floor":3,"gold_loss":0,"cards_obtained":["Footwork","Burst"]}],"is_beta":false,"boss_relics":[],"items_purged_floors":[],"is_endless":false,"potions_floor_spawned":[4,5,6,10],"killed_by":"Hexaghost","ascension_level":20}}