{"host":"5mo0809oo9tcrmpl","time":1614390421,"event":{"mods":["BaseMod","Highlight Path","Minty Spire (QoL Compilation)","Relic Stats","Slay the Relics Exporter"],"gold_per_floor":[112,112,130,130,130,163,163,206,230,254,294,317,317,331,340,445,445,469,469,501,73,82,82,132,141,150,164,193,193,225,100,100,100,100],"floor_reached":33,"language":"ENG","playtime":1290,"items_purged":["Parasite"],"score":620,"play_id":"fce113f1-8fe1-4bc5-b850-f0a68f64d67a","local_time":"20210226194701","is_ascension_mode":true,"campfire_choices":[{"data":"Bash","floor":7.0,"key":"SMITH"},{"floor":15,"key":"REST"},{"data":"Shockwave","floor":23,"key":"SMITH"},{"floor":25,"key":"REST"},{"data":"Uppercut","floor":32,"key":"SMITH"}],"circlet_count":0,"master_deck":["AscendersBane","Strike_R+1","Strike_R+1","Strike_R+1","Strike_R+1","Defend_R+1","Defend_R+1","Defend_R+1","Defend_R+1","Bash+1","Carnage","Headbutt","Clothesline","Rampage","Uppercut+1","Flame Barrier","Shockwave+1","Armaments","Fiend Fire","Shrug It Off","Ghostly Armor","RitualDagger","Pommel Strike+1","Metallicize","Armaments+1","Feel No Pain","Body Slam+1"],"relics":["Burning Blood","NeowsBlessing","Golden Idol","Dream Catcher","CeramicFish","Akabeko","Lantern","Bottled Lightning","Cursed Key","Potion Belt","White Beast Statue","Question Card","Molten Egg 2"],"acts_visited":["Exordium","TheCity"],"potions_floor_usage":[16,18,24,24,30,30,33],"damage_taken":[{"damage":0.0,"enemies":"Jaw Worm","floor":1.0,"turns":1.0},{"damage":0.0,"enemies":"Small Slimes","floor":3.0,"turns":1.0},{"damage":0.0,"enemies":"Lagavulin","floor":6.0,"turns":1.0},{"damage":35.0,"enemies":"3 Sentries","floor":8.0,"turns":7.0},{"damage":0.0,"enemies":"2 Louse","floor":10.0,"turns":2.0},{"damage":24,"enemies":"Gremlin Nob","floor":11,"turns":4},{"damage":14,"enemies":"Red Slaver","floor":12,"turns":2},{"damage":10,"enemies":"Exordium Wildlife","floor":14,"turns":3},{"damage":19,"enemies":"The Guardian","floor":16,"turns":9},{"damage":8,"enemies":"2 Thieves","floor":18,"turns":4},{"damage":1,"enemies":"3 Byrds","floor":20,"turns":5},{"damage":38,"enemies":"Gremlin Leader","floor":24,"turns":9},{"damage":0,"enemies":"Centurion and Healer","floor":27,"turns":5},{"damage":2,"enemies":"Cultist and Chosen","floor":28,"turns":5},{"damage":12,"enemies":"Snake Plant","floor":30,"turns":3},{"damage":54,"enemies":"Champ","floor":33,"turns":14}],"seed_played":"2450778191880707208","potions_obtained":[{"floor":1.0,"key":"Energy Potion"},{"floor":5.0,"key":"BloodPotion"},{"floor":5.0,"key":"SkillPotion"},{"floor":11,"key":"ColorlessPotion"},{"floor":16,"key":"Explosive Potion"},{"floor":18,"key":"DistilledChaos"},{"floor":24,"key":"SteroidPotion"},{"floor":27,"key":"ColorlessPotion"},{"floor":28,"key":"AttackPotion"},{"floor":30,"key":"SkillPotion"}],"is_trial":false,"path_per_floor":["M","?","M","?","?","E","R","E","T","M","E","M","T","M","R","B",null,"M","?","M","$","?","R","E","R","T","M","M","?","M","$","R","B"],"character_chosen":"IRONCLAD","items_purchased":["Potion Belt","White Beast Statue","Body Slam+1"],"campfire_rested":2,"item_purchase_floors":[21,21,31],"current_hp_per_floor":[74,48,54,47,62,68,68,39,39,45,27,19,19,15,37,24,62,60,60,65,65,59,59,27,49,49,55,59,59,53,53,53,0,0],"gold":100,"neow_bonus":"THREE_ENEMY_KILL","is_daily":false,"chose_seed":false,"campfire_upgraded":3,"win_rate":0.0,"timestamp":1614390421,"path_taken":["M","?","M","?","?","E","R","E","T","?","E","M","?","M","R","BOSS","M","?","M","$","?","R","E","R","T","M","M","?","M","$","R","BOSS"],"items_purchased_type":["Relic","Relic","Card"],"build_version":"2020-12-22","purchased_purges":1,"victory":false,"max_hp_per_floor":[75,75,75,75,75,75,75,75,75,75,75,75,75,75,75,75,75,75,75,75,75,75,75,75,75,75,75,75,75,75,72,72,72,72],"relic_stats":{"Dream Catcher":2,"counters":[16,75],"Golden Idol":80,"CeramicFish":135,"Cursed Key":1,"Question Card":4,"obtain_stats":[{"Potion Belt":21,"Lantern":11,"NeowsBlessing":0,"Golden Idol":2,"CeramicFish":8,"Cursed Key":17,"Question Card":24,"Burning Blood":0,"Akabeko":9,"White Beast Statue":21,"Dream Catcher":6,"Molten Egg 2":26,"Bottled Lightning":13},{"Potion Belt":11,"Lantern":6,"NeowsBlessing":0,"Golden Idol":1,"CeramicFish":4,"Cursed Key":9,"Question Card":12,"Burning Blood":0,"Akabeko":4,"White Beast Statue":11,"Dream Catcher":3,"Molten Egg 2":12,"Bottled Lightning":7},{"Potion Belt":39,"Lantern":16,"NeowsBlessing":0,"Golden Idol":1,"CeramicFish":10,"Cursed Key":30,"Question Card":48,"Burning Blood":0,"Akabeko":10,"White Beast Statue":39,"Dream Catcher":3,"Molten Egg 2":48,"Bottled Lightning":18}],"Burning Blood":90},"card_choices":[{"not_picked":["Hemokinesis","Shrug It Off"],"picked":"Carnage","floor":1.0},{"not_picked":["Disarm","Clash"],"picked":"Headbutt","floor":3.0},{"not_picked":["Flame Barrier","Evolve"],"picked":"Clothesline","floor":6.0},{"not_picked":["Dark Embrace","Wild Strike"],"picked":"Rampage","floor":8.0},{"not_picked":["Pommel Strike","Shockwave"],"picked":"Uppercut","floor":10.0},{"not_picked":["Clash","Heavy Blade"],"picked":"Flame Barrier","floor":11},{"not_picked":["Thunderclap","Entrench"],"picked":"Shockwave","floor":12},{"not_picked":["Evolve","Warcry","Havoc"],"picked":"SKIP","floor":14},{"not_picked":["Anger","Clothesline"],"picked":"Armaments","floor":15},{"not_picked":["Feed","Bludgeon"],"picked":"Fiend Fire","floor":16},{"not_picked":["Iron Wave","Headbutt"],"picked":"Shrug It Off","floor":18},{"not_picked":["Rage","Thunderclap"],"picked":"Ghostly Armor","floor":20},{"not_picked":["Warcry","Ghostly Armor"],"picked":"Pommel Strike+1","floor":24},{"not_picked":["Havoc","Headbutt","Heavy Blade+1"],"picked":"Metallicize","floor":25},{"not_picked":["Armaments","Berserk","Evolve","Infernal Blade"],"picked":"SKIP","floor":27},{"not_picked":["Pommel Strike+1","Fire Breathing","Heavy Blade+1"],"picked":"Armaments+1","floor":28},{"not_picked":["Dual Wield","Dark Embrace","Clothesline+1"],"picked":"Feel No Pain","floor":30}],"player_experience":1324949,"relics_obtained":[{"floor":6.0,"key":"Dream Catcher"},{"floor":8.0,"key":"CeramicFish"},{"floor":9.0,"key":"Akabeko"},{"floor":11,"key":"Lantern"},{"floor":13,"key":"Bottled Lightning"},{"floor":24,"key":"Question Card"},{"floor":26,"key":"Molten Egg 2"}],"event_choices":[{"damage_healed":0.0,"max_hp_gain":0.0,"max_hp_loss":0.0,"gold_gain":0.0,"event_name":"Golden Idol","player_choice":"Take Damage","floor":2.0,"gold_loss":0.0,"damage_taken":26.0,"relics_obtained":["Golden Idol"]},{"cards_removed":["Strike_R"],"damage_healed":0.0,"max_hp_gain":0.0,"max_hp_loss":0.0,"gold_gain":0.0,"event_name":"Golden Wing","player_choice":"Card Removal","floor":4.0,"gold_loss":0.0,"damage_taken":7.0},{"damage_healed":0.0,"max_hp_gain":0.0,"max_hp_loss":0.0,"gold_gain":0.0,"event_name":"Lab","player_choice":"Got Potions","floor":5.0,"gold_loss":0.0,"damage_taken":0.0},{"damage_healed":0,"gold_gain":0,"player_choice":"Ignored","damage_taken":0,"max_hp_gain":0,"max_hp_loss":0,"event_name":"The Mausoleum","floor":19,"gold_loss":0},{"damage_healed":0,"gold_gain":0,"player_choice":"Joined the Cult","damage_taken":6,"max_hp_gain":0,"max_hp_loss":0,"event_name":"Nest","floor":22,"gold_loss":0,"cards_obtained":["RitualDagger"]},{"damage_healed":0,"gold_gain":0,"player_choice":"Simplicity","damage_taken":0,"max_hp_gain":0,"max_hp_loss":0,"event_name":"Back to Basics","floor":29,"gold_loss":0,"cards_upgraded":["Strike_R","Strike_R","Strike_R","Strike_R","Defend_R","Defend_R","Defend_R","Defend_R"]}],"is_beta":false,"boss_relics":[{"not_picked":["Runic Dome","Ectoplasm"],"picked":"Cursed Key"}],"items_purged_floors":[31],"is_endless":false,"potions_floor_spawned":[1,6,11,14,16,18,24,27,28,30],"killed_by":"Champ","ascension_level":20}}