{"host":"8i6urbfw19gmz7qf","time":1614420535,"event":{"mods":["AchievementEnabler","Aspiration","BaseMod","Colored Map","Conspire","Energized Spire","Friendly Minions","Halation","Hermit","Highlight Path","Hubris","Minty Spire (QoL Compilation)","Quick Restart","READ ME - Snecko Mod","Random Character Button","Replay The Spire","Robot Space Explorer","StSLib","Synergy Search","The Cursed","The Jungle","The Marked","The Necromancer"],"gold_per_floor":[116,133,94,94,94,105,118,131,131,144,144,244,122,138,138,242,242,254,237,237,237],"floor_reached":20,"language":"ENG","playtime":1054,"items_purged":[],"score":168,"play_id":"52a4b1ae-af5d-4a80-b422-947f53fd414d","local_time":"20210227020855","is_ascension_mode":false,"campfire_choices":[{"floor":11,"key":"REST"},{"floor":15,"key":"REST"}],"circlet_count":0,"master_deck":["Strike_W","Strike_W","Strike_W","Strike_W","Defend_W","Defend_W","Defend_W","Defend_W","Negative_Energy_Arrows","Bone_Wall","Bone_Spikes","Bones_to_Steel","Blood_Curse","Blood_Curse","Bone_Shift","Summon_Lich","Bone_Bullets","Thousand_Bone_Knives","Vampiric_Strike","Summon_Undead_Army","Plague_Bolt","Summon_Vampire_Lady","Death_March_Dance+1","Negative_Energy_Mist"],"relics":["Vampire_Amulet","NeowsBlessing","halation:PinkSoulGem","halation:WeightlessCrab"],"acts_visited":["Exordium","TheCity"],"potions_floor_usage":[16,16,18],"damage_taken":[{"damage":0,"enemies":"Jaw Worm","floor":1,"turns":1},{"damage":0,"enemies":"Small Slimes","floor":2,"turns":1},{"damage":0,"enemies":"2 Louse","floor":6,"turns":2},{"damage":31,"enemies":"Lots of Slimes","floor":7,"turns":6},{"damage":7,"enemies":"3 Louse","floor":8,"turns":3},{"damage":14,"enemies":"Large Slime","floor":10,"turns":7},{"damage":27,"enemies":"Exordium Thugs","floor":14,"turns":5},{"damage":34,"enemies":"Slime Boss","floor":16,"turns":10},{"damage":49,"enemies":"Spheric Guardian","floor":18,"turns":6},{"damage":34,"enemies":"2 Thieves","floor":19,"turns":5},{"damage":16,"enemies":"Snake Plant","floor":20,"turns":2}],"seed_played":"-1749090744153397932","potions_obtained":[{"floor":1,"key":"Venom Potion"},{"floor":7,"key":"conspire:TimeTravelPotion"},{"floor":8,"key":"Dexterity Potion"}],"is_trial":false,"path_per_floor":["M","M","$","?","?","M","M","M","T","M","R","?","$","M","R","B",null,"M","M","M"],"character_chosen":"NECROMANCER","items_purchased":["Blood_Curse","Vampiric_Strike","Summon_Undead_Army"],"campfire_rested":2,"item_purchase_floors":[3,13,13],"current_hp_per_floor":[75,75,75,75,75,75,54,53,53,43,65,65,65,44,66,75,75,37,14,0,0],"gold":237,"neow_bonus":"THREE_ENEMY_KILL","is_daily":false,"chose_seed":false,"campfire_upgraded":0,"win_rate":0.0,"timestamp":1614420535,"path_taken":["M","M","$","?","?","?","M","M","T","M","R","?","$","M","R","BOSS","M","M","?"],"items_purchased_type":["Card","Card","Card"],"build_version":"2020-12-22","purchased_purges":0,"victory":false,"max_hp_per_floor":[75,75,75,75,75,75,75,75,75,75,75,75,75,75,75,75,75,75,75,75,75],"card_choices":[{"not_picked":["Flesh_Made_Foul","Consume_Illness"],"picked":"Bone_Spikes","floor":1},{"not_picked":["Whirlwind_of_Bones","Negative_Energy_Mist"],"picked":"Bones_to_Steel","floor":2},{"not_picked":["Bones_to_Steel","Bone_Prison"],"picked":"Bone_Shift","floor":6},{"not_picked":["Whirlwind_of_Bones","Negative_Energy_Shield"],"picked":"Summon_Lich","floor":7},{"not_picked":["Bones_to_Steel","Bone_Shift"],"picked":"Bone_Bullets","floor":8},{"not_picked":["Blood_Is_Power","Strike_from_Beyond"],"picked":"Thousand_Bone_Knives","floor":10},{"not_picked":["Shackles_Of_Pain","Corrupt"],"picked":"Plague_Bolt","floor":14},{"not_picked":["Cloudkill","Requiem"],"picked":"Summon_Vampire_Lady","floor":16},{"not_picked":["Negative_Energy_Sphere","Negative_Energy_Shield"],"picked":"Death_March_Dance+1","floor":18},{"not_picked":["Siphon_Strength+1","Strike_from_Beyond"],"picked":"Negative_Energy_Mist","floor":19}],"player_experience":57124,"relics_obtained":[{"floor":9,"key":"halation:WeightlessCrab"}],"event_choices":[{"damage_healed":0,"gold_gain":0,"player_choice":"Leave","damage_taken":0,"max_hp_gain":0,"max_hp_loss":0,"event_name":"The Cleric","floor":4,"gold_loss":0},{"damage_healed":0,"gold_gain":100,"player_choice":"Pray","damage_taken":0,"max_hp_gain":0,"max_hp_loss":0,"event_name":"Golden Shrine","floor":12,"gold_loss":0}],"is_beta":false,"boss_relics":[{"not_picked":["Coffee Dripper","aspiration:PoetsPen_weak","aspiration:FutureDiary"]}],"items_purged_floors":[],"is_endless":false,"potions_floor_spawned":[1,7,8],"killed_by":"Snake Plant","ascension_level":0}}