{"host":"pahtzy9v6modmpjs","time":1614431771,"event":{"mods":["BaseMod","Downfall","Hermit","Minty Spire (QoL Compilation)","Replay The Spire","StSLib","The Cursed","The Disciple","The Necromancer","The Runesmith"],"gold_per_floor":[111,111,111,130,142,142,159,159,159,6,21,39,56,72,72,167,267,283,283,208,218,218,229,229,229],"floor_reached":24,"language":"ENG","playtime":2358,"items_purged":[],"score":192,"play_id":"6ca9692d-fe36-4ca7-90e4-2b8707b08783","local_time":"20210227211611","is_ascension_mode":false,"campfire_choices":[{"data":"hermit:Combo","floor":6,"key":"SMITH"},{"data":"hermit:Covet","floor":8,"key":"SMITH"},{"data":"hermit:CalledShot","floor":15,"key":"SMITH"}],"circlet_count":0,"master_deck":["hermit:Strike_Hermit","hermit:Strike_Hermit","hermit:Strike_Hermit","hermit:Strike_Hermit","hermit:Defend_Hermit","hermit:Defend_Hermit","hermit:Defend_Hermit","hermit:Snapshot","hermit:Covet+1","hermit:Snipe","hermit:Combo+1","hermit:Quickdraw","hermit:Snipe","hermit:Virtue","hermit:TrackingShot","hermit:CalledShot+1","hermit:OverwhelmingPower","hermit:LowProfile+1","Necronomicurse","hermit:Dive+1","hermit:EyeOfTheStorm","hermit:Enervate"],"relics":["hermit:Momento","NeowsBlessing","Garlic","Vajra","HandDrill","Replay:Wanted Poster","Necronomicon"],"acts_visited":["Exordium","TheCity"],"potions_floor_usage":[16,24],"damage_taken":[{"damage":0,"enemies":"2 Louse","floor":1,"turns":1},{"damage":0,"enemies":"Cultist","floor":4,"turns":1},{"damage":0,"enemies":"Small Slimes","floor":5,"turns":1},{"damage":0,"enemies":"Looter","floor":7,"turns":3},{"damage":4,"enemies":"Blue Slaver","floor":11,"turns":3},{"damage":0,"enemies":"3 Louse","floor":12,"turns":3},{"damage":8,"enemies":"Looter","floor":13,"turns":3},{"damage":15,"enemies":"Exordium Thugs","floor":14,"turns":5},{"damage":43,"enemies":"Hexaghost","floor":16,"turns":12},{"damage":22,"enemies":"3 Byrds","floor":18,"turns":4},{"damage":7,"enemies":"Shell Parasite","floor":21,"turns":3},{"damage":22,"enemies":"Snake Plant","floor":23,"turns":3},{"damage":9,"enemies":"Sentry and Sphere","floor":24,"turns":5}],"seed_played":"7962734514152141257","potions_obtained":[{"floor":5,"key":"Strength Potion"},{"floor":7,"key":"Swift Potion"},{"floor":13,"key":"hermit:Tonic"},{"floor":21,"key":"LifebloodPotion"}],"is_trial":false,"path_per_floor":["M","?","?","M","M","R","M","R","T","$","M","M","M","M","R","B",null,"M","?","?","M","?","M","M"],"character_chosen":"HERMIT","items_purchased":["HandDrill"],"campfire_rested":0,"item_purchase_floors":[10],"current_hp_per_floor":[75,75,75,75,75,75,75,75,75,75,71,71,63,48,48,5,75,53,37,37,30,30,8,0,0],"gold":229,"neow_bonus":"THREE_ENEMY_KILL","is_daily":false,"chose_seed":false,"campfire_upgraded":3,"win_rate":0.0,"timestamp":1614431771,"path_taken":["M","?","?","M","M","R","M","R","T","$","M","?","M","M","R","BOSS","M","?","?","M","?","M","M"],"items_purchased_type":["Relic"],"build_version":"2020-12-22","purchased_purges":0,"victory":false,"max_hp_per_floor":[75,75,75,75,75,75,75,75,75,75,75,75,75,75,75,75,75,75,75,75,75,75,75,75,75],"card_choices":[{"not_picked":["hermit:Feint","hermit:Glare"],"picked":"hermit:Snipe","floor":1},{"not_picked":["hermit:TakeCover","hermit:LoneWolf"],"picked":"hermit:Combo","floor":4},{"not_picked":["hermit:HoleUp","hermit:DeadMansHand"],"picked":"hermit:Quickdraw","floor":5},{"not_picked":["hermit:WideOpen","hermit:Spite"],"picked":"hermit:Snipe","floor":7},{"not_picked":["hermit:TakeCover","hermit:Shortfuse"],"picked":"hermit:Virtue","floor":11},{"not_picked":["hermit:Desperado","hermit:PistolWhip","hermit:FromBeyond"],"picked":"SKIP","floor":12},{"not_picked":["hermit:Quickdraw","hermit:Vantage"],"picked":"hermit:TrackingShot","floor":13},{"not_picked":["hermit:TrackingShot","hermit:PistolWhip"],"picked":"hermit:CalledShot","floor":14},{"not_picked":["hermit:Roughhouse","hermit:BlackWind"],"picked":"hermit:OverwhelmingPower","floor":16},{"not_picked":["hermit:ItchyTrigger","hermit:Virtue"],"picked":"hermit:LowProfile+1","floor":18},{"not_picked":["hermit:HighCaliber","hermit:Determination"],"picked":"hermit:Dive+1","floor":21},{"not_picked":["hermit:HoleUp","hermit:NoHoldsBarred"],"picked":"hermit:Enervate","floor":23}],"player_experience":269610,"relics_obtained":[{"floor":9,"key":"Vajra"},{"floor":19,"key":"Necronomicon"}],"event_choices":[{"damage_healed":0,"gold_gain":0,"player_choice":"Box","damage_taken":0,"relics_obtained":["Garlic"],"max_hp_gain":0,"max_hp_loss":0,"event_name":"Big Fish","floor":2,"gold_loss":0,"cards_obtained":["Regret"]},{"cards_removed":["hermit:Defend_Hermit"],"damage_healed":0,"gold_gain":0,"player_choice":"Purged","damage_taken":0,"max_hp_gain":0,"max_hp_loss":0,"event_name":"Purifier","floor":3,"gold_loss":0},{"damage_healed":0,"gold_gain":0,"player_choice":"Obtained Book","damage_taken":16,"max_hp_gain":0,"max_hp_loss":0,"event_name":"Cursed Tome","floor":19,"gold_loss":0},{"cards_removed":["Regret"],"damage_healed":0,"gold_gain":0,"player_choice":"Gave Gold","damage_taken":0,"max_hp_gain":0,"max_hp_loss":0,"event_name":"Beggar","floor":20,"gold_loss":75},{"damage_healed":0,"gold_gain":0,"player_choice":"Read","damage_taken":0,"max_hp_gain":0,"max_hp_loss":0,"event_name":"The Library","floor":22,"gold_loss":0,"cards_obtained":["hermit:EyeOfTheStorm"]}],"is_beta":false,"boss_relics":[{"not_picked":["Runesmith:UraniumAnvil","Ring of Chaos"],"picked":"Replay:Wanted Poster"}],"items_purged_floors":[],"is_endless":false,"potions_floor_spawned":[5,7,13,14,21,23],"killed_by":"Sentry and Sphere","ascension_level":0}}