{"host":"4gkev1dtxxhiue3x","time":1614418892,"event":{"mods":["AchievementEnabler","BaseMod","Better Altar","Better Match","Better Note","Better Sensory Stone","Better Skull","Better Third Choice","Colored Powertips","Friendly Minions","Hermit","Minty Spire (QoL Compilation)","Relic Stats","Robot Space Explorer","Shop Mod","StSLib","The Animator","The Death Knight","The Hierophant"],"gold_per_floor":[109,218,232,194,369,369,369,381,381,55,85,85,85,113,113,216,216,235,251,251,20,119,147,162,72,72,85,104,122,122,149,149,249,249,268,176,176,176,231,231,258,258,305,318,329,51,63,63,63,63,63],"floor_reached":50,"language":"ENG","playtime":3983,"items_purged":["Pain","DeathKnight:Strike_DeathKnight","DeathKnight:Strike_DeathKnight","DeathKnight:Strike_DeathKnight","DeathKnight:Strike_DeathKnight"],"score":516,"play_id":"0fbbb54c-5520-4699-a761-f7b653771008","local_time":"20210227104132","is_ascension_mode":false,"campfire_choices":[{"floor":6.0,"key":"REST"},{"data":"DeathKnight:Contagion","floor":12.0,"key":"SMITH"},{"data":"Sadistic Nature","floor":15.0,"key":"SMITH"},{"data":"DeathKnight:BladedArmor","floor":30.0,"key":"SMITH"},{"data":"DeathKnight:Defile","floor":32.0,"key":"SMITH"},{"floor":40,"key":"REST"},{"data":"DeathKnight:MutagenicPlague","floor":42,"key":"SMITH"},{"floor":49,"key":"REST"}],"circlet_count":0,"master_deck":["DeathKnight:Strike_DeathKnight","DeathKnight:Defend_DeathKnight","DeathKnight:Defend_DeathKnight+1","DeathKnight:Defend_DeathKnight","DeathKnight:Defend_DeathKnight","DeathKnight:Defend_DeathKnight+1","DeathKnight:RuneTap","DeathKnight:RuneStrike","DeathKnight:DeathGrip","DeathKnight:Culling","DeathKnight:BoneShield","DeathKnight:Contagion+1","Sadistic Nature+1","DeathKnight:ThirstingStrike","DeathKnight:FoulBulwark","DeathKnight:Defile+1","DeathKnight:Pestilence","DeathKnight:MutagenicPlague+1","DeathKnight:UnholyPresence","DeathKnight:RunicDetonation","DeathKnight:BladedArmor+1","DeathKnight:Hysteria+1","DeathKnight:AntiMagicShell","DeathKnight:Outbreak+1","DeathKnight:MutagenicPlague+1","DeathKnight:Contagion","AscendersBane","Madness+1","DeathKnight:ScourgeStrike","DeathKnight:Frostscythe","DeathKnight:FesteringStrike","Sadistic Nature+1","Parasite"],"relics":["DeathKnight:BrokenRuneblade","NeowsBlessing","Regal Pillow","Bronze Scales","betterThird:SlimedRelic","WarpedTongs","Bird Faced Urn","Anchor","Tiny Chest","Velvet Choker","Membership Card","FossilizedHelix","Eternal Feather","Lantern","Philosopher\u0027s Stone","Ice Cream","DeathKnight:SylvanasMusicBox","DeathKnight:PreciousRibbon","DollysMirror","War Paint"],"acts_visited":["Exordium","TheCity","TheBeyond"],"potions_floor_usage":[39,39,47,50],"damage_taken":[{"damage":0.0,"enemies":"2 Louse","floor":1.0,"turns":1.0},{"damage":0.0,"enemies":"Cultist","floor":3.0,"turns":1.0},{"damage":0.0,"enemies":"Small Slimes","floor":8.0,"turns":1.0},{"damage":20.0,"enemies":"3 Sentries","floor":11.0,"turns":7.0},{"damage":9.0,"enemies":"Gremlin Nob","floor":14.0,"turns":4.0},{"damage":10.0,"enemies":"The Guardian","floor":16.0,"turns":7.0},{"damage":6.0,"enemies":"Chosen","floor":18.0,"turns":5.0},{"damage":5.0,"enemies":"2 Thieves","floor":19.0,"turns":3.0},{"damage":23.0,"enemies":"Slavers","floor":23.0,"turns":5.0},{"damage":0.0,"enemies":"Shelled Parasite and Fungi","floor":24.0,"turns":4.0},{"damage":12.0,"enemies":"Centurion and Healer","floor":27.0,"turns":5.0},{"damage":17.0,"enemies":"Sentry and Sphere","floor":28.0,"turns":5.0},{"damage":19.0,"enemies":"Snake Plant","floor":29.0,"turns":4.0},{"damage":41.0,"enemies":"Collector","floor":33.0,"turns":8.0},{"damage":0.0,"enemies":"Orb Walker","floor":35.0,"turns":4.0},{"damage":47,"enemies":"2 Orb Walkers","floor":39,"turns":4},{"damage":19,"enemies":"3 Darklings","floor":44,"turns":4},{"damage":24,"enemies":"Transient","floor":45,"turns":5},{"damage":32,"enemies":"Writhing Mass","floor":47,"turns":4},{"damage":100,"enemies":"Donu and Deca","floor":50,"turns":6}],"seed_played":"2157738859613068791","potions_obtained":[{"floor":8.0,"key":"SneckoOil"},{"floor":11.0,"key":"BlessingOfTheForge"},{"floor":16.0,"key":"DeathKnight:RimePotion"},{"floor":19.0,"key":"Energy Potion"},{"floor":23.0,"key":"Regen Potion"},{"floor":29.0,"key":"Explosive Potion"},{"floor":35.0,"key":"DeathKnight:PlagueVial"},{"floor":44,"key":"PowerPotion"},{"floor":47,"key":"Fruit Juice"}],"is_trial":false,"path_per_floor":["M","?","M","?","?","R","?","M","T","$","E","R","?","E","R","B",null,"M","M","?","$","?","E","M","$","T","M","M","M","R","T","R","B",null,"M","$","?","?","?","R","T","R","T","M","M","$","M","?","R","B"],"character_chosen":"DEATH_KNIGHT","items_purchased":["DeathKnight:Contagion","Sadistic Nature","Membership Card","DeathKnight:UnholyPresence","DeathKnight:Hysteria","DeathKnight:Contagion","DeathKnight:FesteringStrike","DollysMirror","War Paint"],"campfire_rested":3,"item_purchase_floors":[10,10,21,21,25,36,46,46,46],"current_hp_per_floor":[75,33,33,22,22,59,59,59,59,59,43,43,43,38,38,32,75,69,70,70,70,70,55,61,61,61,61,56,51,66,66,75,42,75,75,75,75,53,16,71,71,75,75,58,48,48,26,26,75,0,0],"gold":63,"neow_bonus":"THREE_ENEMY_KILL","is_daily":false,"chose_seed":false,"campfire_upgraded":5,"win_rate":0.0,"timestamp":1614418892,"path_taken":["M","?","?","?","?","R","?","?","T","?","E","R","?","E","R","BOSS","M","?","?","$","?","E","M","$","T","M","M","M","R","?","R","BOSS","M","$","?","?","?","R","?","R","T","M","M","$","?","?","R","BOSS"],"items_purchased_type":["Card","Card","Relic","Card","Card","Card","Card","Relic","Relic"],"build_version":"2020-12-22","purchased_purges":5,"victory":false,"max_hp_per_floor":[75,75,75,75,75,75,75,75,75,75,75,75,75,75,75,75,75,75,75,75,75,75,75,75,75,75,75,75,75,75,75,75,75,75,75,75,75,75,75,75,75,75,75,75,75,75,75,75,75,80,80],"relic_stats":{"Regal Pillow":39,"counters":[33,148],"Bronze Scales":[244],"Bird Faced Urn":[122],"Tiny Chest":1,"Eternal Feather":58,"War Paint":["Defend_R","Dual Wield","DeathKnight:Defend_DeathKnight","DeathKnight:Defend_DeathKnight"],"obtain_stats":[{"Ice Cream":39,"Pear":26,"Happy Flower":9,"SacredBark":34,"Dead Branch":46,"DeathKnight:SylvanasMusicBox":41,"Eternal Feather":40,"PreservedInsect":30,"Incense Burner":48,"Bag of Preparation":53,"Odd Mushroom":12,"War Paint":44,"DeathKnight:PreciousRibbon":43,"Burning Blood":0,"Blood Vial":54,"Strange Spoon":22,"Anchor":10,"Bottled Flame":53,"DollysMirror":53,"Pantograph":7,"Snecko Eye":17,"Tiny Chest":21,"MealTicket":24,"Art of War":31},{"Ice Cream":29,"Pear":12,"Happy Flower":6,"SacredBark":15,"Dead Branch":24,"DeathKnight:SylvanasMusicBox":29,"Eternal Feather":21,"PreservedInsect":13,"Incense Burner":25,"Bag of Preparation":26,"Odd Mushroom":7,"War Paint":23,"DeathKnight:PreciousRibbon":29,"Burning Blood":0,"Blood Vial":27,"Strange Spoon":11,"Anchor":6,"Bottled Flame":26,"DollysMirror":26,"Pantograph":6,"Snecko Eye":9,"Tiny Chest":11,"MealTicket":12,"Art of War":14},{"Ice Cream":129,"Pear":54,"Happy Flower":22,"SacredBark":67,"Dead Branch":107,"DeathKnight:SylvanasMusicBox":129,"Eternal Feather":95,"PreservedInsect":58,"Incense Burner":111,"Bag of Preparation":118,"Odd Mushroom":27,"War Paint":104,"DeathKnight:PreciousRibbon":129,"Burning Blood":0,"Blood Vial":119,"Strange Spoon":50,"Anchor":22,"Bottled Flame":118,"DollysMirror":118,"Pantograph":22,"Snecko Eye":40,"Tiny Chest":50,"MealTicket":54,"Art of War":61}],"WarpedTongs":[85]},"card_choices":[{"not_picked":["DeathKnight:BloodTap","DeathKnight:BloodStrike"],"picked":"DeathKnight:DeathGrip","floor":1.0},{"not_picked":["DeathKnight:DeathGrip","DeathKnight:IcyTouch"],"picked":"DeathKnight:Culling","floor":3.0},{"not_picked":["DeathKnight:MutagenicPlague","DeathKnight:DreadStrike"],"picked":"DeathKnight:BoneShield","floor":8.0},{"not_picked":["DeathKnight:FrosPresence","DeathKnight:MutagenicPlague"],"picked":"DeathKnight:ThirstingStrike","floor":11.0},{"not_picked":["DeathKnight:DeathGrip","DeathKnight:IcyTouch"],"picked":"DeathKnight:FoulBulwark","floor":14.0},{"not_picked":["DeathKnight:SindragosasBreath","DeathKnight:Runesurge"],"picked":"DeathKnight:Defile","floor":16.0},{"not_picked":["DeathKnight:AntiMagicShell","DeathKnight:DreadStrike+1"],"picked":"DeathKnight:Pestilence","floor":18.0},{"not_picked":["DeathKnight:DeathAndDecay","DeathKnight:Parry+1"],"picked":"DeathKnight:MutagenicPlague+1","floor":19.0},{"not_picked":["DeathKnight:BoneSpear+1","DeathKnight:Hemostasis"],"picked":"DeathKnight:RunicDetonation","floor":23.0},{"not_picked":["DeathKnight:Parry","DeathKnight:BludPresence"],"picked":"DeathKnight:BladedArmor","floor":24.0},{"not_picked":["DeathKnight:DeathAndDecay+1","DeathKnight:BloodTap"],"picked":"DeathKnight:Hysteria+1","floor":27.0},{"not_picked":["DeathKnight:HartStrike+1","DeathKnight:HowlingBlast+1","DeathKnight:FrostStrike"],"picked":"SKIP","floor":28.0},{"not_picked":["DeathKnight:Ossuary","DeathKnight:DeathCoil"],"picked":"DeathKnight:AntiMagicShell","floor":29.0},{"not_picked":["DeathKnight:RunicDetonation","DeathKnight:BoneStorm"],"picked":"DeathKnight:Outbreak","floor":33.0},{"not_picked":["DeathKnight:DeathGrip+1","DeathKnight:Culling+1"],"picked":"DeathKnight:MutagenicPlague","floor":35.0},{"not_picked":["DeathKnight:BladedArmor","DeathKnight:IceboundArmor+1"],"picked":"DeathKnight:ScourgeStrike","floor":39},{"not_picked":["DeathKnight:GargoyleSkin","DeathKnight:HornOfWinter","DeathKnight:IceboundArmor+1"],"picked":"SKIP","floor":44},{"not_picked":["DeathKnight:BoneSpear+1","DeathKnight:DeathGrip"],"picked":"DeathKnight:Frostscythe","floor":45},{"not_picked":["DeathKnight:RuneShock+1","DeathKnight:DeathAndDecay+1","DeathKnight:HornOfWinter+1"],"picked":"SKIP","floor":47}],"player_experience":295776,"relics_obtained":[{"floor":9.0,"key":"Bird Faced Urn"},{"floor":11.0,"key":"Anchor"},{"floor":14.0,"key":"Tiny Chest"},{"floor":23.0,"key":"FossilizedHelix"},{"floor":26.0,"key":"Eternal Feather"},{"floor":31.0,"key":"Lantern"},{"floor":39,"key":"Ice Cream"},{"floor":41,"key":"DeathKnight:SylvanasMusicBox"},{"floor":43,"key":"DeathKnight:PreciousRibbon"}],"event_choices":[{"damage_healed":0.0,"max_hp_gain":0.0,"max_hp_loss":0.0,"gold_gain":109.0,"event_name":"betterSkull:BetterSkull","player_choice":"RE RE GO ","floor":2.0,"gold_loss":0.0,"damage_taken":47.0,"cards_upgraded":[],"relics_obtained":["Regal Pillow","Bronze Scales"]},{"damage_healed":0.0,"max_hp_gain":0.0,"max_hp_loss":0.0,"gold_gain":0.0,"event_name":"betterThird:BetterGoop","player_choice":"Slimed","floor":4.0,"gold_loss":38.0,"damage_taken":11.0},{"damage_healed":0.0,"max_hp_gain":0.0,"max_hp_loss":0.0,"gold_gain":175.0,"event_name":"betterThird:BetterSerpent","player_choice":"AGREE","floor":5.0,"gold_loss":0.0,"damage_taken":194.0},{"damage_healed":0.0,"max_hp_gain":0.0,"max_hp_loss":0.0,"gold_gain":0.0,"event_name":"Accursed Blacksmith","player_choice":"Rummage","floor":7.0,"gold_loss":0.0,"damage_taken":0.0,"relics_obtained":["WarpedTongs"],"cards_obtained":["Pain"]},{"cards_removed":["Doubt"],"damage_healed":0.0,"max_hp_gain":0.0,"max_hp_loss":0.0,"gold_gain":0.0,"event_name":"Purifier","player_choice":"Purged","floor":13.0,"gold_loss":0.0,"damage_taken":0.0},{"cards_removed":["DeathKnight:DeathGrip"],"damage_healed":0.0,"max_hp_gain":0.0,"max_hp_loss":0.0,"gold_gain":0.0,"event_name":"betterNote:BetterNote","player_choice":"Give","floor":20.0,"gold_loss":0.0,"damage_taken":0.0,"cards_obtained":["None"]},{"damage_healed":0.0,"max_hp_gain":0.0,"max_hp_loss":0.0,"gold_gain":99.0,"event_name":"betterThird:BetterNest","player_choice":"Steal","floor":22.0,"gold_loss":0.0,"damage_taken":0.0},{"damage_healed":0,"gold_gain":3,"player_choice":"3","damage_taken":0,"max_hp_gain":0,"max_hp_loss":0,"event_name":"betterStone:BetterStone","floor":37,"gold_loss":0,"cards_obtained":["Madness"]},{"damage_healed":0,"gold_gain":0,"player_choice":"Fight","damage_taken":0,"max_hp_gain":0,"max_hp_loss":0,"event_name":"Mysterious Sphere","floor":39,"gold_loss":0},{"cards_removed":["DeathKnight:Hysteria"],"damage_healed":0,"gold_gain":0,"player_choice":"Removed Power","damage_taken":0,"max_hp_gain":0,"max_hp_loss":0,"event_name":"Falling","floor":48,"gold_loss":0}],"is_beta":false,"boss_relics":[{"not_picked":["Fusion Hammer","Runic Pyramid"],"picked":"Velvet Choker"},{"not_picked":["Runic Dome","Cursed Key"],"picked":"Philosopher\u0027s Stone"}],"items_purged_floors":[10,21,25,36,46],"is_endless":false,"potions_floor_spawned":[8,11,16,19,23,29,35,44,47],"killed_by":"Donu and Deca","ascension_level":0}}