{"host":"8vqkh0x3c7vpgzzm","time":1614459046,"event":{"mods":["AchievementEnabler","BaseMod","Colored Map","Colored Powertips","Curses Come First","DeckTracker","Highlight Path","Minty Spire (QoL Compilation)","Permanent Neow","Quick Restart","Random Character Mod","Rare Cards Sparkle","Relic Sorter","Relic Stats","StSLib","SuperFastMode","Unceasing Turn Reminder","egg","everything is the same but u backflip on backflip"],"gold_per_floor":[114,39,39,58,72,72,100,100,100,100,100,100,100,24,24,102,102,113,130,2,19,45,45,78,78,78,98,98,98],"floor_reached":28,"language":"ENG","playtime":767,"items_purged":["Strike_G"],"score":468,"play_id":"9b663aaf-4f28-47a6-8a56-c32efa209043","local_time":"20210227215046","is_ascension_mode":true,"campfire_choices":[{"data":"Neutralize","floor":6,"key":"SMITH"},{"data":"Night Terror","floor":8,"key":"SMITH"},{"data":"Slice","floor":12,"key":"SMITH"},{"data":"Predator","floor":15,"key":"SMITH"},{"data":"Burst","floor":23,"key":"SMITH"},{"data":"Infinite Blades","floor":25,"key":"SMITH"}],"circlet_count":0,"master_deck":["AscendersBane","Strike_G","Strike_G","Strike_G","Defend_G","Defend_G","Defend_G","Defend_G","Survivor","Neutralize+1","Slice","Slice+1","Infinite Blades+1","Night Terror+1","Acrobatics","Predator+1","Adrenaline","Blade Dance","Accuracy","Burst+1","Corpse Explosion"],"relics":["Ring of the Snake","NeowsBlessing","The Courier","Lizard Tail","Ninja Scroll","Eternal Feather","Sozu","Oddly Smooth Stone","Omamori","Bronze Scales"],"acts_visited":["Exordium","TheCity"],"potions_floor_usage":[7,16],"damage_taken":[{"damage":0,"enemies":"2 Louse","floor":1,"turns":1},{"damage":0,"enemies":"Jaw Worm","floor":4,"turns":1},{"damage":0,"enemies":"Cultist","floor":5,"turns":1},{"damage":39,"enemies":"Lagavulin","floor":7,"turns":10},{"damage":30,"enemies":"Hexaghost","floor":16,"turns":8},{"damage":4,"enemies":"Chosen","floor":18,"turns":4},{"damage":0,"enemies":"3 Byrds","floor":19,"turns":3},{"damage":3,"enemies":"Sentry and Sphere","floor":21,"turns":3},{"damage":68,"enemies":"Slavers","floor":24,"turns":8},{"damage":3,"enemies":"Centurion and Healer","floor":27,"turns":3},{"damage":46,"enemies":"Gremlin Leader","floor":28,"turns":4}],"seed_played":"-44406998680027635","potions_obtained":[{"floor":1,"key":"Dexterity Potion"}],"is_trial":false,"path_per_floor":["M","?","T","M","M","R","E","R","T","?","T","R","?","$","R","B",null,"M","M","$","M","T","R","E","R","T","M","E"],"character_chosen":"THE_SILENT","items_purchased":["Strength Potion","Predator","Burst"],"campfire_rested":0,"item_purchase_floors":[14,14,20],"current_hp_per_floor":[59,59,59,59,59,59,20,20,20,20,20,29,29,29,38,8,52,48,48,48,45,45,57,28,40,40,37,0,0],"gold":98,"neow_bonus":"THREE_ENEMY_KILL","is_daily":false,"chose_seed":false,"campfire_upgraded":6,"win_rate":0.0,"timestamp":1614459046,"path_taken":["M","?","?","M","?","R","E","R","T","?","?","R","?","$","R","BOSS","M","M","$","M","?","R","E","R","T","M","E"],"items_purchased_type":["Potion","Card","Card"],"build_version":"2020-12-22","purchased_purges":1,"victory":false,"max_hp_per_floor":[66,66,66,66,66,66,66,66,66,66,66,66,66,66,66,66,66,66,66,66,66,66,66,66,66,66,66,66,66],"relic_stats":{"Sozu":2,"Lizard Tail":33,"counters":[11,46],"Bronze Scales":[12],"Eternal Feather":42,"obtain_stats":[{"Sozu":17,"Lizard Tail":7,"NeowsBlessing":0,"Ninja Scroll":9,"Bronze Scales":26,"Oddly Smooth Stone":22,"Eternal Feather":11,"The Courier":3,"Omamori":24,"Ring of the Snake":0},{"Sozu":5,"Lizard Tail":4,"NeowsBlessing":0,"Ninja Scroll":4,"Bronze Scales":9,"Oddly Smooth Stone":8,"Eternal Feather":4,"The Courier":1,"Omamori":9,"Ring of the Snake":0},{"Sozu":21,"Lizard Tail":13,"NeowsBlessing":0,"Ninja Scroll":13,"Bronze Scales":39,"Oddly Smooth Stone":31,"Eternal Feather":13,"The Courier":1,"Omamori":39,"Ring of the Snake":0}],"Ring of the Snake":[22]},"card_choices":[{"not_picked":["Endless Agony","Sucker Punch"],"picked":"Slice","floor":1},{"not_picked":["Blur","Sucker Punch"],"picked":"Slice","floor":4},{"not_picked":["Backflip","Reflex"],"picked":"Infinite Blades","floor":5},{"not_picked":["Bane","Outmaneuver"],"picked":"Night Terror","floor":7},{"not_picked":["Doppelganger","Night Terror"],"picked":"Adrenaline","floor":16},{"not_picked":["Bane","Expertise"],"picked":"Blade Dance","floor":18},{"not_picked":["Distraction","Quick Slash"],"picked":"Accuracy","floor":19},{"not_picked":["Riddle With Holes","Reflex","Setup"],"picked":"SKIP","floor":21},{"not_picked":["Dodge and Roll","Quick Slash"],"picked":"Corpse Explosion","floor":24},{"not_picked":["Masterful Stab","Bouncing Flask","Caltrops"],"picked":"SKIP","floor":27}],"player_experience":671421,"relics_obtained":[{"floor":3,"key":"The Courier"},{"floor":7,"key":"Lizard Tail"},{"floor":9,"key":"Ninja Scroll"},{"floor":11,"key":"Eternal Feather"},{"floor":22,"key":"Oddly Smooth Stone"},{"floor":24,"key":"Omamori"},{"floor":26,"key":"Bronze Scales"}],"event_choices":[{"cards_removed":["Defend_G"],"damage_healed":0,"gold_gain":0,"player_choice":"Card Removal","damage_taken":0,"max_hp_gain":0,"max_hp_loss":0,"event_name":"The Cleric","floor":2,"gold_loss":75},{"damage_healed":0,"gold_gain":0,"player_choice":"Searched \u00270\u0027 times","damage_taken":0,"max_hp_gain":0,"max_hp_loss":0,"event_name":"Dead Adventurer","floor":10,"gold_loss":0},{"damage_healed":0,"gold_gain":0,"cards_transformed":["Strike_G"],"player_choice":"Transformed","damage_taken":0,"max_hp_gain":0,"max_hp_loss":0,"event_name":"Transmorgrifier","floor":13,"gold_loss":0,"cards_obtained":["Acrobatics"]}],"is_beta":false,"boss_relics":[{"not_picked":["SacredBark","Fusion Hammer"],"picked":"Sozu"}],"items_purged_floors":[20],"is_endless":false,"potions_floor_spawned":[1,19,21],"killed_by":"Gremlin Leader","ascension_level":20}}