{"host":"6p0attdrtjqaih7v","time":1614413952,"event":{"mods":["2.2 Compatiblity","AchievementEnabler","BaseMod","Better Skull","Better Third Choice","Better Vampires","Card Filter","Colored Powertips","Hermit","Highlight Path","Hubris","Key Reminder","Minty Spire (QoL Compilation)","Permanent Neow","Quick Restart","Random Character Button","Relic Filter","Relic Stats","Reliquary","Replay The Spire","Robot Space Explorer","StSLib","The Construct","The Hayseed","The Runesmith","The Witch"],"gold_per_floor":[118,135,146,158,158,170,202,217,217,247,267,21,21,47,47,47,47],"floor_reached":16,"language":"ENG","playtime":893,"items_purged":[],"score":278,"play_id":"940a97eb-3c8d-48a8-ab85-4e3426b887c7","local_time":"20210227031912","is_ascension_mode":true,"campfire_choices":[{"floor":13,"key":"REST"},{"data":"RobotSpaceExplorer:FreezingShield","floor":15,"key":"SMITH"}],"circlet_count":0,"master_deck":["AscendersBane","RobotSpaceExplorer:Strike+1","RobotSpaceExplorer:Strike","RobotSpaceExplorer:Strike","RobotSpaceExplorer:Strike","RobotSpaceExplorer:Defend","RobotSpaceExplorer:Defend","RobotSpaceExplorer:Defend","RobotSpaceExplorer:Scan","RobotSpaceExplorer:MiniLasers","RobotSpaceExplorer:ScrapToss","RobotSpaceExplorer:ScrapShield","RobotSpaceExplorer:ScrapMissile","RobotSpaceExplorer:Blitz","RobotSpaceExplorer:LuckyStrike+1","RobotSpaceExplorer:ExhaustFan","RobotSpaceExplorer:FreezingShield+1","RobotSpaceExplorer:StunGrenade","RobotSpaceExplorer:ScrapToss","RobotSpaceExplorer:Blaster","RobotSpaceExplorer:ScrapToss"],"relics":["RobotSpaceExplorer:SearchSpecs","reliquary:BoilingFlask","Gremlin Horn","Blood Vial","Whetstone","Odd Mushroom"],"acts_visited":["Exordium"],"potions_floor_usage":[7,11,14],"damage_taken":[{"damage":5,"enemies":"Small Slimes","floor":1,"turns":7},{"damage":4,"enemies":"Cultist","floor":2,"turns":4},{"damage":0,"enemies":"Jaw Worm","floor":3,"turns":5},{"damage":20,"enemies":"3 Louse","floor":4,"turns":3},{"damage":0,"enemies":"Blue Slaver","floor":6,"turns":4},{"damage":0,"enemies":"3 Sentries","floor":7,"turns":7},{"damage":10,"enemies":"Exordium Wildlife","floor":8,"turns":5},{"damage":23,"enemies":"Gremlin Nob","floor":10,"turns":4},{"damage":3,"enemies":"Gremlin Gang","floor":11,"turns":4},{"damage":6,"enemies":"The Mushroom Lair","floor":14,"turns":3},{"damage":22,"enemies":"The Guardian","floor":16,"turns":8}],"seed_played":"1376291375134618991","potions_obtained":[{"floor":2,"key":"Strength Potion"},{"floor":3,"key":"BlessingOfTheForge"},{"floor":8,"key":"Dexterity Potion"}],"is_trial":false,"path_per_floor":["M","M","M","M","?","M","E","M","T","E","M","$","R","?","R","B"],"character_chosen":"RobotSpaceExplorer","items_purchased":["RobotSpaceExplorer:Blaster","Whetstone"],"campfire_rested":1,"item_purchase_floors":[12,12],"current_hp_per_floor":[59,55,55,35,35,35,35,25,25,2,1,1,22,18,18,0,0],"gold":47,"neow_bonus":"BOSS_RELIC","is_daily":false,"chose_seed":false,"campfire_upgraded":1,"win_rate":0.0,"timestamp":1614413952,"path_taken":["M","M","M","M","?","M","E","M","T","E","?","$","R","?","R","BOSS"],"items_purchased_type":["Card","Relic"],"build_version":"2020-12-22","purchased_purges":0,"victory":false,"max_hp_per_floor":[71,71,71,71,71,71,71,71,71,71,71,71,71,71,71,71,71],"relic_stats":{"Blood Vial":6,"Gremlin Horn":[5,5],"counters":[11,54],"Whetstone":["RobotSpaceExplorer:LuckyStrike","RobotSpaceExplorer:Strike"],"obtain_stats":[{"Blood Vial":10,"Gremlin Horn":9,"reliquary:BoilingFlask":7,"RobotSpaceExplorer:RoboCore":0,"RobotSpaceExplorer:SearchSpecs":0,"Whetstone":12,"Odd Mushroom":14},{"Blood Vial":8,"Gremlin Horn":7,"reliquary:BoilingFlask":6,"RobotSpaceExplorer:RoboCore":0,"RobotSpaceExplorer:SearchSpecs":0,"Whetstone":9,"Odd Mushroom":10},{"Blood Vial":39,"Gremlin Horn":35,"reliquary:BoilingFlask":30,"RobotSpaceExplorer:RoboCore":0,"RobotSpaceExplorer:SearchSpecs":0,"Whetstone":43,"Odd Mushroom":46}]},"card_choices":[{"not_picked":["RobotSpaceExplorer:SwiftStep","RobotSpaceExplorer:ShockKick"],"picked":"RobotSpaceExplorer:ScrapToss","floor":1},{"not_picked":["RobotSpaceExplorer:StunGrenade","RobotSpaceExplorer:SwiftStep"],"picked":"RobotSpaceExplorer:ScrapShield","floor":2},{"not_picked":["RobotSpaceExplorer:Reload","RobotSpaceExplorer:Blitz"],"picked":"RobotSpaceExplorer:ScrapMissile","floor":3},{"not_picked":["RobotSpaceExplorer:RigExplosive","RobotSpaceExplorer:Pulsar"],"picked":"RobotSpaceExplorer:Blitz","floor":4},{"not_picked":["RobotSpaceExplorer:FrostMissile","RobotSpaceExplorer:StarDust"],"picked":"RobotSpaceExplorer:LuckyStrike","floor":6},{"not_picked":["RobotSpaceExplorer:JunkDive","RobotSpaceExplorer:Jetpack"],"picked":"RobotSpaceExplorer:ExhaustFan","floor":7},{"not_picked":["RobotSpaceExplorer:Blitz","RobotSpaceExplorer:GlueShot"],"picked":"RobotSpaceExplorer:FreezingShield","floor":8},{"not_picked":["RobotSpaceExplorer:DoubleBlock","RobotSpaceExplorer:FrostMissile"],"picked":"RobotSpaceExplorer:StunGrenade","floor":10},{"not_picked":["RobotSpaceExplorer:RigExplosive","RobotSpaceExplorer:SlimeMissile"],"picked":"RobotSpaceExplorer:ScrapToss","floor":11},{"not_picked":["RobotSpaceExplorer:Blaster","RobotSpaceExplorer:SlimeMissile"],"picked":"RobotSpaceExplorer:ScrapToss","floor":14}],"player_experience":1241357,"relics_obtained":[{"floor":7,"key":"reliquary:BoilingFlask"},{"floor":9,"key":"Gremlin Horn"},{"floor":10,"key":"Blood Vial"},{"floor":14,"key":"Odd Mushroom"}],"event_choices":[{"cards_removed":["RobotSpaceExplorer:Defend"],"damage_healed":0,"gold_gain":0,"player_choice":"Offered Basic","damage_taken":0,"max_hp_gain":0,"max_hp_loss":0,"event_name":"Bonfire Elementals","floor":5,"gold_loss":0},{"damage_healed":0,"gold_gain":0,"player_choice":"Fought Mushrooms","damage_taken":0,"max_hp_gain":0,"max_hp_loss":0,"event_name":"Mushrooms","floor":14,"gold_loss":0}],"is_beta":false,"boss_relics":[],"items_purged_floors":[],"is_endless":false,"potions_floor_spawned":[2,3,6,8],"killed_by":"The Guardian","ascension_level":20}}