{"host":"fdygo2eyay5jyda5","time":1614424637,"event":{"mods":["2.2 Compatiblity","AchievementEnabler","BaseMod","Colored Map","Colored Powertips","DeckTracker","Minty Spire (QoL Compilation)","Quick Restart","Random Character Button","Rare Cards Sparkle"],"gold_per_floor":[114,125,200,48,68,93,103,103,103,123,156,331,331,346,346,446,446,458,458,475,475,49,49,49,79,79,79,94,94,6,6,6,109,159,179,191,191,207,0,0,15,47,47,47,97,122,122,137,137,137,137],"floor_reached":50,"language":"POL","playtime":3489,"items_purged":["Strike_G"],"score":681,"play_id":"f1c6990d-70e3-46a7-81e8-2257685abdb4","local_time":"20210227121717","is_ascension_mode":true,"campfire_choices":[{"data":"Neutralize","floor":8,"key":"SMITH"},{"data":"Poisoned Stab","floor":13,"key":"SMITH"},{"floor":15,"key":"REST"},{"data":"Venomology","floor":24,"key":"SMITH"},{"floor":27,"key":"REST"},{"floor":29,"key":"DIG"},{"floor":32,"key":"REST"},{"data":"Backstab","floor":40,"key":"SMITH"},{"floor":49,"key":"RECALL"}],"circlet_count":0,"master_deck":["Strike_G","Strike_G","Strike_G+1","Defend_G","Defend_G","Defend_G","Defend_G","Defend_G","Survivor","Neutralize+1","Poisoned Stab+1","Poisoned Stab","Acrobatics","Tactician","Dodge and Roll","Escape Plan","Doubt","Venomology+1","Prepared","Leg Sweep+1","Backstab+1","Burst","Catalyst+1","Bane+1"],"relics":["Ring of the Snake","NeowsBlessing","TwistedFunnel","The Specimen","Du-Vu Doll","Velvet Choker","Gambling Chip","FaceOfCleric","PreservedInsect","Shovel","Toy Ornithopter","Matryoshka","Tiny House","Red Mask","TungstenRod","Ginger","InkBottle","Dead Branch","Mango","Spirit Poop"],"acts_visited":["Exordium","TheCity","TheBeyond"],"potions_floor_usage":[11,11,16,20,20,25,25,28,33,33,35,36,38,38,38,41,42,42,42,42,45,46,48,50,50],"damage_taken":[{"damage":0,"enemies":"Small Slimes","floor":1,"turns":1},{"damage":0,"enemies":"2 Louse","floor":2,"turns":1},{"damage":0,"enemies":"Jaw Worm","floor":5,"turns":1},{"damage":20,"enemies":"Gremlin Nob","floor":6,"turns":4},{"damage":3,"enemies":"Red Slaver","floor":7,"turns":3},{"damage":0,"enemies":"Exordium Wildlife","floor":10,"turns":3},{"damage":7,"enemies":"3 Sentries","floor":11,"turns":8},{"damage":0,"enemies":"Looter","floor":14,"turns":2},{"damage":19,"enemies":"The Guardian","floor":16,"turns":8},{"damage":17,"enemies":"2 Thieves","floor":18,"turns":4},{"damage":13,"enemies":"Spheric Guardian","floor":20,"turns":4},{"damage":51,"enemies":"Gremlin Leader","floor":25,"turns":8},{"damage":1,"enemies":"3 Cultists","floor":28,"turns":4},{"damage":82,"enemies":"Automaton","floor":33,"turns":14},{"damage":0,"enemies":"3 Shapes","floor":35,"turns":3},{"damage":4,"enemies":"Orb Walker","floor":36,"turns":4},{"damage":13,"enemies":"Transient","floor":38,"turns":5},{"damage":4,"enemies":"Maw","floor":41,"turns":8},{"damage":17,"enemies":"Giant Head","floor":42,"turns":8},{"damage":11,"enemies":"Mind Bloom Boss Battle","floor":45,"turns":8},{"damage":0,"enemies":"Nemesis","floor":46,"turns":5},{"damage":5,"enemies":"Writhing Mass","floor":48,"turns":5},{"damage":108,"enemies":"Awakened One","floor":50,"turns":12}],"seed_played":"-7776397441762650802","potions_obtained":[{"floor":6,"key":"LiquidBronze"},{"floor":10,"key":"CultistPotion"},{"floor":14,"key":"PowerPotion"},{"floor":16,"key":"Strength Potion"},{"floor":18,"key":"CunningPotion"},{"floor":20,"key":"Ancient Potion"},{"floor":28,"key":"FairyPotion"},{"floor":34,"key":"PowerPotion"},{"floor":35,"key":"DuplicationPotion"},{"floor":36,"key":"SpeedPotion"},{"floor":45,"key":"Regen Potion"}],"is_trial":false,"path_per_floor":["M","M","?","$","M","E","M","R","T","M","E","?","R","M","R","B",null,"M","?","M","?","$","?","R","E","T","R","M","R","$","?","R","B",null,"M","M","?","M","?","R","M","E","T","$","?","E","?","M","R","B"],"character_chosen":"THE_SILENT","items_purchased":["TwistedFunnel","Prepared","Gambling Chip","Backstab","Dexterity Potion"],"campfire_rested":3,"item_purchase_floors":[4,22,22,30,30],"current_hp_per_floor":[70,70,59,59,59,39,36,36,36,36,29,29,29,29,50,31,70,53,53,40,40,40,40,40,13,13,34,34,34,34,34,55,18,78,79,76,76,68,68,68,70,69,69,69,64,98,98,99,99,0,0],"gold":137,"neow_bonus":"THREE_ENEMY_KILL","is_daily":false,"chose_seed":false,"campfire_upgraded":4,"win_rate":0.0,"timestamp":1614424637,"path_taken":["M","M","?","$","M","E","M","R","T","M","E","?","R","M","R","BOSS","M","?","M","?","$","?","R","E","T","R","?","R","?","?","R","BOSS","M","M","?","M","?","R","M","E","T","?","?","E","?","M","R","BOSS"],"items_purchased_type":["Relic","Card","Relic","Card","Potion"],"build_version":"2020-12-22","purchased_purges":1,"victory":false,"max_hp_per_floor":[70,70,70,70,70,70,70,70,70,70,70,70,70,70,70,70,70,70,70,70,70,70,70,70,71,71,71,72,72,72,72,72,73,78,79,80,80,81,81,81,82,83,83,83,84,99,99,100,100,100,100],"card_choices":[{"not_picked":["Deadly Poison","Dagger Throw"],"picked":"Poisoned Stab","floor":1},{"not_picked":["Heel Hook","Prepared"],"picked":"Poisoned Stab","floor":2},{"not_picked":["Skewer","Blade Dance"],"picked":"Acrobatics","floor":5},{"not_picked":["Eviscerate","Dagger Spray"],"picked":"Tactician","floor":6},{"not_picked":["Bouncing Flask","Eviscerate"],"picked":"Dodge and Roll","floor":7},{"not_picked":["Backflip","Dodge and Roll"],"picked":"Escape Plan","floor":10},{"not_picked":["PiercingWail","Dagger Throw","Storm of Steel"],"picked":"SKIP","floor":11},{"not_picked":["Backflip","Accuracy","PiercingWail"],"picked":"SKIP","floor":14},{"not_picked":["Adrenaline","Corpse Explosion"],"picked":"Venomology","floor":16},{"not_picked":["Sucker Punch","Dagger Spray+1","Caltrops"],"picked":"SKIP","floor":18},{"not_picked":["Cloak And Dagger","Leg Sweep","Choke"],"picked":"SKIP","floor":20},{"not_picked":["PiercingWail","Tactician","Choke+1"],"picked":"SKIP","floor":25},{"not_picked":["Eviscerate","Deflect"],"picked":"Leg Sweep+1","floor":28},{"not_picked":["Tools of the Trade","Wraith Form v2"],"picked":"Burst","floor":33},{"not_picked":["Backflip+1","Outmaneuver"],"picked":"Catalyst+1","floor":34},{"not_picked":["Quick Slash+1","Footwork","Blade Dance+1"],"picked":"SKIP","floor":35},{"not_picked":["Calculated Gamble+1","Backflip","Reflex"],"picked":"SKIP","floor":36},{"not_picked":["Underhanded Strike","PiercingWail","Quick Slash"],"picked":"SKIP","floor":38},{"not_picked":["Dagger Spray+1","Heel Hook+1","Catalyst"],"picked":"SKIP","floor":41},{"not_picked":["Infinite Blades+1","Footwork","Riddle With Holes+1"],"picked":"SKIP","floor":42},{"not_picked":["Prepared","Flying Knee+1"],"picked":"Bane+1","floor":45},{"not_picked":["Sucker Punch","Underhanded Strike","Dodge and Roll"],"picked":"SKIP","floor":46},{"not_picked":["Footwork","Finisher","Deflect"],"picked":"SKIP","floor":48}],"player_experience":134905,"relics_obtained":[{"floor":6,"key":"The Specimen"},{"floor":11,"key":"Du-Vu Doll"},{"floor":25,"key":"PreservedInsect"},{"floor":26,"key":"Shovel"},{"floor":29,"key":"Toy Ornithopter"},{"floor":42,"key":"TungstenRod"},{"floor":43,"key":"Ginger"},{"floor":43,"key":"InkBottle"},{"floor":45,"key":"Dead Branch"},{"floor":46,"key":"Mango"}],"event_choices":[{"damage_healed":0,"gold_gain":75,"player_choice":"Gather Gold","damage_taken":11,"max_hp_gain":0,"max_hp_loss":0,"event_name":"World of Goop","floor":3,"gold_loss":0},{"damage_healed":0,"gold_gain":175,"player_choice":"AGREE","damage_taken":0,"max_hp_gain":0,"max_hp_loss":0,"event_name":"Liars Game","floor":12,"gold_loss":0,"cards_obtained":["Doubt"]},{"damage_healed":0,"gold_gain":0,"player_choice":"Ignored","damage_taken":0,"max_hp_gain":0,"max_hp_loss":0,"event_name":"Vampires","floor":19,"gold_loss":0},{"cards_removed":["Strike_G"],"damage_healed":0,"gold_gain":0,"player_choice":"Elegance","damage_taken":0,"max_hp_gain":0,"max_hp_loss":0,"event_name":"Back to Basics","floor":21,"gold_loss":0},{"damage_healed":0,"gold_gain":0,"player_choice":"Trade","damage_taken":0,"relics_obtained":["FaceOfCleric"],"max_hp_gain":0,"max_hp_loss":0,"event_name":"FaceTrader","floor":23,"gold_loss":0},{"damage_healed":0,"gold_gain":0,"player_choice":"Stole Relic","damage_taken":0,"relics_obtained":["Matryoshka"],"max_hp_gain":0,"max_hp_loss":0,"event_name":"Addict","floor":31,"gold_loss":0,"cards_obtained":["Shame"]},{"damage_healed":0,"gold_gain":0,"player_choice":"Ignored","damage_taken":0,"max_hp_gain":0,"max_hp_loss":0,"event_name":"Mysterious Sphere","floor":37,"gold_loss":0},{"damage_healed":0,"gold_gain":0,"player_choice":"Paid","damage_taken":0,"relics_obtained":["Red Mask"],"max_hp_gain":0,"max_hp_loss":0,"event_name":"Tomb of Lord Red Mask","floor":39,"gold_loss":207},{"damage_healed":0,"gold_gain":0,"player_choice":"Fight","damage_taken":0,"max_hp_gain":0,"max_hp_loss":0,"event_name":"MindBloom","floor":45,"gold_loss":0},{"cards_removed":["Shame"],"damage_healed":0,"gold_gain":0,"player_choice":"Offered Curse","damage_taken":0,"relics_obtained":["Spirit Poop"],"max_hp_gain":0,"max_hp_loss":0,"event_name":"Bonfire Elementals","floor":47,"gold_loss":0}],"is_beta":false,"boss_relics":[{"not_picked":["Fusion Hammer","WristBlade"],"picked":"Velvet Choker"},{"not_picked":["Snecko Eye","Runic Pyramid"],"picked":"Tiny House"}],"items_purged_floors":[22],"is_endless":false,"potions_floor_spawned":[6,10,14,16,18,20,28,35,36,45],"killed_by":"Awakened One","ascension_level":1}}