{"host":"toh0bbw446wnuexf","time":1614393292,"event":{"mods":["BaseMod","Downfall","Hermit","Minty Spire (QoL Compilation)","Random Character Button","Robot Space Explorer","StSLib"],"gold_per_floor":[99,117,132,132,42,53,53,82,82,82,82,98,111,96,112,112,112,112],"floor_reached":16,"language":"ENG","playtime":1562,"items_purged":["champ:Strike"],"score":117,"play_id":"b2ee3d93-814b-4468-8677-1c4891ae62a3","local_time":"20210227153452","is_ascension_mode":true,"campfire_choices":[{"data":"champ:Taunt","floor":1,"key":"SMITH"},{"data":"champ:TornadoPunch","floor":9,"key":"SMITH"},{"data":"champ:Backstep","floor":11,"key":"SMITH"}],"circlet_count":0,"master_deck":["champ:Strike","champ:Strike","champ:Strike","champ:Defend","champ:Defend","champ:Defend","champ:Defend","champ:Execute","Panacea","champ:TornadoPunch+1","champ:Backstep+1","champ:IronFortress","champ:FancyFootwork+1"],"relics":["champ:ChampionCrown","Blue Candle","Toxic Egg 2","Nunchaku"],"acts_visited":["Exordium"],"potions_floor_usage":[16],"damage_taken":[{"damage":31,"enemies":"Jaw Worm","floor":2,"turns":6},{"damage":20,"enemies":"2 Louse","floor":3,"turns":3},{"damage":20,"enemies":"downfall:FleeingMerchant","floor":5,"turns":4},{"damage":10,"enemies":"Cultist","floor":6,"turns":4},{"damage":10,"enemies":"3 Sentries","floor":8,"turns":6},{"damage":0,"enemies":"Red Slaver","floor":12,"turns":3},{"damage":13,"enemies":"Large Slime","floor":13,"turns":7},{"damage":10,"enemies":"downfall:FleeingMerchant","floor":14,"turns":4},{"damage":10,"enemies":"Exordium Thugs","floor":15,"turns":5},{"damage":67,"enemies":"WA_ARCHETYPE_RETAIN","floor":16,"turns":15}],"seed_played":"-1373527357648550207","potions_obtained":[{"floor":2,"key":"champ:OpenerPotion"},{"floor":15,"key":"Regen Potion"}],"is_trial":false,"path_per_floor":["R","M","M","?","$","M","T","E","R","?","R","M","M","$","M","B"],"character_chosen":"THE_CHAMP","items_purchased":[],"campfire_rested":0,"item_purchase_floors":[],"current_hp_per_floor":[90,84,74,69,69,69,69,59,59,59,59,59,56,56,46,0,0,0],"gold":112,"neow_bonus":"RANDOM_COLORLESS","is_daily":false,"chose_seed":false,"campfire_upgraded":3,"win_rate":0.0,"timestamp":1614393292,"path_taken":["R","M","M","?","$","M","T","E","R","?","R","M","M","$","M","BOSS"],"items_purchased_type":[],"build_version":"2020-12-22","purchased_purges":1,"victory":false,"max_hp_per_floor":[90,90,90,90,90,90,90,90,90,90,90,90,90,90,90,90,90,90],"card_choices":[{"not_picked":["Trip","Enlightenment"],"picked":"Panacea","floor":0},{"not_picked":["champ:Endure","champ:ShieldSigil"],"picked":"champ:TornadoPunch","floor":2},{"not_picked":["champ:BerserkersShout","champ:TornadoPunch"],"picked":"champ:Backstep","floor":3},{"not_picked":["champ:EnGarde","champ:ShieldWall"],"picked":"champ:IronFortress","floor":5},{"not_picked":["champ:BladeFlurry","champ:ViciousMockery","champ:Haymaker"],"picked":"SKIP","floor":6},{"not_picked":["champ:FocusedDefense+1","champ:StrikeOfGenius"],"picked":"champ:FancyFootwork+1","floor":8},{"not_picked":["champ:PreciseThrust","champ:FocusedBerserking+1","champ:EnGarde+1"],"picked":"SKIP","floor":12},{"not_picked":["champ:StanceDance+1","champ:SetATrap+1","champ:CrownThrow"],"picked":"SKIP","floor":13},{"not_picked":["champ:ShieldSigil+1","champ:BringItOn+1","champ:BladeFlurry"],"picked":"SKIP","floor":14},{"not_picked":["champ:Parry+1","champ:PreciseThrust","champ:FanOfKnives"],"picked":"SKIP","floor":15}],"player_experience":738488,"relics_obtained":[{"floor":7,"key":"Toxic Egg 2"},{"floor":8,"key":"Nunchaku"}],"event_choices":[],"is_beta":false,"boss_relics":[],"items_purged_floors":[5],"is_endless":false,"potions_floor_spawned":[2,15],"killed_by":"WA_ARCHETYPE_RETAIN","ascension_level":3}}