{"host":"9gxprskaw0c5jpbt","time":1614394901,"event":{"mods":["AchievementEnabler","BaseMod","Colored Map","Highlight Path","KOR Keyword Fix","Minty Spire (QoL Compilation)","Rare Cards Sparkle","StSLib","SuperFastMode","everything is the same but u backflip on backflip"],"gold_per_floor":[110,110,125,37,37,37,37,65,65,84,99,99,99,142,142,142,142],"floor_reached":16,"language":"KOR","playtime":383,"items_purged":[],"score":246,"play_id":"05399585-03df-487f-9370-72362de748b5","local_time":"20210227120141","is_ascension_mode":true,"campfire_choices":[{"data":"Calculated Gamble","floor":7,"key":"SMITH"},{"data":"Flying Knee","floor":13,"key":"SMITH"},{"floor":15,"key":"REST"}],"circlet_count":0,"master_deck":["AscendersBane","Strike_G","Strike_G","Strike_G+1","Strike_G","Defend_G","Defend_G","Defend_G","Defend_G","Defend_G","Survivor","Neutralize+1","Quick Slash","Finisher","Calculated Gamble+1","Flying Knee+1","Burst","Blur"],"relics":["Ring of the Snake","NeowsBlessing","Paper Crane","Bottled Flame","Golden Idol","Frozen Egg 2"],"acts_visited":["Exordium"],"potions_floor_usage":[14,14],"damage_taken":[{"damage":0,"enemies":"Jaw Worm","floor":1,"turns":1},{"damage":0,"enemies":"2 Louse","floor":3,"turns":1},{"damage":0,"enemies":"Lagavulin","floor":8,"turns":1},{"damage":0,"enemies":"Small Slimes","floor":10,"turns":2},{"damage":5,"enemies":"2 Fungi Beasts","floor":11,"turns":3},{"damage":2,"enemies":"3 Sentries","floor":14,"turns":9},{"damage":23,"enemies":"The Guardian","floor":16,"turns":13}],"seed_played":"-3872549575780646251","potions_obtained":[{"floor":1,"key":"PowerPotion"},{"floor":11,"key":"Energy Potion"}],"is_trial":false,"path_per_floor":["M","?","M","$","?","$","R","E","T","M","M","?","R","E","R","B"],"character_chosen":"THE_SILENT","items_purchased":["Calculated Gamble"],"campfire_rested":1,"item_purchase_floors":[4],"current_hp_per_floor":[59,39,39,39,39,39,39,39,39,39,34,11,11,9,28,5,5],"gold":142,"neow_bonus":"THREE_ENEMY_KILL","is_daily":false,"chose_seed":false,"campfire_upgraded":2,"win_rate":0.0,"timestamp":1614394901,"path_taken":["M","?","M","$","?","$","R","E","T","M","?","?","R","E","R","BOSS"],"items_purchased_type":["Card"],"build_version":"2020-12-22","purchased_purges":0,"victory":false,"max_hp_per_floor":[66,66,66,66,66,66,66,66,66,66,66,66,66,66,66,66,66],"card_choices":[{"not_picked":["Masterful Stab","Bouncing Flask"],"picked":"Quick Slash","floor":1},{"not_picked":["Setup","Flying Knee"],"picked":"Finisher","floor":3},{"not_picked":["Deadly Poison","Sucker Punch"],"picked":"Flying Knee","floor":8},{"not_picked":["Sucker Punch","Caltrops"],"picked":"Burst","floor":10},{"not_picked":["Calculated Gamble","Dagger Throw"],"picked":"Blur","floor":11},{"not_picked":["Eviscerate","Dash","Bouncing Flask"],"picked":"SKIP","floor":14}],"player_experience":1007560,"relics_obtained":[{"floor":8,"key":"Paper Crane"},{"floor":9,"key":"Bottled Flame"},{"floor":14,"key":"Frozen Egg 2"}],"event_choices":[{"damage_healed":0,"gold_gain":0,"player_choice":"Entered Light","damage_taken":20,"max_hp_gain":0,"max_hp_loss":0,"event_name":"Shining Light","floor":2,"gold_loss":0,"cards_upgraded":["Strike_G","Neutralize"]},{"cards_removed":["Strike_G"],"damage_healed":0,"gold_gain":0,"player_choice":"Forget","damage_taken":0,"max_hp_gain":0,"max_hp_loss":0,"event_name":"Living Wall","floor":5,"gold_loss":0},{"damage_healed":0,"gold_gain":0,"player_choice":"Take Damage","damage_taken":23,"relics_obtained":["Golden Idol"],"max_hp_gain":0,"max_hp_loss":0,"event_name":"Golden Idol","floor":12,"gold_loss":0}],"is_beta":false,"boss_relics":[],"items_purged_floors":[],"is_endless":false,"potions_floor_spawned":[1,11],"killed_by":"The Guardian","ascension_level":17}}