{"host":"xkmvu47k9fdstweo","time":1614406157,"event":{"mods":["BaseMod","Colored Map","Conspire","Downfall","Hubris","Minty Spire (QoL Compilation)","Quick Restart","Shop Mod","StSLib","Waifu the Spire"],"gold_per_floor":[109,109,127,141,141,153,9,41,118,118,143,143,168,183,183,288,288,303,2,18,18,18,18,30,40,40,40,4,4,4,16,16,116,166,177,192,65,65,65,65,81,93,119,138,138,138,138,155,155,155],"floor_reached":51,"language":"ENG","playtime":2275,"items_purged":["Strike_P"],"score":717,"play_id":"b6e05a99-2117-46c7-8230-e1421c8a0872","local_time":"20210227010917","is_ascension_mode":false,"campfire_choices":[{"data":"Eruption","floor":15.0,"key":"SMITH"},{"data":"TalkToTheHand+1","floor":23.0,"key":"SMITH"},{"data":"TalkToTheHand+2","floor":27.0,"key":"SMITH"},{"data":"FlyingSleeves","floor":29.0,"key":"SMITH"},{"data":"Meditate","floor":32.0,"key":"SMITH"},{"data":"Establishment","floor":40,"key":"SMITH"},{"data":"WindmillStrike","floor":45,"key":"SMITH"},{"floor":49,"key":"REST"}],"circlet_count":0,"master_deck":["Strike_P+1","Strike_P","Defend_P","Defend_P","Defend_P","Defend_P","Eruption+1","Vigilance","Consecrate","ThirdEye","TalkToTheHand+3","ClearTheMind","Protect","FlyingSleeves+1","Meditate+1","FlurryOfBlows","DevaForm","FollowUp","JustLucky","CarveReality","LikeWater","InnerPeace","EmptyBody","Scrawl","Evaluate+1","Crescendo+1","FlurryOfBlows+1","EmptyFist","Establishment+1","LikeWater+1","Consecrate+1","WindmillStrike+1","BowlingBash+1"],"relics":["PureWater","NeowsBlessing","Vajra","Blood Vial","InkBottle","White Beast Statue","Pear","conspire:SpecialSausage","conspire:InfiniteJournal","MutagenicStrength","Boot","Mummified Hand","Tiny House","Orichalcum"],"acts_visited":["Exordium","TheCity","TheBeyond"],"potions_floor_usage":[35,48,50],"damage_taken":[{"damage":0.0,"enemies":"2 Louse","floor":1.0,"turns":1.0},{"damage":0.0,"enemies":"Cultist","floor":3.0,"turns":1.0},{"damage":0.0,"enemies":"conspire:RoseBush","floor":4.0,"turns":1.0},{"damage":5.0,"enemies":"Looter","floor":6.0,"turns":4.0},{"damage":4.0,"enemies":"Lagavulin","floor":8.0,"turns":10.0},{"damage":12.0,"enemies":"Gremlin Nob","floor":11.0,"turns":5.0},{"damage":3.0,"enemies":"Lagavulin","floor":13.0,"turns":7.0},{"damage":6.0,"enemies":"conspire:2 RoseBushes","floor":14.0,"turns":4.0},{"damage":10.0,"enemies":"Slime Boss","floor":16.0,"turns":10.0},{"damage":13.0,"enemies":"Spheric Guardian","floor":18.0,"turns":4.0},{"damage":13.0,"enemies":"3 Byrds","floor":20.0,"turns":6.0},{"damage":0.0,"enemies":"Cultist and Chosen","floor":24.0,"turns":7.0},{"damage":0.0,"enemies":"conspire:HollyBat","floor":25.0,"turns":8.0},{"damage":16.0,"enemies":"Snake Plant","floor":31.0,"turns":5.0},{"damage":17.0,"enemies":"conspire:MysteriousRune","floor":33.0,"turns":7.0},{"damage":18,"enemies":"3 Darklings","floor":35,"turns":8},{"damage":0,"enemies":"3 Shapes","floor":36,"turns":3},{"damage":23,"enemies":"Spire Growth","floor":41,"turns":4},{"damage":11,"enemies":"Transient","floor":42,"turns":5},{"damage":13,"enemies":"Maw","floor":44,"turns":6},{"damage":9,"enemies":"Spire Growth","floor":48,"turns":4},{"damage":18,"enemies":"conspire:OrnateMirror","floor":50,"turns":18}],"seed_played":"-7516255848329337867","potions_obtained":[{"floor":2.0,"key":"StancePotion"},{"floor":2.0,"key":"Block Potion"},{"floor":2.0,"key":"Weak Potion"},{"floor":11.0,"key":"SmokeBomb"},{"floor":16.0,"key":"SteroidPotion"},{"floor":18.0,"key":"Regen Potion"},{"floor":31.0,"key":"SteroidPotion"},{"floor":35,"key":"Energy Potion"},{"floor":42,"key":"AttackPotion"},{"floor":48,"key":"SpeedPotion"}],"is_trial":false,"path_per_floor":["M","?","M","M","?","M","$","E","T","?","E","?","E","M","R","B",null,"M","$","M","?","?","R","M","M","T","R","$","R","?","M","R","B",null,"M","M","$","?","?","R","M","M","T","M","R","?","?","M","R","B",null],"character_chosen":"WATCHER","items_purchased":["Vajra","conspire:InfiniteJournal","LikeWater","EmptyFist"],"campfire_rested":1,"item_purchase_floors":[7,19,28,37],"current_hp_per_floor":[72,72,72,72,72,67,67,63,63,63,53,53,62,58,58,50,82,69,69,58,58,58,58,60,62,62,62,62,62,62,62,62,47,87,69,71,71,71,71,71,50,41,41,30,30,30,30,23,47,31],"gold":155,"neow_bonus":"THREE_ENEMY_KILL","is_daily":false,"chose_seed":false,"campfire_upgraded":7,"win_rate":0.0,"timestamp":1614406157,"path_taken":["M","?","M","?","?","M","$","E","T","?","E","?","E","?","R","BOSS","M","$","M","?","?","R","M","M","T","R","$","R","?","M","R","BOSS","M","?","$","?","?","R","M","?","T","M","R","?","?","M","R","BOSS"],"items_purchased_type":["Relic","Relic","Card","Card"],"build_version":"2020-12-22","purchased_purges":1,"victory":true,"max_hp_per_floor":[72,72,72,72,72,72,72,72,72,72,72,72,82,82,82,82,82,82,82,82,82,82,82,82,82,82,82,82,82,82,82,82,82,87,87,87,87,87,87,87,87,87,87,87,87,83,83,83,83,83],"card_choices":[{"not_picked":["Halt","Adaptation"],"picked":"Consecrate","floor":1.0},{"not_picked":["CrushJoints","Evaluate"],"picked":"ThirdEye","floor":3.0},{"not_picked":["FollowUp","ReachHeaven"],"picked":"TalkToTheHand","floor":4.0},{"not_picked":["CrushJoints","MasterReality"],"picked":"ClearTheMind","floor":6.0},{"not_picked":["PathToVictory","ThirdEye"],"picked":"Protect","floor":8.0},{"not_picked":["SignatureMove","InnerPeace"],"picked":"FlyingSleeves","floor":11.0},{"not_picked":["TalkToTheHand","Wallop"],"picked":"Meditate","floor":13.0},{"not_picked":["LikeWater","EmptyBody"],"picked":"FlurryOfBlows","floor":14.0},{"not_picked":["MasterReality","Judgement"],"picked":"DevaForm","floor":16.0},{"not_picked":["Worship","PathToVictory"],"picked":"FollowUp","floor":18.0},{"not_picked":["SashWhip","ClearTheMind"],"picked":"JustLucky","floor":20.0},{"not_picked":["Meditate","BattleHymn","FlyingSleeves"],"picked":"SKIP","floor":24.0},{"not_picked":["JustLucky+1","Meditate"],"picked":"CarveReality","floor":25.0},{"not_picked":["SashWhip","ThirdEye"],"picked":"EmptyBody","floor":31.0},{"not_picked":["DeusExMachina","MasterReality"],"picked":"Scrawl","floor":33.0},{"not_picked":["ThirdEye","EmptyBody+1"],"picked":"Evaluate+1","floor":34.0},{"not_picked":["TalkToTheHand","Evaluate+1"],"picked":"Crescendo+1","floor":35},{"not_picked":["ClearTheMind+1","WheelKick"],"picked":"FlurryOfBlows+1","floor":36},{"not_picked":["Judgement","FlyingSleeves+1"],"picked":"LikeWater+1","floor":41},{"not_picked":["EmptyFist+1","Protect+1"],"picked":"Consecrate+1","floor":42},{"not_picked":["DeceiveReality+1","Tantrum"],"picked":"WindmillStrike","floor":44},{"not_picked":["ClearTheMind+1","WaveOfTheHand"],"picked":"BowlingBash+1","floor":48}],"player_experience":350209,"relics_obtained":[{"floor":8.0,"key":"Blood Vial"},{"floor":9.0,"key":"InkBottle"},{"floor":11.0,"key":"White Beast Statue"},{"floor":13.0,"key":"Pear"},{"floor":26.0,"key":"Mummified Hand"},{"floor":43,"key":"Orichalcum"}],"event_choices":[{"damage_healed":0.0,"max_hp_gain":0.0,"max_hp_loss":0.0,"gold_gain":0.0,"event_name":"Lab","player_choice":"Got Potions","floor":2.0,"gold_loss":0.0,"damage_taken":0.0},{"damage_healed":0.0,"max_hp_gain":0.0,"max_hp_loss":0.0,"gold_gain":0.0,"event_name":"conspire:LoneGhost","player_choice":"Disagree","floor":5.0,"gold_loss":0.0,"damage_taken":0.0},{"damage_healed":0.0,"max_hp_gain":0.0,"max_hp_loss":0.0,"gold_gain":0.0,"event_name":"conspire:Investor","player_choice":"Leave","floor":10.0,"gold_loss":0.0,"damage_taken":0.0},{"damage_healed":0.0,"max_hp_gain":0.0,"max_hp_loss":0.0,"gold_gain":0.0,"event_name":"Living Wall","player_choice":"Grow","floor":12.0,"gold_loss":0.0,"damage_taken":0.0,"cards_upgraded":["TalkToTheHand"]},{"damage_healed":0.0,"max_hp_gain":0.0,"max_hp_loss":0.0,"gold_gain":0.0,"event_name":"Drug Dealer","player_choice":"Inject Mutagens","floor":21.0,"gold_loss":0.0,"damage_taken":0.0,"relics_obtained":["MutagenicStrength"]},{"damage_healed":0.0,"max_hp_gain":0.0,"max_hp_loss":0.0,"gold_gain":0.0,"event_name":"The Mausoleum","player_choice":"Opened","floor":22.0,"gold_loss":0.0,"damage_taken":0.0,"relics_obtained":["Boot"]},{"damage_healed":0.0,"max_hp_gain":0.0,"max_hp_loss":0.0,"gold_gain":0.0,"cards_transformed":["Strike_P"],"event_name":"Transmorgrifier","player_choice":"Transformed","floor":30.0,"gold_loss":0.0,"damage_taken":0.0,"cards_obtained":["InnerPeace"]},{"damage_healed":0,"gold_gain":0,"player_choice":"1 cards matched","damage_taken":0,"max_hp_gain":0,"max_hp_loss":0,"event_name":"Match and Keep!","floor":39,"gold_loss":0,"cards_obtained":["Establishment"]},{"damage_healed":0,"gold_gain":0,"player_choice":"Max HP","damage_taken":0,"max_hp_gain":0,"max_hp_loss":4,"event_name":"Winding Halls","floor":46,"gold_loss":0}],"is_beta":false,"boss_relics":[{"not_picked":["hubris:CrackedHourglass","hubris:VirtuousBlindfold"],"picked":"conspire:SpecialSausage"},{"not_picked":["conspire:SlowCooker","hubris:TerracottaHorce"],"picked":"Tiny House"}],"items_purged_floors":[37],"is_endless":false,"potions_floor_spawned":[6,11,13,14,16,18,20,24,25,31,33,35,36,41,42,44,48],"ascension_level":0}}