{"host":"h4s2ow0cl6kdwaz8","time":1614445144,"event":{"mods":["AchievementEnabler","BaseMod","Bestiary","Colored Map","Minty Spire (QoL Compilation)","Permanent Neow","Relic Stats"],"gold_per_floor":[111,127,144,158,175,175,201,201,255,289,59,77,88,106,106,201,201,213,138,148,247,260,260,286,286,286,318,97,97,130,150,150,250,250,264,264,311,326,326,356,379,406,406,406,436,4,0,30,30,30,30,30,30,65,65],"floor_reached":56,"language":"ENG","playtime":5048,"items_purged":["Strike_P","Strike_P","Defend_P"],"score":1538,"play_id":"ae412323-3351-47e2-800d-ff7e02e01ef3","local_time":"20210227165904","is_ascension_mode":true,"campfire_choices":[{"data":"Eruption","floor":6,"key":"SMITH"},{"data":"ForeignInfluence","floor":8,"key":"SMITH"},{"data":"TalkToTheHand","floor":15,"key":"SMITH"},{"floor":23,"key":"RECALL"},{"floor":32,"key":"REST"},{"floor":44,"key":"DIG"},{"floor":49,"key":"DIG"},{"floor":52,"key":"DIG"}],"circlet_count":0,"master_deck":["Defend_P","Defend_P","Defend_P","Eruption+1","Vigilance","ForeignInfluence+1","ThirdEye","FearNoEvil","Wallop","TalkToTheHand+1","SandsOfTime","BowlingBash","Protect","FearNoEvil","FlurryOfBlows","DeusExMachina","Wireheading","FollowUp","SashWhip+1","Adaptation+1","CutThroughFate","WreathOfFlame","Evaluate","Tantrum","Wallop+1","BattleHymn+1","Vault","Madness","Madness","JustLucky+1","Omniscience","ThirdEye+1","JustLucky+1","Nirvana","Vengeance","EmptyFist"],"relics":["Black Star","Meat on the Bone","Eternal Feather","Lantern","Blood Vial","Mummified Hand","Juzu Bracelet","Fusion Hammer","Dream Catcher","Omamori","CaptainsWheel","Strawberry","Bird Faced Urn","Tiny Chest","Pear","SlaversCollar","Shovel","CloakClasp","Kunai","Pantograph","Prayer Wheel","Ice Cream","Mercury Hourglass","HornCleat","Yang","TeardropLocket","Red Mask","TungstenRod","Toy Ornithopter","Ornamental Fan","Shuriken","Art of War","Centennial Puzzle"],"acts_visited":["Exordium","TheCity","TheBeyond","TheEnding"],"potions_floor_usage":[7,16,24,38,48,55,55],"damage_taken":[{"damage":7,"enemies":"Cultist","floor":1,"turns":3},{"damage":2,"enemies":"Jaw Worm","floor":2,"turns":4},{"damage":0,"enemies":"2 Louse","floor":3,"turns":3},{"damage":0,"enemies":"Blue Slaver","floor":4,"turns":3},{"damage":0,"enemies":"Exordium Thugs","floor":5,"turns":3},{"damage":3,"enemies":"3 Sentries","floor":7,"turns":5},{"damage":14,"enemies":"Gremlin Nob","floor":10,"turns":3},{"damage":5,"enemies":"3 Louse","floor":12,"turns":3},{"damage":0,"enemies":"2 Fungi Beasts","floor":13,"turns":2},{"damage":0,"enemies":"Gremlin Gang","floor":14,"turns":2},{"damage":23,"enemies":"The Guardian","floor":16,"turns":8},{"damage":0,"enemies":"Chosen","floor":18,"turns":4},{"damage":14,"enemies":"Shell Parasite","floor":20,"turns":3},{"damage":5,"enemies":"Sentry and Sphere","floor":22,"turns":3},{"damage":28,"enemies":"Slavers","floor":24,"turns":8},{"damage":5,"enemies":"Book of Stabbing","floor":27,"turns":5},{"damage":14,"enemies":"Slavers","floor":30,"turns":3},{"damage":0,"enemies":"Snecko","floor":31,"turns":2},{"damage":44,"enemies":"Champ","floor":33,"turns":7},{"damage":17,"enemies":"3 Darklings","floor":35,"turns":4},{"damage":9,"enemies":"2 Orb Walkers","floor":37,"turns":4},{"damage":18,"enemies":"3 Shapes","floor":38,"turns":4},{"damage":6,"enemies":"Giant Head","floor":40,"turns":8},{"damage":7,"enemies":"Reptomancer","floor":42,"turns":6},{"damage":0,"enemies":"Nemesis","floor":45,"turns":6},{"damage":6,"enemies":"Reptomancer","floor":48,"turns":5},{"damage":53,"enemies":"Donu and Deca","floor":50,"turns":7},{"damage":44,"enemies":"Shield and Spear","floor":54,"turns":4},{"damage":38,"enemies":"The Heart","floor":55,"turns":8}],"seed_played":"-8915511683554703030","potions_obtained":[{"floor":3,"key":"BlessingOfTheForge"},{"floor":5,"key":"Strength Potion"},{"floor":7,"key":"AttackPotion"},{"floor":13,"key":"GamblersBrew"},{"floor":14,"key":"Fire Potion"},{"floor":18,"key":"Energy Potion"},{"floor":22,"key":"ColorlessPotion"},{"floor":48,"key":"Ancient Potion"}],"is_trial":false,"path_per_floor":["M","M","M","M","M","R","E","R","T","E","$","M","M","M","R","B",null,"M","?","M","?","M","R","E","?","T","E","$","?","E","M","R","B",null,"M","?","?","M","?","E","T","E","T","R","E","$","?","E","R","B",null,"R","$","E","B",null],"character_chosen":"WATCHER","items_purchased":["Juzu Bracelet","Evaluate","EntropicBrew","Nirvana","TeardropLocket"],"campfire_rested":1,"item_purchase_floors":[11,28,28,46,46],"current_hp_per_floor":[65,63,63,63,63,63,60,69,69,55,55,52,54,56,65,44,72,72,72,58,58,55,67,41,41,41,45,45,45,59,63,89,45,89,74,63,60,50,50,52,52,53,53,71,79,79,79,83,89,50,89,89,89,49,55],"gold":65,"neow_bonus":"BOSS_RELIC","is_daily":false,"chose_seed":false,"campfire_upgraded":3,"win_rate":0.0,"timestamp":1614445144,"path_taken":["M","?","M","M","M","R","E","R","T","E","$","M","M","M","R","BOSS","M","?","M","?","M","R","E","?","T","E","?","?","E","M","R","BOSS","M","?","?","M","?","E","?","E","T","R","E","$","?","E","R","BOSS","R","$","E","BOSS"],"items_purchased_type":["Relic","Card","Potion","Card","Relic"],"build_version":"2020-12-22","purchased_purges":3,"victory":true,"max_hp_per_floor":[72,72,72,72,72,72,72,72,72,72,72,72,72,72,72,72,72,72,72,72,72,72,72,72,72,72,79,79,79,89,89,89,89,89,89,89,89,89,89,89,89,89,89,89,89,89,89,89,89,89,89,89,89,89,89],"relic_stats":{"counters":[29,130],"Eternal Feather":69,"Yang":[86],"Juzu Bracelet":2,"CloakClasp":[45],"Mercury Hourglass":[111],"Blood Vial":32,"Dream Catcher":1,"Centennial Puzzle":[3],"Shovel":3,"Mummified Hand":[65],"Ornamental Fan":[68],"Shuriken":[11],"Bird Faced Urn":[57],"Pantograph":25,"Tiny Chest":1,"Prayer Wheel":0,"Black Star":10,"Art of War":[0],"Kunai":[30],"obtain_stats":[{"Ice Cream":43,"Lantern":9,"Yang":45,"Juzu Bracelet":11,"CloakClasp":40,"TeardropLocket":46,"Blood Vial":10,"Dream Catcher":24,"Centennial Puzzle":54,"Shovel":37,"HornCleat":45,"Mummified Hand":10,"Strawberry":27,"Pantograph":42,"Tiny Chest":30,"Prayer Wheel":42,"Fusion Hammer":17,"Red Mask":47,"Kunai":40,"Pear":30,"Eternal Feather":7,"Omamori":24,"Mercury Hourglass":44,"SlaversCollar":34,"CaptainsWheel":26,"Ornamental Fan":49,"Shuriken":52,"Bird Faced Urn":27,"Black Star":0,"Art of War":54,"PureWater":0,"TungstenRod":48,"Toy Ornithopter":48,"Meat on the Bone":7},{"Ice Cream":24,"Lantern":6,"Yang":25,"Juzu Bracelet":7,"CloakClasp":23,"TeardropLocket":25,"Blood Vial":7,"Dream Catcher":15,"Centennial Puzzle":28,"Shovel":21,"HornCleat":25,"Mummified Hand":7,"Strawberry":16,"Pantograph":24,"Tiny Chest":17,"Prayer Wheel":24,"Fusion Hammer":11,"Red Mask":25,"Kunai":23,"Pear":17,"Eternal Feather":6,"Omamori":15,"Mercury Hourglass":24,"SlaversCollar":19,"CaptainsWheel":15,"Ornamental Fan":26,"Shuriken":27,"Bird Faced Urn":16,"Black Star":0,"Art of War":28,"PureWater":0,"TungstenRod":26,"Toy Ornithopter":26,"Meat on the Bone":6},{"Ice Cream":100,"Lantern":21,"Yang":106,"Juzu Bracelet":24,"CloakClasp":94,"TeardropLocket":106,"Blood Vial":24,"Dream Catcher":57,"Centennial Puzzle":122,"Shovel":82,"HornCleat":106,"Mummified Hand":24,"Strawberry":62,"Pantograph":100,"Tiny Chest":65,"Prayer Wheel":100,"Fusion Hammer":39,"Red Mask":106,"Kunai":94,"Pear":65,"Eternal Feather":21,"Omamori":57,"Mercury Hourglass":100,"SlaversCollar":74,"CaptainsWheel":57,"Ornamental Fan":111,"Shuriken":118,"Bird Faced Urn":62,"Black Star":0,"Art of War":122,"PureWater":0,"TungstenRod":111,"Toy Ornithopter":111,"Meat on the Bone":21}],"TungstenRod":11,"Toy Ornithopter":10,"Meat on the Bone":24},"card_choices":[{"not_picked":["SashWhip","ThirdEye"],"picked":"ForeignInfluence","floor":1},{"not_picked":["Halt","Evaluate"],"picked":"ThirdEye","floor":2},{"not_picked":["EmptyBody","Nirvana"],"picked":"FearNoEvil","floor":3},{"not_picked":["Fasting2","MasterReality"],"picked":"Wallop","floor":4},{"not_picked":["CrushJoints","PathToVictory"],"picked":"TalkToTheHand","floor":5},{"not_picked":["Meditate","LikeWater"],"picked":"SandsOfTime","floor":7},{"not_picked":["Alpha","ThirdEye"],"picked":"BowlingBash","floor":10},{"not_picked":["Halt","PathToVictory"],"picked":"Protect","floor":12},{"not_picked":["Pray","Collect"],"picked":"FearNoEvil","floor":13},{"not_picked":["Protect","Evaluate"],"picked":"FlurryOfBlows","floor":14},{"not_picked":["MasterReality","Wish"],"picked":"DeusExMachina","floor":16},{"not_picked":["EmptyFist","Vengeance"],"picked":"Wireheading","floor":18},{"not_picked":["SashWhip","EmptyBody+1"],"picked":"FollowUp","floor":20},{"not_picked":["Evaluate","EmptyMind"],"picked":"SashWhip+1","floor":22},{"not_picked":["BattleHymn","SignatureMove+1"],"picked":"Adaptation+1","floor":24},{"not_picked":["Swivel","WaveOfTheHand"],"picked":"WreathOfFlame","floor":27},{"not_picked":["Study","Swivel+1"],"picked":"Tantrum","floor":30},{"not_picked":["WheelKick","FlyingSleeves"],"picked":"Wallop+1","floor":31},{"not_picked":["ForeignInfluence","SashWhip"],"picked":"BattleHymn+1","floor":32},{"not_picked":["Blasphemy","Wish"],"picked":"Vault","floor":33},{"not_picked":["WindmillStrike","WheelKick","Prostrate"],"picked":"SKIP","floor":35},{"not_picked":["Wireheading","Halt"],"picked":"JustLucky+1","floor":37},{"not_picked":["EmptyMind+1","SashWhip+1","PathToVictory+1"],"picked":"SKIP","floor":38},{"not_picked":["CrushJoints","WaveOfTheHand+1"],"picked":"Omniscience","floor":40},{"not_picked":["Collect","BowlingBash"],"picked":"ThirdEye+1","floor":42},{"not_picked":["FollowUp","Halt+1"],"picked":"JustLucky+1","floor":45},{"not_picked":["EmptyBody+1","SashWhip+1"],"picked":"Vengeance","floor":48},{"not_picked":["FlyingSleeves+1","Tantrum"],"picked":"EmptyFist","floor":54}],"player_experience":261294,"relics_obtained":[{"floor":7,"key":"Meat on the Bone"},{"floor":7,"key":"Eternal Feather"},{"floor":9,"key":"Lantern"},{"floor":10,"key":"Blood Vial"},{"floor":10,"key":"Mummified Hand"},{"floor":24,"key":"Dream Catcher"},{"floor":24,"key":"Omamori"},{"floor":26,"key":"CaptainsWheel"},{"floor":27,"key":"Strawberry"},{"floor":27,"key":"Bird Faced Urn"},{"floor":30,"key":"Tiny Chest"},{"floor":30,"key":"Pear"},{"floor":37,"key":"Shovel"},{"floor":40,"key":"CloakClasp"},{"floor":40,"key":"Kunai"},{"floor":42,"key":"Pantograph"},{"floor":42,"key":"Prayer Wheel"},{"floor":43,"key":"Ice Cream"},{"floor":44,"key":"Mercury Hourglass"},{"floor":45,"key":"HornCleat"},{"floor":45,"key":"Yang"},{"floor":48,"key":"TungstenRod"},{"floor":48,"key":"Toy Ornithopter"},{"floor":49,"key":"Ornamental Fan"},{"floor":52,"key":"Shuriken"},{"floor":54,"key":"Art of War"},{"floor":54,"key":"Centennial Puzzle"}],"event_choices":[{"cards_removed":["Strike_P"],"damage_healed":0,"gold_gain":0,"player_choice":"Gave Gold","damage_taken":0,"max_hp_gain":0,"max_hp_loss":0,"event_name":"Beggar","floor":19,"gold_loss":75},{"damage_healed":0,"gold_gain":99,"player_choice":"Stole From Cult","damage_taken":0,"max_hp_gain":0,"max_hp_loss":0,"event_name":"Nest","floor":21,"gold_loss":0},{"damage_healed":0,"gold_gain":0,"player_choice":"Read","damage_taken":0,"max_hp_gain":0,"max_hp_loss":0,"event_name":"The Library","floor":25,"gold_loss":0,"cards_obtained":["CutThroughFate"]},{"damage_healed":0,"gold_gain":0,"player_choice":"Smashed Altar","damage_taken":0,"max_hp_gain":0,"max_hp_loss":0,"event_name":"Forgotten Altar","floor":29,"gold_loss":0,"cards_obtained":["Decay"]},{"damage_healed":0,"gold_gain":0,"player_choice":"Embrace Madness","damage_taken":11,"max_hp_gain":0,"max_hp_loss":0,"event_name":"Winding Halls","floor":36,"gold_loss":0,"cards_obtained":["Madness","Madness"]},{"damage_healed":0,"gold_gain":0,"player_choice":"Fight","damage_taken":0,"max_hp_gain":0,"max_hp_loss":0,"event_name":"Mysterious Sphere","floor":37,"gold_loss":0},{"cards_removed":["Strike_P"],"damage_healed":0,"gold_gain":0,"player_choice":"Purged","damage_taken":0,"max_hp_gain":0,"max_hp_loss":0,"event_name":"Purifier","floor":39,"gold_loss":0},{"damage_healed":0,"gold_gain":0,"player_choice":"Paid","damage_taken":0,"relics_obtained":["Red Mask"],"max_hp_gain":0,"max_hp_loss":0,"event_name":"Tomb of Lord Red Mask","floor":47,"gold_loss":4}],"is_beta":false,"boss_relics":[{"not_picked":["Snecko Eye","Ectoplasm"],"picked":"Fusion Hammer"},{"not_picked":["Velvet Choker","Sozu"],"picked":"SlaversCollar"}],"items_purged_floors":[11,28,46],"is_endless":false,"potions_floor_spawned":[3,5,7,13,14,18,20,22,33,37,48],"ascension_level":3}}