{"host":"d02vqrhhew441p6s","time":1614394637,"event":{"mods":["BaseMod","Downfall","Duelist Mod","Halation","Infinite Spire","Minty Spire (QoL Compilation)","StSLib"],"gold_per_floor":[125,141,155,155,172,72,95,195,222,235,253,253,270,304,317,415,415,415,430,446,466,476,476,476],"floor_reached":23,"language":"ENG","playtime":1259,"items_purged":[],"score":321,"play_id":"0f073743-68e4-4dd7-828e-6f4874960c2e","local_time":"20210227035717","is_ascension_mode":true,"campfire_choices":[{"floor":1,"key":"RECALL"},{"data":"theDuelist:Sogen","floor":6,"key":"SMITH"},{"data":"theDuelist:LightningBlade","floor":18,"key":"SMITH"}],"circlet_count":0,"master_deck":["AscendersBane","theDuelist:CastleWalls","theDuelist:CastleWalls","theDuelist:ColossalFighter","theDuelist:CommandKnight","theDuelist:FeedbackWarrior","theDuelist:FeedbackWarrior","theDuelist:MightyWarrior","theDuelist:Sparks","theDuelist:Sparks","theDuelist:SuperheavySoulbuster","theDuelist:Sogen+1","theDuelist:SuperheavySoulshield","theDuelist:FuryFire","theDuelist:SmashingGround","theDuelist:CombinationAttack","theDuelist:MirrorForce","theDuelist:GauntletWarrior","theDuelist:BetaMagnet","theDuelist:GammaMagnet","theDuelist:SuperheavySwordsman","theDuelist:LightningBlade+1","theDuelist:BullBlader+1","theDuelist:Mudballman","theDuelist:ValkMagnet","theDuelist:MudragonSwamp+1"],"relics":["theDuelist:MillenniumPuzzle","theDuelist:CardPoolRelic","theDuelist:CardPoolBasicRelic","theDuelist:BoosterPackPoolRelic","theDuelist:CardPoolAddRelic","theDuelist:CardPoolMinusRelic","theDuelist:CardPoolSaveRelic","theDuelist:CardPoolOptionsRelic","infinitespire:ShieldingShard","downfall:HeartBlessingRed","MealTicket","theDuelist:ZoneToken","theDuelist:MillenniumRod","bronze:MakeshiftBattery"],"acts_visited":["Exordium","TheCity"],"potions_floor_usage":[14,16,16,21],"damage_taken":[{"damage":0,"enemies":"Small Slimes","floor":2,"turns":2},{"damage":0,"enemies":"2 Louse","floor":3,"turns":2},{"damage":0,"enemies":"Cultist","floor":5,"turns":3},{"damage":20,"enemies":"3 Sentries","floor":9,"turns":5},{"damage":0,"enemies":"Lots of Slimes","floor":10,"turns":1},{"damage":0,"enemies":"3 Louse","floor":11,"turns":1},{"damage":5,"enemies":"Red Slaver","floor":13,"turns":2},{"damage":9,"enemies":"Gremlin Nob","floor":14,"turns":4},{"damage":0,"enemies":"2 Fungi Beasts","floor":15,"turns":2},{"damage":2,"enemies":"SI_SHIV_ARCHETYPE","floor":16,"turns":9},{"damage":29,"enemies":"Shell Parasite","floor":19,"turns":4},{"damage":0,"enemies":"3 Byrds","floor":20,"turns":3},{"damage":6,"enemies":"Centurion and Healer","floor":21,"turns":4},{"damage":13,"enemies":"Shelled Parasite and Fungi","floor":22,"turns":4},{"damage":18,"enemies":"Slavers","floor":23,"turns":2}],"seed_played":"788981014174684129","potions_obtained":[{"floor":5,"key":"theDuelist:BurningPotion"},{"floor":9,"key":"theDuelist:CoolBottle"},{"floor":14,"key":"Explosive Potion"},{"floor":16,"key":"theDuelist:StunPotion"}],"is_trial":false,"path_per_floor":["R","M","M","?","M","R","T","?","E","M","M","?","M","E","M","B",null,"R","M","M","M","M","E"],"character_chosen":"THE_DUELIST","items_purchased":[],"campfire_rested":0,"item_purchase_floors":[],"current_hp_per_floor":[72,72,72,47,47,47,47,47,27,27,27,27,22,13,13,11,63,63,34,34,28,15,0,0],"gold":476,"neow_bonus":"THREE_CARDS","is_daily":false,"chose_seed":false,"campfire_upgraded":2,"win_rate":0.0,"timestamp":1614394637,"path_taken":["R","M","M","?","M","R","T","?","E","M","M","?","?","E","M","BOSS","R","M","M","?","M","E"],"items_purchased_type":[],"build_version":"2020-12-22","purchased_purges":0,"victory":false,"max_hp_per_floor":[80,80,80,80,80,80,80,80,80,80,80,80,80,80,80,80,80,80,80,80,80,80,80,80],"card_choices":[{"not_picked":["theDuelist:SuperheavySoulbeads","theDuelist:OnslaughtFireKings"],"picked":"theDuelist:Sogen","floor":0},{"not_picked":["theDuelist:ImperialOrder","theDuelist:Sogen","theDuelist:CubicKarma"],"picked":"theDuelist:SuperheavySoulshield","floor":2},{"not_picked":["theDuelist:PotDichotomy","theDuelist:BlueBloodedOni","theDuelist:LightningVortex","theDuelist:EarthquakeGiant"],"picked":"theDuelist:FuryFire","floor":3},{"not_picked":["theDuelist:BattleOx","theDuelist:ForbiddenLance","theDuelist:GilfordLegend","theDuelist:WormKing"],"picked":"theDuelist:SmashingGround","floor":5},{"not_picked":["theDuelist:LegendarySword","theDuelist:OnslaughtFireKings","theDuelist:MagneticField","theDuelist:CircleFireKings"],"picked":"theDuelist:CombinationAttack","floor":9},{"not_picked":["theDuelist:Hinotama","theDuelist:WormKing","theDuelist:ForbiddenChalice","theDuelist:RainbowGravity"],"picked":"theDuelist:MirrorForce","floor":10},{"not_picked":["theDuelist:GravityWarrior","theDuelist:CrossAttack"],"picked":"theDuelist:GauntletWarrior","floor":11},{"not_picked":["theDuelist:GauntletWarrior","theDuelist:FeedbackWarrior","theDuelist:RockstoneWarrior","theDuelist:CubicWave"],"picked":"theDuelist:BetaMagnet","floor":13},{"not_picked":["theDuelist:RockstoneWarrior","theDuelist:DokiDoki","theDuelist:ValkMagnet","theDuelist:BetaMagnet"],"picked":"theDuelist:GammaMagnet","floor":14},{"not_picked":["theDuelist:MeteorDestruction","theDuelist:CelticGuardian","theDuelist:SuperheavySoulbuster","theDuelist:ColossalFighter"],"picked":"theDuelist:SuperheavySwordsman","floor":15},{"not_picked":["theDuelist:LightLaser","theDuelist:HeroRing","theDuelist:GravityLash","theDuelist:GladiatorReturn"],"picked":"theDuelist:LightningBlade","floor":16},{"not_picked":["theDuelist:Downbeat","theDuelist:Zombyra","theDuelist:MightyWarrior+1","theDuelist:DokiDoki"],"picked":"theDuelist:BullBlader+1","floor":19},{"not_picked":["theDuelist:Zombyra","theDuelist:FeedbackWarrior","theDuelist:CyberRaider","theDuelist:CubicWave"],"picked":"theDuelist:Mudballman","floor":20},{"not_picked":["theDuelist:RockstoneWarrior","theDuelist:DokiDoki","theDuelist:GammaMagnet","theDuelist:Blockman"],"picked":"theDuelist:ValkMagnet","floor":21},{"not_picked":["theDuelist:BattleOx","theDuelist:ClearKuriboh","theDuelist:GilfordLegend","theDuelist:FuryFire"],"picked":"theDuelist:MudragonSwamp+1","floor":22}],"player_experience":642679,"relics_obtained":[{"floor":7,"key":"MealTicket"},{"floor":9,"key":"theDuelist:ZoneToken"},{"floor":14,"key":"theDuelist:MillenniumRod"}],"event_choices":[{"damage_healed":0,"gold_gain":0,"player_choice":"Success","damage_taken":25,"relics_obtained":["infinitespire:ShieldingShard"],"max_hp_gain":0,"max_hp_loss":0,"event_name":"Scrap Ooze","floor":4,"gold_loss":0},{"damage_healed":0,"gold_gain":0,"player_choice":"Leave","duelist":true,"damage_taken":0,"max_hp_gain":0,"max_hp_loss":0,"event_name":"Egyptian Village","floor":12,"gold_loss":0}],"is_beta":false,"boss_relics":[{"not_picked":["Inserter","Coffee Dripper"],"picked":"bronze:MakeshiftBattery"}],"items_purged_floors":[],"is_endless":false,"potions_floor_spawned":[5,9,14,15,16,21],"killed_by":"Slavers","ascension_level":11}}