{"host":"uyfpom4rlahfoee4","time":1614405803,"event":{"mods":["BaseMod","Downfall","Minty Spire (QoL Compilation)","StSLib"],"gold_per_floor":[99,116,127,127,227,227,254,404,404,425,456,476,476,476,487,590,590,590,605,605,615,626,643,691,691,707,707,742,742,755,775,786,786,786,786],"floor_reached":33,"language":"ENG","playtime":8530,"items_purged":[],"score":269,"play_id":"491baa2a-77b3-40c9-a67b-a0b07bdb0652","local_time":"20210226220323","is_ascension_mode":false,"campfire_choices":[{"data":"sneckomod:TailWhip","floor":1,"key":"SMITH"},{"data":"sneckomod:DiceBoulder","floor":6,"key":"SMITH"},{"data":"sneckomod:DiceBoulder+1","floor":9,"key":"SMITH"},{"floor":13,"key":"REST"},{"data":"sneckomod:DiceBoulder+2","floor":18,"key":"SMITH"},{"floor":25,"key":"REST"},{"floor":27,"key":"REST"},{"floor":29,"key":"REST"}],"circlet_count":0,"master_deck":["sneckomod:Strike","sneckomod:Strike+1","sneckomod:Strike+1","sneckomod:Defend","sneckomod:Defend","sneckomod:Defend","sneckomod:TailWhip+1","sneckomod:SnekBite","sneckomod:Unknown","sneckomod:DiceBoulder+3","downfall:Icky","sneckomod:UnknownClassTHE_BRONZE_AUTOMATON","sneckomod:Restock","sneckomod:UnknownStrike","sneckomod:Cheat","Metallicize","sneckomod:QuickMove","sneckomod:UnknownClassSLIMEBOUND","sneckomod:UnknownColorless+1","sneckomod:DiceCrush+1","Slimebound:SlimeSpikes","sneckomod:Unknown2Cost","sneckomod:WideSting","Corpse Explosion","sneckomod:IronFang+1","sneckomod:UnknownClassSLIMEBOUND+1","sneckomod:ImprovisedGuard"],"relics":["sneckomod:SuperSneckoSoul","Pocketwatch","Whetstone","Odd Mushroom","downfall:RedIOU","Lantern","Anchor"],"acts_visited":["Exordium","TheCity"],"potions_floor_usage":[11,11,15,21,26,28,30,31],"damage_taken":[{"damage":1,"enemies":"Jaw Worm","floor":2,"turns":3},{"damage":6,"enemies":"2 Louse","floor":3,"turns":2},{"damage":23,"enemies":"The Mushroom Lair","floor":10,"turns":5},{"damage":18,"enemies":"Lagavulin","floor":11,"turns":3},{"damage":0,"enemies":"Small Slimes","floor":12,"turns":3},{"damage":6,"enemies":"2 Fungi Beasts","floor":15,"turns":3},{"damage":57,"enemies":"IC_STATUS_ARCHETYPE","floor":16,"turns":10},{"damage":4,"enemies":"Chosen","floor":19,"turns":5},{"damage":27,"enemies":"3 Byrds","floor":21,"turns":7},{"damage":39,"enemies":"Snake Plant","floor":22,"turns":3},{"damage":12,"enemies":"3 Cultists","floor":23,"turns":6},{"damage":0,"enemies":"Snecko","floor":26,"turns":3},{"damage":46,"enemies":"Slavers","floor":28,"turns":4},{"damage":0,"enemies":"Chosen and Byrds","floor":30,"turns":2},{"damage":24,"enemies":"Shelled Parasite and Fungi","floor":31,"turns":5},{"damage":0,"enemies":"Snecko","floor":32,"turns":3},{"damage":31,"enemies":"DF_ARCHETYPE_CLAW","floor":33,"turns":5}],"seed_played":"-7618183253975395219","potions_obtained":[{"floor":2,"key":"champ:CounterPotion"},{"floor":10,"key":"sneckomod:OffclassReductionPotion"},{"floor":15,"key":"Fruit Juice"},{"floor":22,"key":"AttackPotion"},{"floor":28,"key":"DuplicationPotion"},{"floor":30,"key":"sneckomod:DiceRollPotion"}],"is_trial":false,"path_per_floor":["R","M","M","?","?","R","T","?","R","?","E","M","R","?","M","B",null,"R","M","?","M","M","M","T","R","M","R","E","R","M","M","M","B"],"character_chosen":"THE_SNECKO","items_purchased":[],"campfire_rested":4,"item_purchase_floors":[],"current_hp_per_floor":[99,98,92,89,89,89,89,89,89,66,48,48,77,77,76,19,104,104,100,100,73,34,22,22,53,53,84,38,69,69,45,45,14,14,14],"gold":786,"neow_bonus":"TEN_PERCENT_HP_BONUS","is_daily":false,"chose_seed":false,"campfire_upgraded":4,"win_rate":0.0,"timestamp":1614405803,"path_taken":["R","M","M","?","?","R","T","?","R","?","E","M","R","?","M","BOSS","R","M","?","M","M","M","T","R","M","R","E","R","M","M","M","BOSS"],"items_purchased_type":[],"build_version":"2020-12-22","purchased_purges":0,"victory":false,"max_hp_per_floor":[99,99,99,99,99,99,99,99,99,99,99,99,99,99,104,104,104,104,104,104,104,104,104,104,104,104,104,104,104,104,104,104,104,104,104],"card_choices":[{"not_picked":["sneckomod:SnakeSap","sneckomod:UnknownExhaust"],"picked":"sneckomod:DiceBoulder","floor":2},{"not_picked":["sneckomod:PureSnecko","sneckomod:QuickBite"],"picked":"sneckomod:UnknownClassGREEN","floor":3},{"not_picked":["sneckomod:UnknownClassGUARDIAN","sneckomod:Unknown1Cost"],"picked":"sneckomod:UnknownClassTHE_BRONZE_AUTOMATON","floor":10},{"not_picked":["sneckomod:UnknownDraw","sneckomod:Memorize"],"picked":"sneckomod:Restock","floor":11},{"not_picked":["sneckomod:UnknownClassGUARDIAN","sneckomod:TrashToTreasure"],"picked":"sneckomod:UnknownStrike","floor":12},{"not_picked":["sneckomod:UnknownClassTHE_CHAMP_GRAY","sneckomod:UnknownCommonSkill"],"picked":"sneckomod:UnknownClassRED","floor":15},{"not_picked":["sneckomod:DangerNoodle","sneckomod:SoulExchange"],"picked":"sneckomod:Cheat","floor":16},{"not_picked":["sneckomod:PureSnecko","sneckomod:DefensiveFlair"],"picked":"sneckomod:QuickMove","floor":19},{"not_picked":["sneckomod:UnknownDraw+1","sneckomod:UnknownBlock"],"picked":"sneckomod:UnknownClassSLIMEBOUND","floor":21},{"not_picked":["sneckomod:RainOfDice","sneckomod:PureSnecko+1"],"picked":"sneckomod:UnknownColorless+1","floor":22},{"not_picked":["sneckomod:Memorize","sneckomod:UnknownExhaust"],"picked":"sneckomod:DiceCrush+1","floor":23},{"not_picked":["sneckomod:RainOfDice","sneckomod:UnknownClassTHE_CHAMP_GRAY"],"picked":"sneckomod:Unknown2Cost","floor":26},{"not_picked":["sneckomod:Cheat","sneckomod:PureSnecko+1"],"picked":"sneckomod:WideSting","floor":28},{"not_picked":["sneckomod:UnknownColorless","sneckomod:DefensiveFlair+1"],"picked":"sneckomod:IronFang+1","floor":30},{"not_picked":["sneckomod:UnknownClassPURPLE","sneckomod:Unknown1Cost+1"],"picked":"sneckomod:UnknownClassSLIMEBOUND+1","floor":31},{"not_picked":["sneckomod:UnknownClassRED+1","sneckomod:SerpentMind"],"picked":"sneckomod:ImprovisedGuard","floor":32}],"player_experience":238515,"relics_obtained":[{"floor":7,"key":"Whetstone"},{"floor":10,"key":"Odd Mushroom"},{"floor":11,"key":"Pen Nib"},{"floor":24,"key":"Lantern"},{"floor":28,"key":"Anchor"}],"event_choices":[{"damage_healed":0,"gold_gain":0,"player_choice":"Success","damage_taken":3,"relics_obtained":["Pocketwatch"],"max_hp_gain":0,"max_hp_loss":0,"event_name":"Scrap Ooze","floor":4,"gold_loss":0},{"damage_healed":0,"gold_gain":0,"player_choice":"Fought Mushrooms","damage_taken":0,"max_hp_gain":0,"max_hp_loss":0,"event_name":"Mushrooms","floor":10,"gold_loss":0}],"is_beta":false,"boss_relics":[{"not_picked":["Runic Dome","Tiny House"],"picked":"sneckomod:SuperSneckoSoul"}],"items_purged_floors":[],"is_endless":false,"potions_floor_spawned":[2,10,15,22,28,30],"killed_by":"DF_ARCHETYPE_CLAW","ascension_level":0}}