{"host":"c6u7e77myxvw4d0m","time":1614461627,"event":{"mods":["AchievementEnabler","BaseMod","Bestiary","Colored Map","Colored Powertips","Minty Spire (QoL Compilation)","Rare Cards Sparkle","Relic Stats","everything is the same but u backflip on backflip"],"gold_per_floor":[116,130,205,222,239,239,268,268,268,306,306,306,133,150,150,235,235,253,282,282,282],"floor_reached":20,"language":"ENG","playtime":895,"items_purged":["Strike_G"],"score":368,"play_id":"7b0429a8-dca0-4be3-92a2-b5b39c955d2f","local_time":"20210227233347","is_ascension_mode":true,"campfire_choices":[{"data":"Poisoned Stab","floor":6,"key":"SMITH"},{"data":"Catalyst","floor":8,"key":"SMITH"},{"floor":12,"key":"REST"},{"data":"Noxious Fumes","floor":15,"key":"SMITH"}],"circlet_count":0,"master_deck":["AscendersBane","Strike_G","Strike_G+1","Defend_G","Defend_G","Defend_G","Defend_G","Defend_G","Survivor","Neutralize","Poisoned Stab+1","Crippling Poison+1","Footwork","Catalyst+1","Noxious Fumes+1","Bane","Burst","PiercingWail"],"relics":["Velvet Choker","Omamori","CeramicFish","Kunai","Empty Cage"],"acts_visited":["Exordium","TheCity"],"potions_floor_usage":[5,7,10,16],"damage_taken":[{"damage":0,"enemies":"2 Louse","floor":1,"turns":3},{"damage":1,"enemies":"Small Slimes","floor":2,"turns":4},{"damage":4,"enemies":"Jaw Worm","floor":4,"turns":4},{"damage":0,"enemies":"Looter","floor":5,"turns":2},{"damage":5,"enemies":"Lagavulin","floor":7,"turns":7},{"damage":3,"enemies":"Gremlin Nob","floor":10,"turns":3},{"damage":0,"enemies":"3 Louse","floor":14,"turns":2},{"damage":29,"enemies":"The Guardian","floor":16,"turns":9},{"damage":22,"enemies":"Spheric Guardian","floor":18,"turns":4},{"damage":17,"enemies":"3 Byrds","floor":19,"turns":3},{"damage":21,"enemies":"Shelled Parasite and Fungi","floor":20,"turns":2}],"seed_played":"-8309460031294031715","potions_obtained":[{"floor":2,"key":"Fire Potion"},{"floor":4,"key":"AttackPotion"},{"floor":5,"key":"Strength Potion"},{"floor":14,"key":"LiquidBronze"}],"is_trial":false,"path_per_floor":["M","M","?","M","M","R","E","R","T","E","?","R","$","M","R","B",null,"M","M","M"],"character_chosen":"THE_SILENT","items_purchased":["Bane","Regen Potion"],"campfire_rested":1,"item_purchase_floors":[13,13],"current_hp_per_floor":[59,58,47,43,43,43,38,38,38,35,15,34,34,34,34,20,55,33,16,0,0],"gold":282,"neow_bonus":"BOSS_RELIC","is_daily":false,"chose_seed":false,"campfire_upgraded":3,"win_rate":0.0,"timestamp":1614461627,"path_taken":["M","M","?","M","M","R","E","R","T","E","?","R","$","M","R","BOSS","M","M","M"],"items_purchased_type":["Card","Potion"],"build_version":"2020-12-22","purchased_purges":1,"victory":false,"max_hp_per_floor":[66,66,66,66,66,66,66,66,66,66,66,66,66,66,66,66,66,66,66,66,66],"relic_stats":{"counters":[11,43],"CeramicFish":36,"Kunai":[2],"obtain_stats":[{"CeramicFish":9,"Velvet Choker":0,"Omamori":7,"Kunai":10,"Empty Cage":17,"Ring of the Snake":0},{"CeramicFish":5,"Velvet Choker":0,"Omamori":5,"Kunai":6,"Empty Cage":8,"Ring of the Snake":0},{"CeramicFish":20,"Velvet Choker":0,"Omamori":20,"Kunai":23,"Empty Cage":34,"Ring of the Snake":0}]},"card_choices":[{"not_picked":["Outmaneuver","Underhanded Strike"],"picked":"Poisoned Stab","floor":1},{"not_picked":["Predator","Expertise"],"picked":"Crippling Poison","floor":2},{"not_picked":["Acrobatics","Prepared"],"picked":"Footwork","floor":4},{"not_picked":["Underhanded Strike","Deflect","Infinite Blades"],"picked":"SKIP","floor":5},{"not_picked":["Poisoned Stab","Dagger Throw"],"picked":"Catalyst","floor":7},{"not_picked":["Die Die Die","Choke"],"picked":"Noxious Fumes","floor":10},{"not_picked":["Backflip","Outmaneuver","Dagger Throw"],"picked":"SKIP","floor":14},{"not_picked":["Grand Finale","A Thousand Cuts"],"picked":"Burst","floor":16},{"not_picked":["Outmaneuver","Bane","All Out Attack"],"picked":"SKIP","floor":18},{"not_picked":["Escape Plan","Cloak And Dagger"],"picked":"PiercingWail","floor":19}],"player_experience":902924,"relics_obtained":[{"floor":7,"key":"Omamori"},{"floor":9,"key":"CeramicFish"},{"floor":10,"key":"Kunai"}],"event_choices":[{"damage_healed":0,"gold_gain":75,"player_choice":"Gather Gold","damage_taken":11,"max_hp_gain":0,"max_hp_loss":0,"event_name":"World of Goop","floor":3,"gold_loss":0},{"damage_healed":0,"gold_gain":0,"player_choice":"Entered Light","damage_taken":20,"max_hp_gain":0,"max_hp_loss":0,"event_name":"Shining Light","floor":11,"gold_loss":0,"cards_upgraded":["Strike_G","Crippling Poison"]}],"is_beta":false,"boss_relics":[{"not_picked":["Sozu","Runic Dome"],"picked":"Empty Cage"}],"items_purged_floors":[13],"is_endless":false,"potions_floor_spawned":[2,4,5,14],"killed_by":"Shelled Parasite and Fungi","ascension_level":20}}