{"host":"bf5upntvbdompq33","time":1614454226,"event":{"mods":["BaseMod","Bestiary","Colored Map","Colored Powertips","Curses Come First","Highlight Path","Minty Spire (QoL Compilation)","StSLib","ojb\u0027s Info Mod"],"gold_per_floor":[109,109,123,27,27,27,58,58,105,105,121,148,162,172,172,273,273,290,139,113,63,75,75,75],"floor_reached":23,"language":"ENG","playtime":3027,"items_purged":["Strike_B"],"score":362,"play_id":"53c21682-43ad-4de3-8b8b-937f48723d1e","local_time":"20210227123026","is_ascension_mode":true,"campfire_choices":[{"data":"Zap","floor":6,"key":"SMITH"},{"data":"Rainbow","floor":8,"key":"SMITH"},{"data":"Defragment","floor":15,"key":"SMITH"}],"circlet_count":0,"master_deck":["AscendersBane","Strike_B","Defend_B","Defend_B","Defend_B","Defend_B","Zap+1","Dualcast","Glacier","Sweeping Beam","Conserve Battery","Static Discharge","Rainbow+1","Consume","Defragment+1","Glacier","Defragment","Creative AI","Hologram","Ball Lightning","Turbo","Ball Lightning+1","Compile Driver"],"relics":["Cracked Core","NeowsBlessing","Gremlin Horn","Strawberry","Letter Opener","Black Star"],"acts_visited":["Exordium","TheCity"],"potions_floor_usage":[16,20],"damage_taken":[{"damage":0,"enemies":"Jaw Worm","floor":1,"turns":1},{"damage":0,"enemies":"Cultist","floor":3,"turns":1},{"damage":0,"enemies":"Lagavulin","floor":7,"turns":1},{"damage":0,"enemies":"Small Slimes","floor":11,"turns":3},{"damage":12,"enemies":"Gremlin Nob","floor":12,"turns":4},{"damage":0,"enemies":"2 Fungi Beasts","floor":13,"turns":3},{"damage":0,"enemies":"Exordium Thugs","floor":14,"turns":6},{"damage":44,"enemies":"The Guardian","floor":16,"turns":13},{"damage":8,"enemies":"3 Byrds","floor":18,"turns":5},{"damage":27,"enemies":"2 Thieves","floor":20,"turns":5},{"damage":13,"enemies":"Snake Plant","floor":22,"turns":4},{"damage":18,"enemies":"Gremlin Leader","floor":23,"turns":2}],"seed_played":"-4186917074660606915","potions_obtained":[{"floor":3,"key":"PowerPotion"},{"floor":11,"key":"GamblersBrew"}],"is_trial":false,"path_per_floor":["M","?","M","$","?","R","E","R","T","?","M","E","M","M","R","B",null,"M","$","M","?","M","E"],"character_chosen":"DEFECT","items_purchased":["Conserve Battery","Static Discharge","Ball Lightning","Turbo"],"campfire_rested":0,"item_purchase_floors":[4,4,19,19],"current_hp_per_floor":[68,68,68,68,61,61,61,61,68,68,68,56,56,56,56,12,65,57,57,30,30,17,0,0],"gold":75,"neow_bonus":"THREE_ENEMY_KILL","is_daily":false,"chose_seed":false,"campfire_upgraded":3,"win_rate":0.0,"timestamp":1614454226,"path_taken":["M","?","?","$","?","R","E","R","T","?","M","E","M","?","R","BOSS","M","$","M","?","?","E"],"items_purchased_type":["Card","Card","Card","Card"],"build_version":"2020-12-22","purchased_purges":1,"victory":false,"max_hp_per_floor":[75,75,75,75,75,75,75,75,82,82,82,82,82,82,82,82,82,82,82,82,82,82,82,82],"card_choices":[{"not_picked":["Gash","Static Discharge"],"picked":"Glacier","floor":1},{"not_picked":["Turbo","Hologram"],"picked":"Sweeping Beam","floor":3},{"not_picked":["Barrage","Beam Cell"],"picked":"Rainbow","floor":7},{"not_picked":["Barrage","Aggregate"],"picked":"Consume","floor":11},{"not_picked":["Darkness","White Noise"],"picked":"Defragment","floor":12},{"not_picked":["Auto Shields","Cold Snap"],"picked":"Glacier","floor":13},{"not_picked":["Ball Lightning","Storm"],"picked":"Defragment","floor":14},{"not_picked":["Thunder Strike","Meteor Strike"],"picked":"Creative AI","floor":16},{"not_picked":["Conserve Battery","Barrage"],"picked":"Hologram","floor":18},{"not_picked":["Hologram","Force Field"],"picked":"Ball Lightning+1","floor":20},{"not_picked":["Stack","White Noise"],"picked":"Compile Driver","floor":22}],"player_experience":1780965,"relics_obtained":[{"floor":7,"key":"Gremlin Horn"},{"floor":9,"key":"Strawberry"},{"floor":12,"key":"Letter Opener"}],"event_choices":[{"damage_healed":0,"gold_gain":0,"player_choice":"Bought 0 Potions","damage_taken":0,"max_hp_gain":0,"max_hp_loss":0,"event_name":"The Woman in Blue","floor":2,"gold_loss":0},{"cards_removed":["Strike_B"],"damage_healed":0,"gold_gain":0,"player_choice":"Card Removal","damage_taken":7,"max_hp_gain":0,"max_hp_loss":0,"event_name":"Golden Wing","floor":5,"gold_loss":0},{"cards_removed":["Strike_B"],"damage_healed":0,"gold_gain":0,"player_choice":"Purged","damage_taken":0,"max_hp_gain":0,"max_hp_loss":0,"event_name":"Purifier","floor":10,"gold_loss":0},{"damage_healed":0,"gold_gain":0,"player_choice":"Bet on Murderer","damage_taken":0,"max_hp_gain":0,"max_hp_loss":0,"event_name":"The Joust","floor":21,"gold_loss":50}],"is_beta":false,"boss_relics":[{"not_picked":["Calling Bell","Runic Pyramid"],"picked":"Black Star"}],"items_purged_floors":[19],"is_endless":false,"potions_floor_spawned":[3,11,12],"killed_by":"Gremlin Leader","ascension_level":12}}