{"host":"n605f8gctjc87d7h","time":1614448205,"event":{"mods":["Aspiration","Bard","BaseMod","Bestiary","Better Match","Better Note","Better Skull","Better Third Choice","Conspire","Downfall","Halation","Hermit","Infinite Spire","JesterMod","Minty Spire (QoL Compilation)","Reliquary","Replay The Spire","Retaliation","Shade Mod","Spicy Shops","StS++","StSLib","The Blue Laboratory","The IronCluck","The Jungle","The Runesmith","TheSurvivalist"],"gold_per_floor":[364,376,107,47,47,47,47,67,94,94,94,94,118,133,133,226,226,247,247,266,266,266],"floor_reached":21,"language":"ENG","playtime":1179,"items_purged":["downfall:Bewildered","Injury"],"score":321,"play_id":"4fadfeed-36b9-4b64-aaa6-6f65a7f9a49a","local_time":"20210227095005","is_ascension_mode":true,"campfire_choices":[{"floor":6,"key":"REST"},{"data":"Zap","floor":10,"key":"SMITH"},{"floor":12,"key":"REST"},{"floor":15,"key":"REST"}],"circlet_count":0,"master_deck":["AscendersBane","Strike_B","Strike_B","Defend_B","Defend_B","Defend_B","Zap+1","Dualcast","Gash","ReplayTheSpireMod:System Scan","Mayhem+1","BootSequence","ReplayTheSpireMod:Book of Names","ReplayTheSpireMod:Calculation Training","Rainbow","Capacitor","Amplify+1","Steam Power+1","Capacitor+1","infinitespire:Menacing","Leap"],"relics":["Cracked Core","betterThird:SlimedRelic","Golden Idol","Smiling Mask","SacredBark","halation:OrihimeAndHikoboshiSamaAndTears","Astrolabe"],"acts_visited":["Exordium","TheCity"],"potions_floor_usage":[13,14,16],"damage_taken":[{"damage":15,"enemies":"2 Louse","floor":1,"turns":3},{"damage":7,"enemies":"Small Slimes","floor":2,"turns":3},{"damage":2,"enemies":"conspire:RoseBush","floor":8,"turns":4},{"damage":11,"enemies":"conspire:2 RoseBushes","floor":13,"turns":5},{"damage":2,"enemies":"2 Fungi Beasts","floor":14,"turns":3},{"damage":38,"enemies":"Slime Boss","floor":16,"turns":8},{"damage":33,"enemies":"3 Byrds","floor":18,"turns":7},{"damage":10,"enemies":"2 Thieves","floor":20,"turns":5},{"damage":32,"enemies":"Chosen and Byrds","floor":21,"turns":4}],"seed_played":"5221277099644814130","potions_obtained":[{"floor":1,"key":"blueLaboratory:AbyssPotion"},{"floor":8,"key":"blueLaboratory:RelayPotion"},{"floor":14,"key":"Explosive Potion"}],"is_trial":false,"path_per_floor":["M","M","$","?","?","R","?","M","T","R","?","R","M","M","R","B",null,"M","AVR","M","M"],"character_chosen":"DEFECT","items_purchased":["Mayhem"],"campfire_rested":3,"item_purchase_floors":[3],"current_hp_per_floor":[49,42,42,31,31,52,52,50,50,50,33,54,43,41,62,24,59,26,26,16,0,0],"gold":266,"neow_bonus":"TWO_FIFTY_GOLD","is_daily":false,"chose_seed":false,"campfire_upgraded":1,"win_rate":0.0,"timestamp":1614448205,"path_taken":["M","M","$","?","?","R","?","M","T","R","?","R","M","?","R","BOSS","M","AVR","M","M"],"items_purchased_type":["Card"],"build_version":"2020-12-22","purchased_purges":2,"victory":false,"max_hp_per_floor":[71,71,71,71,71,71,71,71,71,71,71,71,71,71,71,71,71,71,71,71,71,71],"card_choices":[{"not_picked":["Sweeping Beam","conspire:SharedLibrary"],"picked":"Gash","floor":1},{"not_picked":["Streamline","Panic Button"],"picked":"ReplayTheSpireMod:System Scan","floor":2},{"not_picked":["Sweeping Beam","Panic Button"],"picked":"BootSequence","floor":8},{"not_picked":["ReplayTheSpireMod:Echoes of Time","infinitespire:FinalStrike"],"picked":"ReplayTheSpireMod:Book of Names","floor":11},{"not_picked":["Coolheaded","Undo","ReplaySort"],"picked":"SKIP","floor":13},{"not_picked":["BasicCrystalCard","Hologram"],"picked":"ReplayTheSpireMod:Calculation Training","floor":14},{"not_picked":["Seek","StSpp:Saturation"],"picked":"Rainbow","floor":16},{"not_picked":["White Noise","Turbo"],"picked":"Capacitor","floor":18},{"not_picked":["Sunder","Panic Button"],"picked":"Leap","floor":20}],"player_experience":928327,"relics_obtained":[{"floor":9,"key":"Smiling Mask"}],"event_choices":[{"damage_healed":0,"gold_gain":0,"player_choice":"Slimed","damage_taken":11,"max_hp_gain":0,"max_hp_loss":0,"event_name":"betterThird:BetterGoop","floor":4,"gold_loss":60},{"damage_healed":0,"gold_gain":0,"player_choice":"Take Wound","damage_taken":0,"relics_obtained":["Golden Idol"],"max_hp_gain":0,"max_hp_loss":0,"event_name":"Golden Idol","floor":7,"gold_loss":0,"cards_obtained":["Injury"]}],"is_beta":false,"boss_relics":[{"not_picked":["Abe\u0027s Treasure","Coffee Dripper"],"picked":"SacredBark"}],"items_purged_floors":[3,19],"is_endless":false,"potions_floor_spawned":[1,8,14],"killed_by":"Chosen and Byrds","ascension_level":18}}