{"host":"szp1d6dso4pv7ddl","time":1614401490,"event":{"mods":["AchievementEnabler","Alarm Clock","BaseMod","Bestiary","Block Reminder","Colored Map","Colored Powertips","Curses Come First","Dark Map","Displayed Cursed Tome","Highlight Path","Minty Spire (QoL Compilation)","Permanent Neow","Quick Restart","Relic Sorter","Relic Stats","StSLib","Synergy Search"],"gold_per_floor":[361,361,375,391,93,93,125,142,167,167,197,197,197,212,212,289,289,259,137,151,151,151,151,186,186,186,196,196,196,209,224,224,303,303,316,641,691,701,464,464,464,464,464,464,464],"floor_reached":44,"language":"ENG","playtime":3591,"items_purged":["Riddle With Holes"],"score":893,"play_id":"7fb731bc-0bb9-4bc3-a982-76c5b4203f74","local_time":"20210226205130","is_ascension_mode":true,"campfire_choices":[{"data":"Crippling Poison","floor":6.0,"key":"SMITH"},{"floor":13.0,"key":"REST"},{"data":"Leg Sweep","floor":15.0,"key":"SMITH"},{"data":"After Image","floor":23.0,"key":"SMITH"},{"floor":25.0,"key":"REST"},{"floor":29.0,"key":"REST"},{"floor":32.0,"key":"REST"},{"data":"Enlightenment","floor":40.0,"key":"SMITH"},{"floor":42.0,"key":"REST"}],"circlet_count":0,"master_deck":["AscendersBane","Defend_G","Defend_G","Defend_G","Defend_G","Survivor+1","Neutralize","Blade Dance","Crippling Poison+1","Sadistic Nature","Blade Dance+1","Deadly Poison","Sucker Punch","Sucker Punch","Leg Sweep+1","Deadly Poison","After Image+1","Blade Dance+1","Heel Hook+1","Predator+1","Bouncing Flask","Well Laid Plans","Crippling Poison+1","Venomology","Tools of the Trade","Night Terror","Footwork","Poisoned Stab+1","Sucker Punch+1","Bullet Time","Deadly Poison","PiercingWail","Enlightenment+1"],"relics":["Ring of the Serpent","Juzu Bracelet","Orichalcum","MealTicket","War Paint","Astrolabe","Vajra","Paper Crane","Enchiridion","Old Coin","Toxic Egg 2"],"acts_visited":["Exordium","TheCity","TheBeyond"],"potions_floor_usage":[44],"damage_taken":[{"damage":0.0,"enemies":"2 Louse","floor":1.0,"turns":4.0},{"damage":5.0,"enemies":"Small Slimes","floor":3.0,"turns":3.0},{"damage":0.0,"enemies":"Cultist","floor":4.0,"turns":4.0},{"damage":21.0,"enemies":"3 Sentries","floor":7.0,"turns":8.0},{"damage":2.0,"enemies":"2 Fungi Beasts","floor":8.0,"turns":3.0},{"damage":18.0,"enemies":"Lagavulin","floor":11.0,"turns":5.0},{"damage":2.0,"enemies":"Lots of Slimes","floor":14.0,"turns":2.0},{"damage":16.0,"enemies":"The Guardian","floor":16.0,"turns":10.0},{"damage":0.0,"enemies":"2 Thieves","floor":18.0,"turns":4.0},{"damage":1.0,"enemies":"3 Byrds","floor":20.0,"turns":4.0},{"damage":36.0,"enemies":"Book of Stabbing","floor":24.0,"turns":6.0},{"damage":6.0,"enemies":"Centurion and Healer","floor":27.0,"turns":5.0},{"damage":0.0,"enemies":"Sentry and Sphere","floor":30.0,"turns":3.0},{"damage":15.0,"enemies":"Shelled Parasite and Fungi","floor":31.0,"turns":4.0},{"damage":33.0,"enemies":"Collector","floor":33.0,"turns":7.0},{"damage":3.0,"enemies":"Orb Walker","floor":35.0,"turns":3.0},{"damage":0.0,"enemies":"Mind Bloom Boss Battle","floor":36.0,"turns":7.0},{"damage":28.0,"enemies":"3 Darklings","floor":38.0,"turns":5.0},{"damage":58,"enemies":"Giant Head","floor":44,"turns":7}],"seed_played":"2835418090371011855","potions_obtained":[{"floor":3.0,"key":"Fire Potion"},{"floor":7.0,"key":"DuplicationPotion"},{"floor":8.0,"key":"FearPotion"},{"floor":11.0,"key":"LiquidMemories"},{"floor":16.0,"key":"Fruit Juice"},{"floor":27.0,"key":"PowerPotion"},{"floor":30.0,"key":"Weak Potion"},{"floor":33.0,"key":"ColorlessPotion"}],"is_trial":false,"path_per_floor":["M","?","M","M","$","R","E","M","T","?","E","?","R","M","R","B",null,"M","$","M","?","?","R","E","R","T","M","?","R","M","M","R","B",null,"M","?","?","M","$","R","?","R","T","E"],"character_chosen":"THE_SILENT","items_purchased":["Sadistic Nature","Blade Dance","Deadly Poison","Bouncing Flask","Well Laid Plans","Enlightenment","Swift Potion"],"campfire_rested":5,"item_purchase_floors":[5,5,5,19,19,39,39],"current_hp_per_floor":[59,52,47,47,47,47,26,24,24,24,6,6,24,22,22,6,47,47,60,59,59,59,59,23,41,41,35,14,32,37,22,41,8,51,48,48,48,20,35,35,35,53,53,0,0],"gold":464,"neow_bonus":"TWO_FIFTY_GOLD","is_daily":false,"chose_seed":false,"campfire_upgraded":4,"win_rate":0.0,"timestamp":1614401490,"path_taken":["M","?","M","M","$","R","E","M","T","?","E","?","R","M","R","BOSS","M","$","M","?","?","R","E","R","T","M","?","R","M","M","R","BOSS","M","?","?","M","$","R","?","R","T","E"],"items_purchased_type":["Card","Card","Card","Card","Card","Card","Potion"],"build_version":"2020-12-22","purchased_purges":1,"victory":false,"max_hp_per_floor":[60,60,60,60,60,60,60,60,60,60,60,60,60,60,60,60,60,60,60,60,60,60,60,60,60,60,60,60,60,65,65,65,65,65,65,65,65,65,65,65,62,62,62,62,62],"relic_stats":{"counters":[19,94],"Astrolabe":["Blade Dance","Heel Hook","Predator"],"MealTicket":28,"Juzu Bracelet":3,"Orichalcum":[84],"War Paint":["Survivor","Blade Dance"],"obtain_stats":[{"Astrolabe":17,"Vajra":24,"Enchiridion":28,"MealTicket":10,"Juzu Bracelet":7,"Orichalcum":9,"War Paint":11,"Paper Crane":26,"Toxic Egg 2":43,"Ring of the Serpent":34,"Ring of the Snake":0,"Old Coin":36},{"Astrolabe":8,"Vajra":11,"Enchiridion":12,"MealTicket":5,"Juzu Bracelet":4,"Orichalcum":5,"War Paint":6,"Paper Crane":11,"Toxic Egg 2":18,"Ring of the Serpent":15,"Ring of the Snake":0,"Old Coin":17},{"Astrolabe":39,"Vajra":53,"Enchiridion":58,"MealTicket":22,"Juzu Bracelet":19,"Orichalcum":22,"War Paint":27,"Paper Crane":53,"Toxic Egg 2":87,"Ring of the Serpent":72,"Ring of the Snake":0,"Old Coin":82}]},"card_choices":[{"not_picked":["Blur","Outmaneuver"],"picked":"Blade Dance","floor":1.0},{"not_picked":["Deflect","Prepared"],"picked":"Riddle With Holes","floor":3.0},{"not_picked":["Backflip","Poisoned Stab"],"picked":"Crippling Poison","floor":4.0},{"not_picked":["Predator","Finisher"],"picked":"Sucker Punch","floor":7.0},{"not_picked":["Expertise","Backflip"],"picked":"Sucker Punch","floor":8.0},{"not_picked":["Concentrate","Sucker Punch"],"picked":"Leg Sweep","floor":11.0},{"not_picked":["Cloak And Dagger","Concentrate"],"picked":"Deadly Poison","floor":14.0},{"not_picked":["Glass Knife","Die Die Die"],"picked":"After Image","floor":16.0},{"not_picked":["Dodge and Roll","Dagger Throw","Outmaneuver"],"picked":"SKIP","floor":18.0},{"not_picked":["Prepared","Backflip","Dagger Throw"],"picked":"SKIP","floor":20.0},{"not_picked":["Outmaneuver+1","Dagger Spray"],"picked":"Night Terror","floor":24.0},{"not_picked":["Cloak And Dagger","Underhanded Strike"],"picked":"Footwork","floor":27.0},{"not_picked":["Quick Slash","Acrobatics"],"picked":"Poisoned Stab+1","floor":30.0},{"not_picked":["Blade Dance","Cloak And Dagger"],"picked":"Sucker Punch+1","floor":31.0},{"not_picked":["After Image","Grand Finale"],"picked":"Bullet Time","floor":33.0},{"not_picked":["Deflect+1","Sucker Punch","Distraction"],"picked":"SKIP","floor":35.0},{"not_picked":["Slice","Masterful Stab+1"],"picked":"Deadly Poison","floor":36.0},{"not_picked":["Backflip","Blade Dance+1"],"picked":"PiercingWail","floor":38.0}],"player_experience":1668590,"relics_obtained":[{"floor":7.0,"key":"Juzu Bracelet"},{"floor":9.0,"key":"Orichalcum"},{"floor":11.0,"key":"War Paint"},{"floor":24.0,"key":"Vajra"},{"floor":26.0,"key":"Paper Crane"},{"floor":36.0,"key":"Old Coin"},{"floor":43.0,"key":"Toxic Egg 2"}],"event_choices":[{"cards_removed":["Strike_G"],"damage_healed":0.0,"max_hp_gain":0.0,"max_hp_loss":0.0,"gold_gain":0.0,"event_name":"Golden Wing","player_choice":"Card Removal","floor":2.0,"gold_loss":0.0,"damage_taken":7.0},{"damage_healed":0.0,"max_hp_gain":0.0,"max_hp_loss":0.0,"gold_gain":0.0,"event_name":"WeMeetAgain","player_choice":"Gave Potion","floor":10.0,"gold_loss":0.0,"damage_taken":0.0,"relics_obtained":["MealTicket"]},{"damage_healed":0.0,"max_hp_gain":0.0,"max_hp_loss":0.0,"gold_gain":0.0,"event_name":"Shining Light","player_choice":"Ignored","floor":12.0,"gold_loss":0.0,"damage_taken":0.0},{"damage_healed":0.0,"max_hp_gain":0.0,"max_hp_loss":0.0,"gold_gain":0.0,"event_name":"Duplicator","player_choice":"Copied","floor":21.0,"gold_loss":0.0,"damage_taken":0.0,"cards_obtained":["Crippling Poison"]},{"damage_healed":0.0,"max_hp_gain":0.0,"max_hp_loss":0.0,"gold_gain":0.0,"cards_transformed":["Strike_G","Defend_G"],"event_name":"Drug Dealer","player_choice":"Became Test Subject","floor":22.0,"gold_loss":0.0,"damage_taken":0.0,"cards_obtained":["Venomology","Tools of the Trade"]},{"damage_healed":0.0,"max_hp_gain":0.0,"max_hp_loss":0.0,"gold_gain":0.0,"event_name":"Cursed Tome","player_choice":"Obtained Book","floor":28.0,"gold_loss":0.0,"damage_taken":21.0},{"damage_healed":0.0,"max_hp_gain":0.0,"max_hp_loss":0.0,"gold_gain":0.0,"event_name":"MindBloom","player_choice":"Fight","floor":36.0,"gold_loss":0.0,"damage_taken":0.0},{"damage_healed":0.0,"max_hp_gain":0.0,"max_hp_loss":0.0,"gold_gain":50.0,"event_name":"Golden Shrine","player_choice":"Pray","floor":37.0,"gold_loss":0.0,"damage_taken":0.0},{"damage_healed":0.0,"max_hp_gain":0.0,"max_hp_loss":3.0,"gold_gain":0.0,"event_name":"Winding Halls","player_choice":"Max HP","floor":41.0,"gold_loss":0.0,"damage_taken":0.0}],"is_beta":false,"boss_relics":[{"not_picked":["Black Star","Ectoplasm"],"picked":"Astrolabe"},{"not_picked":["Runic Dome","Philosopher\u0027s Stone"],"picked":"Ring of the Serpent"}],"items_purged_floors":[39],"is_endless":false,"potions_floor_spawned":[3,7,8,11,16,27,30,31,33],"killed_by":"Giant Head","ascension_level":20}}