{"host":"ww12db68ec84yd8w","time":1614403766,"event":{"mods":["BaseMod","Colored Map","Minty Spire (QoL Compilation)","StSLib"],"gold_per_floor":[119,133,145,145,155,183,197,40,40,69,79,79,79,119,119,249,312,327,327,345,345,27,27,68,83,83,98,98,98,111,111,111],"floor_reached":31,"language":"ENG","playtime":1557,"items_purged":["Strike_G"],"score":277,"play_id":"87ba4da4-5dc6-4dc6-a6b9-b73bef91eab3","local_time":"20210226212926","is_ascension_mode":false,"campfire_choices":[{"floor":12,"key":"REST"},{"floor":15,"key":"REST"},{"data":"Footwork","floor":23,"key":"SMITH"},{"floor":29,"key":"REST"}],"circlet_count":0,"master_deck":["Strike_G","Strike_G","Strike_G","Strike_G","Defend_G","Defend_G","Defend_G","Defend_G","Defend_G","Survivor","Neutralize+1","Escape Plan","Footwork+1","Quick Slash","Dagger Spray","Flying Knee","Dagger Throw+1","Unload","Escape Plan","Venomology","Acrobatics","Cloak And Dagger","Terror","Underhanded Strike","Blade Dance","Flechettes","A Thousand Cuts"],"relics":["Ring of the Snake","NeowsBlessing","Shovel","HandDrill","Mummified Hand","Golden Idol","Incense Burner","Tiny House","Mercury Hourglass","StoneCalendar","Kunai"],"acts_visited":["Exordium","TheCity"],"potions_floor_usage":[14,14,16,16,18,24,24,25,27,27,27,30,31],"damage_taken":[{"damage":0,"enemies":"2 Louse","floor":1,"turns":1},{"damage":0,"enemies":"Cultist","floor":2,"turns":1},{"damage":0,"enemies":"Jaw Worm","floor":3,"turns":1},{"damage":0,"enemies":"Exordium Wildlife","floor":5,"turns":5},{"damage":30,"enemies":"3 Sentries","floor":6,"turns":8},{"damage":0,"enemies":"Large Slime","floor":7,"turns":4},{"damage":16,"enemies":"Gremlin Nob","floor":10,"turns":5},{"damage":7,"enemies":"Gremlin Gang","floor":11,"turns":5},{"damage":5,"enemies":"Lagavulin","floor":14,"turns":6},{"damage":15,"enemies":"Slime Boss","floor":16,"turns":11},{"damage":13,"enemies":"2 Thieves","floor":18,"turns":4},{"damage":3,"enemies":"Shell Parasite","floor":20,"turns":4},{"damage":37,"enemies":"Gremlin Leader","floor":24,"turns":7},{"damage":14,"enemies":"Centurion and Healer","floor":25,"turns":6},{"damage":5,"enemies":"Cultist and Chosen","floor":27,"turns":4},{"damage":20,"enemies":"3 Cultists","floor":30,"turns":6},{"damage":11,"enemies":"Slavers","floor":31,"turns":2}],"seed_played":"2632282140832764586","potions_obtained":[{"floor":3,"key":"Block Potion"},{"floor":6,"key":"GhostInAJar"},{"floor":11,"key":"Energy Potion"},{"floor":14,"key":"SkillPotion"},{"floor":17,"key":"Regen Potion"},{"floor":18,"key":"LiquidBronze"}],"is_trial":false,"path_per_floor":["M","M","M","?","M","E","M","$","T","E","M","R","?","E","R","B",null,"M","?","M","?","$","R","E","M","T","M","$","R","M","E"],"character_chosen":"THE_SILENT","items_purchased":["HandDrill","Mercury Hourglass"],"campfire_rested":3,"item_purchase_floors":[8,22],"current_hp_per_floor":[70,70,70,70,70,40,40,40,40,24,17,38,21,16,37,22,75,62,62,59,59,59,59,22,20,20,15,15,37,17,6,6],"gold":111,"neow_bonus":"THREE_ENEMY_KILL","is_daily":false,"chose_seed":false,"campfire_upgraded":1,"win_rate":0.0,"timestamp":1614403766,"path_taken":["M","M","M","?","?","E","M","$","T","E","M","R","?","E","R","BOSS","M","?","M","?","$","R","E","M","T","M","?","R","?","E"],"items_purchased_type":["Relic","Relic"],"build_version":"2020-12-22","purchased_purges":1,"victory":false,"max_hp_per_floor":[70,70,70,70,70,70,70,70,70,70,70,70,70,70,70,70,75,75,75,75,75,75,75,75,75,75,75,75,75,75,75,75],"card_choices":[{"not_picked":["Cloak And Dagger","Tactician"],"picked":"Escape Plan","floor":1},{"not_picked":["Predator","Blade Dance"],"picked":"Footwork","floor":2},{"not_picked":["Catalyst","Prepared"],"picked":"Quick Slash","floor":3},{"not_picked":["Blade Dance","Outmaneuver"],"picked":"Dagger Spray","floor":5},{"not_picked":["Underhanded Strike","Poisoned Stab"],"picked":"Flying Knee","floor":6},{"not_picked":["Bane","Acrobatics"],"picked":"Dagger Throw","floor":7},{"not_picked":["Quick Slash","Outmaneuver"],"picked":"Unload","floor":10},{"not_picked":["Choke","Blade Dance"],"picked":"Escape Plan","floor":11},{"not_picked":["Noxious Fumes","Backstab","Underhanded Strike"],"picked":"SKIP","floor":14},{"not_picked":["Tools of the Trade","Wraith Form v2"],"picked":"Venomology","floor":16},{"not_picked":["Dagger Spray","Flechettes"],"picked":"Acrobatics","floor":17},{"not_picked":["Acrobatics+1","Bane"],"picked":"Cloak And Dagger","floor":18},{"not_picked":["Deflect","Masterful Stab"],"picked":"Terror","floor":20},{"not_picked":["Dagger Spray","PiercingWail"],"picked":"Blade Dance","floor":24},{"not_picked":["Slice","Tactician"],"picked":"Flechettes","floor":25},{"not_picked":["Noxious Fumes","Deadly Poison+1","Well Laid Plans"],"picked":"SKIP","floor":27},{"not_picked":["Calculated Gamble","Deflect"],"picked":"A Thousand Cuts","floor":30}],"player_experience":235614,"relics_obtained":[{"floor":6,"key":"Shovel"},{"floor":10,"key":"Mummified Hand"},{"floor":14,"key":"Incense Burner"},{"floor":24,"key":"StoneCalendar"},{"floor":26,"key":"Kunai"}],"event_choices":[{"damage_healed":0,"gold_gain":0,"player_choice":"Forge","damage_taken":0,"max_hp_gain":0,"max_hp_loss":0,"event_name":"Accursed Blacksmith","floor":4,"gold_loss":0,"cards_upgraded":["Neutralize"]},{"damage_healed":0,"gold_gain":0,"player_choice":"Take Damage","damage_taken":17,"relics_obtained":["Golden Idol"],"max_hp_gain":0,"max_hp_loss":0,"event_name":"Golden Idol","floor":13,"gold_loss":0},{"damage_healed":0,"gold_gain":0,"player_choice":"Ignored","damage_taken":0,"max_hp_gain":0,"max_hp_loss":0,"event_name":"Ghosts","floor":19,"gold_loss":0},{"damage_healed":0,"gold_gain":0,"player_choice":"Read","damage_taken":0,"max_hp_gain":0,"max_hp_loss":0,"event_name":"The Library","floor":21,"gold_loss":0,"cards_obtained":["Underhanded Strike"]}],"is_beta":false,"boss_relics":[{"not_picked":["Ectoplasm","Snecko Eye"],"picked":"Tiny House"}],"items_purged_floors":[22],"is_endless":false,"potions_floor_spawned":[3,6,11,14,18],"killed_by":"Slavers","ascension_level":0}}