{"host":"2c84cb4cp1emursg","time":1614385607,"event":{"mods":["Act Like it!","BaseMod","Better Third Choice","Bossed Relics","Hermit","Minty Spire (QoL Compilation)","Permanent Neow","Reliquary","StSLib","The Blue Laboratory"],"gold_per_floor":[110,130,95,109,127,159,159,159,159],"floor_reached":8,"language":"ENG","playtime":448,"items_purged":[],"score":75,"play_id":"962b05f7-4bfa-4fdd-ae3f-135f5e2c7eab","local_time":"20210226172647","is_ascension_mode":true,"campfire_choices":[{"data":"Backflip","floor":7,"key":"SMITH"}],"circlet_count":0,"master_deck":["Strike_G","Strike_G","Strike_G","Strike_G","Strike_G","Defend_G","Defend_G","Defend_G","Defend_G","Defend_G","Survivor","Neutralize","Dagger Throw","Slice","Dagger Spray","Backflip+1","Slice"],"relics":["Ring of the Snake","Potion Belt","Orichalcum"],"acts_visited":["Exordium"],"potions_floor_usage":[6,8],"damage_taken":[{"damage":0,"enemies":"2 Louse","floor":1,"turns":4},{"damage":1,"enemies":"Jaw Worm","floor":2,"turns":3},{"damage":1,"enemies":"Cultist","floor":4,"turns":3},{"damage":9,"enemies":"Blue Slaver","floor":5,"turns":4},{"damage":32,"enemies":"Lagavulin","floor":6,"turns":8},{"damage":39,"enemies":"Gremlin Nob","floor":8,"turns":5}],"seed_played":"-81266611283748002","potions_obtained":[{"floor":4,"key":"blueLaboratory:BottleOfVodka"},{"floor":5,"key":"Explosive Potion"},{"floor":6,"key":"blueLaboratory:LouseDecoction"}],"is_trial":false,"path_per_floor":["M","M","?","M","M","E","R","E"],"character_chosen":"THE_SILENT","items_purchased":[],"campfire_rested":0,"item_purchase_floors":[],"current_hp_per_floor":[63,62,70,69,60,28,28,0,0],"gold":159,"neow_bonus":"RANDOM_COMMON_RELIC","is_daily":false,"chose_seed":false,"campfire_upgraded":1,"win_rate":0.0,"timestamp":1614385607,"path_taken":["M","M","?","M","M","E","R","E"],"items_purchased_type":[],"build_version":"2020-12-22","purchased_purges":0,"victory":false,"max_hp_per_floor":[70,70,70,70,70,70,70,70,70],"card_choices":[{"not_picked":["Slice","Dodge and Roll"],"picked":"Dagger Throw","floor":1},{"not_picked":["Concentrate","Bane"],"picked":"Slice","floor":2},{"not_picked":["Footwork","Riddle With Holes"],"picked":"Dagger Spray","floor":4},{"not_picked":["Acrobatics","Deadly Poison"],"picked":"Backflip","floor":5},{"not_picked":["Endless Agony","Underhanded Strike"],"picked":"Slice","floor":6}],"player_experience":572874,"relics_obtained":[{"floor":6,"key":"Orichalcum"}],"event_choices":[{"damage_healed":17,"gold_gain":0,"player_choice":"Healed","damage_taken":0,"max_hp_gain":0,"max_hp_loss":0,"event_name":"The Cleric","floor":3,"gold_loss":35}],"is_beta":false,"boss_relics":[],"items_purged_floors":[],"is_endless":false,"potions_floor_spawned":[4,5,6],"killed_by":"Gremlin Nob","ascension_level":6}}