{"host":"6p0attdrtjqaih7v","time":1614460900,"event":{"mods":["2.2 Compatiblity","AchievementEnabler","BaseMod","Better Skull","Better Third Choice","Better Vampires","Card Filter","Colored Powertips","Hermit","Highlight Path","Hubris","Key Reminder","Minty Spire (QoL Compilation)","Permanent Neow","Quick Restart","Random Character Button","Relic Filter","Relic Stats","Reliquary","Replay The Spire","Robot Space Explorer","StSLib","The Construct","The Hayseed","The Runesmith","The Witch"],"gold_per_floor":[110,121,33,52,71,71,103,103,103,128,138,138,166,166,166,166,166],"floor_reached":16,"language":"ENG","playtime":838,"items_purged":[],"score":240,"play_id":"3f9f562e-bbf1-4d8e-abe5-750f23d0465d","local_time":"20210227162140","is_ascension_mode":true,"campfire_choices":[{"data":"Neutralize","floor":6,"key":"SMITH"},{"floor":8,"key":"REST"},{"floor":12,"key":"REST"},{"floor":15,"key":"REST"}],"circlet_count":0,"master_deck":["AscendersBane","Strike_G","Strike_G","Strike_G","Strike_G","Strike_G","Defend_G","Defend_G","Defend_G","Defend_G","Defend_G","Survivor","Neutralize+1","Phantasmal Killer","Blur","Dagger Throw","Noxious Fumes","Poisoned Stab","Dagger Throw+1","Poisoned Stab","Deadly Poison","Crippling Poison"],"relics":["Ring of the Snake","Anchor","Replay:Accelerometer","ReplayFunnel","reliquary:RadioactivePellet"],"acts_visited":["Exordium"],"potions_floor_usage":[5,7,13,16],"damage_taken":[{"damage":0,"enemies":"Jaw Worm","floor":1,"turns":4},{"damage":0,"enemies":"2 Louse","floor":2,"turns":4},{"damage":1,"enemies":"Cultist","floor":4,"turns":4},{"damage":0,"enemies":"2 Fungi Beasts","floor":5,"turns":3},{"damage":22,"enemies":"Lagavulin","floor":7,"turns":7},{"damage":50,"enemies":"Gremlin Nob","floor":10,"turns":5},{"damage":3,"enemies":"3 Louse","floor":11,"turns":4},{"damage":18,"enemies":"Lagavulin","floor":13,"turns":6},{"damage":34,"enemies":"Slime Boss","floor":16,"turns":9}],"seed_played":"-1230509528286493223","potions_obtained":[{"floor":4,"key":"EssenceOfSteel"},{"floor":5,"key":"BlessingOfTheForge"},{"floor":7,"key":"Explosive Potion"},{"floor":11,"key":"Block Potion"}],"is_trial":false,"path_per_floor":["M","M","$","M","M","R","E","R","T","E","M","R","E","?","R","B"],"character_chosen":"THE_SILENT","items_purchased":["Noxious Fumes"],"campfire_rested":3,"item_purchase_floors":[3],"current_hp_per_floor":[59,59,59,58,58,58,36,55,55,5,2,21,3,13,32,0,0],"gold":166,"neow_bonus":"ONE_RANDOM_RARE_CARD","is_daily":false,"chose_seed":false,"campfire_upgraded":1,"win_rate":0.0,"timestamp":1614460900,"path_taken":["M","M","$","M","M","R","E","R","T","E","M","R","E","?","R","BOSS"],"items_purchased_type":["Card"],"build_version":"2020-12-22","purchased_purges":0,"victory":false,"max_hp_per_floor":[66,66,66,66,66,66,66,66,66,66,66,66,66,66,66,66,66],"relic_stats":{"counters":[9,46],"obtain_stats":[{"ReplayFunnel":10,"Replay:Accelerometer":9,"Anchor":7,"reliquary:RadioactivePellet":13,"Ring of the Snake":0},{"ReplayFunnel":6,"Replay:Accelerometer":5,"Anchor":5,"reliquary:RadioactivePellet":8,"Ring of the Snake":0},{"ReplayFunnel":27,"Replay:Accelerometer":22,"Anchor":22,"reliquary:RadioactivePellet":37,"Ring of the Snake":0}],"Ring of the Snake":[18]},"card_choices":[{"not_picked":["Underhanded Strike","Dodge and Roll"],"picked":"Blur","floor":1},{"not_picked":["Underhanded Strike","Eviscerate"],"picked":"Dagger Throw","floor":2},{"not_picked":["Flying Knee","Noxious Fumes"],"picked":"Poisoned Stab","floor":4},{"not_picked":["Endless Agony","Quick Slash","Dagger Throw"],"picked":"SKIP","floor":5},{"not_picked":["Endless Agony","Quick Slash"],"picked":"Dagger Throw","floor":5},{"not_picked":["Envenom","Deflect"],"picked":"Poisoned Stab","floor":7},{"not_picked":["Dagger Throw","Terror"],"picked":"Deadly Poison","floor":10},{"not_picked":["Bane","Acrobatics"],"picked":"Crippling Poison","floor":11},{"not_picked":["Deadly Poison","Skewer","Concentrate"],"picked":"SKIP","floor":13}],"player_experience":1246228,"relics_obtained":[{"floor":7,"key":"Anchor"},{"floor":9,"key":"Replay:Accelerometer"},{"floor":10,"key":"ReplayFunnel"},{"floor":13,"key":"reliquary:RadioactivePellet"}],"event_choices":[],"is_beta":false,"boss_relics":[],"items_purged_floors":[],"is_endless":false,"potions_floor_spawned":[4,5,7,11],"killed_by":"Slime Boss","ascension_level":20}}