{"host":"3j2m8n0ywf988fwb","time":1614413078,"event":{"mods":["2.2 Compatiblity","AchievementEnabler","Aspiration","BaseMod","Bestiary","Better Altar","Better Match","Better Note","Better Sensory Stone","Better Skull","Better Third Choice","CCEM2","Colored Map","Colored Powertips","Conspire","Dark Map","Googly Eyes","Halation","HexUI Lib","Highlight Path","Hubris","Infinite Spire","Jedi Mod","Marked Mod","Minty Spire (QoL Compilation)","Monster B Gone","Permanent Neow","Random Character Button","Relic Filter Mod","Relic Stats","Reliquary","Replay The Spire","Shop Mod","StS++","StSLib","Unceasing Turn Reminder","Weighted Paths","everything is the same but u backflip on backflip"],"gold_per_floor":[119,119,69,83,102,102,102],"floor_reached":6,"language":"ENG","playtime":241,"items_purged":[],"score":54,"play_id":"997b3a87-574d-4651-9d68-2ad11c8d6c14","local_time":"20210227020438","is_ascension_mode":true,"campfire_choices":[],"circlet_count":0,"master_deck":["AscendersBane","Strike_G","Strike_G","Strike_G","Strike_G","Strike_G","Defend_G","Defend_G","Defend_G","Defend_G","Defend_G","Survivor","Neutralize","hubris:Sloth","ReplayTheSpireMod:Shiv Toss","Storm of Steel","Dagger Throw"],"relics":["Ring of the Snake","infinitespire:Joker Card","Golden Idol"],"acts_visited":["Exordium"],"potions_floor_usage":[],"damage_taken":[{"damage":7,"enemies":"Small Slimes","floor":1,"turns":4},{"damage":5,"enemies":"2 Louse","floor":4,"turns":3},{"damage":11,"enemies":"Jaw Worm","floor":5,"turns":7},{"damage":66,"enemies":"Gremlin Nob","floor":6,"turns":5}],"seed_played":"6953872081073716885","potions_obtained":[{"floor":5,"key":"Strength Potion"}],"is_trial":false,"path_per_floor":["M","?","?","M","M","E"],"character_chosen":"THE_SILENT","items_purchased":[],"campfire_rested":0,"item_purchase_floors":[],"current_hp_per_floor":[56,56,56,51,40,0,0],"gold":102,"neow_bonus":"ONE_RARE_RELIC","is_daily":false,"chose_seed":false,"campfire_upgraded":0,"win_rate":0.0,"timestamp":1614413078,"path_taken":["M","?","?","M","M","E"],"items_purchased_type":[],"build_version":"2020-12-22","purchased_purges":0,"victory":false,"max_hp_per_floor":[70,70,70,70,70,70,70],"relic_stats":{"counters":[4,19],"Golden Idol":7,"obtain_stats":[{"Golden Idol":2,"infinitespire:Joker Card":0,"Ring of the Snake":0},{"Golden Idol":1,"infinitespire:Joker Card":0,"Ring of the Snake":0},{"Golden Idol":4,"infinitespire:Joker Card":0,"Ring of the Snake":0}],"Ring of the Snake":[8]},"card_choices":[{"not_picked":["Prepared","Deadly Poison"],"picked":"ReplayTheSpireMod:Shiv Toss","floor":1},{"not_picked":["Flying Knee","Poisoned Stab"],"picked":"Storm of Steel","floor":4},{"not_picked":["Poisoned Stab","jedi:pocketpoison"],"picked":"Dagger Throw","floor":5}],"player_experience":796284,"relics_obtained":[],"event_choices":[{"damage_healed":0,"gold_gain":0,"player_choice":"Take Wound","damage_taken":0,"relics_obtained":["Golden Idol"],"max_hp_gain":0,"max_hp_loss":0,"event_name":"Golden Idol","floor":2,"gold_loss":0,"cards_obtained":["Injury"]},{"cards_removed":["Injury"],"damage_healed":0,"gold_gain":0,"player_choice":"Card Removal","damage_taken":0,"max_hp_gain":0,"max_hp_loss":0,"event_name":"The Cleric","floor":3,"gold_loss":50}],"is_beta":false,"boss_relics":[],"items_purged_floors":[],"is_endless":false,"potions_floor_spawned":[5],"killed_by":"Gremlin Nob","ascension_level":10}}