{"host":"dm5k5rdu7cxz3rox","time":1614440233,"event":{"mods":["AchievementEnabler","BaseMod","Colored Powertips","Highlight Path","Minty Spire (QoL Compilation)","Relic Stats"],"gold_per_floor":[110,110,124,144,164,164,198,211,258,273,273,290,290,322,322,418,418,405,405,6,19,19,19],"floor_reached":22,"language":"ENG","playtime":1708,"items_purged":["Defend_P"],"score":267,"play_id":"4ba85b8e-9398-4197-8015-64d35d59b17d","local_time":"20210227103713","is_ascension_mode":true,"campfire_choices":[{"data":"TalkToTheHand","floor":6.0,"key":"SMITH"},{"data":"SashWhip","floor":11.0,"key":"SMITH"},{"floor":13.0,"key":"REST"},{"data":"Perseverance","floor":15.0,"key":"SMITH"}],"circlet_count":0,"master_deck":["Strike_P","Strike_P","Strike_P","Strike_P","Defend_P","Defend_P","Eruption","Vigilance","ThirdEye","Perseverance+1","SashWhip+1","TalkToTheHand+1","EmptyBody","FollowUp","InnerPeace","JustLucky","Evaluate","SpiritShield","MentalFortress","FlurryOfBlows","LikeWater","FlurryOfBlows"],"relics":["Sozu","Akabeko","Smiling Mask","InkBottle","VioletLotus","Membership Card","Ice Cream"],"acts_visited":["Exordium","TheCity"],"potions_floor_usage":[],"damage_taken":[{"damage":7.0,"enemies":"Jaw Worm","floor":1.0,"turns":4.0},{"damage":0.0,"enemies":"Cultist","floor":3.0,"turns":4.0},{"damage":0.0,"enemies":"Small Slimes","floor":4.0,"turns":3.0},{"damage":1.0,"enemies":"Red Slaver","floor":5.0,"turns":3.0},{"damage":17.0,"enemies":"Lagavulin","floor":7.0,"turns":9.0},{"damage":0.0,"enemies":"2 Fungi Beasts","floor":8.0,"turns":3.0},{"damage":0.0,"enemies":"Blue Slaver","floor":10.0,"turns":4.0},{"damage":17.0,"enemies":"Exordium Thugs","floor":12.0,"turns":5.0},{"damage":19.0,"enemies":"3 Sentries","floor":14.0,"turns":13.0},{"damage":6,"enemies":"Hexaghost","floor":16,"turns":12},{"damage":0,"enemies":"2 Thieves","floor":18,"turns":4},{"damage":6,"enemies":"Shell Parasite","floor":21,"turns":6},{"damage":79,"enemies":"Cultist and Chosen","floor":22,"turns":6}],"seed_played":"1282088352219801762","potions_obtained":[],"is_trial":false,"path_per_floor":["M","?","M","M","M","R","E","M","T","M","R","M","R","E","R","B",null,"M","?","$","M","M"],"character_chosen":"WATCHER","items_purchased":["Membership Card","Ice Cream","FlurryOfBlows","LikeWater"],"campfire_rested":1,"item_purchase_floors":[20,20,20,20],"current_hp_per_floor":[58,58,58,58,57,57,40,40,40,40,40,23,44,25,25,19,59,59,59,59,53,0,0],"gold":19,"neow_bonus":"BOSS_RELIC","is_daily":false,"chose_seed":false,"campfire_upgraded":3,"win_rate":0.0,"timestamp":1614440233,"path_taken":["M","?","M","?","M","R","E","M","T","M","R","M","R","E","R","BOSS","M","?","$","M","M"],"items_purchased_type":["Relic","Relic","Card","Card"],"build_version":"2020-12-22","purchased_purges":1,"victory":false,"max_hp_per_floor":[72,72,72,72,72,72,72,72,72,72,72,72,72,72,72,72,72,72,72,72,72,72,72],"relic_stats":{"Sozu":9,"counters":[13,76],"VioletLotus":[4],"Smiling Mask":-12,"obtain_stats":[{"Sozu":0,"Ice Cream":20,"VioletLotus":17,"Membership Card":20,"PureWater":0,"Smiling Mask":9,"Akabeko":7,"InkBottle":14},{"Sozu":0,"Ice Cream":11,"VioletLotus":10,"Membership Card":11,"PureWater":0,"Smiling Mask":6,"Akabeko":5,"InkBottle":9},{"Sozu":0,"Ice Cream":64,"VioletLotus":60,"Membership Card":64,"PureWater":0,"Smiling Mask":26,"Akabeko":23,"InkBottle":48}],"InkBottle":[13]},"card_choices":[{"not_picked":["Perseverance","WreathOfFlame"],"picked":"ThirdEye","floor":1.0},{"not_picked":["InnerPeace","Evaluate"],"picked":"Perseverance","floor":3.0},{"not_picked":["Nirvana","Judgement"],"picked":"SashWhip","floor":4.0},{"not_picked":["Meditate","CrushJoints"],"picked":"TalkToTheHand","floor":5.0},{"not_picked":["Evaluate","Wireheading"],"picked":"EmptyBody","floor":7.0},{"not_picked":["SignatureMove","CrushJoints"],"picked":"FollowUp","floor":8.0},{"not_picked":["WheelKick","Wireheading"],"picked":"InnerPeace","floor":10.0},{"not_picked":["Evaluate","Wallop"],"picked":"JustLucky","floor":12.0},{"not_picked":["Perseverance","InnerPeace"],"picked":"Evaluate","floor":14.0},{"not_picked":["Establishment","MasterReality"],"picked":"SpiritShield","floor":16},{"not_picked":["Consecrate+1","FlyingSleeves+1"],"picked":"MentalFortress","floor":18},{"not_picked":["CutThroughFate","Evaluate+1"],"picked":"FlurryOfBlows","floor":21}],"player_experience":364302,"relics_obtained":[{"floor":7.0,"key":"Akabeko"},{"floor":9.0,"key":"Smiling Mask"},{"floor":14.0,"key":"InkBottle"}],"event_choices":[{"damage_healed":0.0,"max_hp_gain":0.0,"max_hp_loss":0.0,"gold_gain":0.0,"event_name":"Lab","player_choice":"Got Potions","floor":2.0,"gold_loss":0.0,"damage_taken":0.0},{"cards_removed":["Defend_P"],"damage_healed":0,"gold_gain":0,"player_choice":"Offered Basic","damage_taken":0,"max_hp_gain":0,"max_hp_loss":0,"event_name":"Bonfire Elementals","floor":19,"gold_loss":0}],"is_beta":false,"boss_relics":[{"not_picked":["Fusion Hammer","Busted Crown"],"picked":"VioletLotus"}],"items_purged_floors":[20],"is_endless":false,"potions_floor_spawned":[3,4,5,8,12,21],"killed_by":"Cultist and Chosen","ascension_level":7}}