{"host":"338bkdl2yirdp2ct","time":1614434949,"event":{"mods":["AchievementEnabler","BaseMod","Colored Powertips","Highlight Path","Minty Spire (QoL Compilation)","Quick Restart","Relic Sorter","Unceasing Turn Reminder","slay the spire mod where everything is the same but ironclad has a cowboy hat"],"gold_per_floor":[112,112,112,65,77,27,27,27,27,43,43,58,69,19,19,116,116,116],"floor_reached":17,"language":"ENG","playtime":384,"items_purged":[],"score":220,"play_id":"06fe6589-b87a-45c5-98aa-fafd59a541f8","local_time":"20210227060909","daily_mods":["SealedDeck","Time Dilation","Flight"],"is_ascension_mode":false,"campfire_choices":[{"data":"Redo","floor":7,"key":"SMITH"},{"data":"Redo","floor":8,"key":"SMITH"},{"data":"Scrape","floor":15,"key":"SMITH"}],"circlet_count":0,"master_deck":["Redo+1","Streamline","Redo+1","Steam","Gash","BootSequence","Beam Cell","BootSequence+1","Go for the Eyes+1","Gash","Gash","Go for the Eyes","Gash","Decay","Scrape+1","Gash","Gash"],"relics":["Unceasing Top","Inserter"],"acts_visited":["Exordium","TheCity"],"potions_floor_usage":[16],"damage_taken":[{"damage":7,"enemies":"Small Slimes","floor":1,"turns":3},{"damage":0,"enemies":"Jaw Worm","floor":5,"turns":2},{"damage":0,"enemies":"Cultist","floor":10,"turns":1},{"damage":0,"enemies":"2 Fungi Beasts","floor":12,"turns":2},{"damage":0,"enemies":"Lots of Slimes","floor":13,"turns":3},{"damage":0,"enemies":"Hexaghost","floor":16,"turns":2}],"seed_played":"-527367691449327553","potions_obtained":[{"floor":10,"key":"SteroidPotion"},{"floor":12,"key":"Energy Potion"},{"floor":16,"key":"DuplicationPotion"}],"is_trial":true,"path_per_floor":["M","?","T","$","M","$","R","R","T","M","?","M","M","$","R","B",null],"character_chosen":"DEFECT","items_purchased":["Go for the Eyes","Gash","Gash"],"campfire_rested":0,"item_purchase_floors":[4,6,14],"current_hp_per_floor":[68,53,53,53,53,53,53,53,53,53,53,53,53,53,53,53,75,75],"gold":116,"neow_bonus":"","is_daily":false,"chose_seed":false,"campfire_upgraded":3,"win_rate":0.0,"timestamp":1614434949,"path_taken":["M","?","?","$","?","$","R","R","T","M","?","M","M","$","R","BOSS"],"items_purchased_type":["Card","Card","Card"],"build_version":"2020-12-22","purchased_purges":0,"victory":false,"max_hp_per_floor":[75,75,75,75,75,75,75,75,75,75,75,75,75,75,75,75,75,75],"card_choices":[{"not_picked":["Ball Lightning","Tempest"],"picked":"Gash","floor":1},{"not_picked":["Steam Power","Aggregate","Force Field"],"picked":"SKIP","floor":5},{"not_picked":["Turbo","Sweeping Beam","Cold Snap"],"picked":"SKIP","floor":10},{"not_picked":["Cold Snap","Barrage"],"picked":"Scrape","floor":12},{"not_picked":["Force Field","Sweeping Beam"],"picked":"Gash","floor":13}],"player_experience":1175395,"relics_obtained":[],"event_choices":[{"damage_healed":0,"gold_gain":0,"player_choice":"Entered Light","damage_taken":15,"max_hp_gain":0,"max_hp_loss":0,"event_name":"Shining Light","floor":2,"gold_loss":0,"cards_upgraded":["Go for the Eyes","BootSequence"]},{"damage_healed":0,"gold_gain":0,"player_choice":"Cursed","damage_taken":0,"max_hp_gain":0,"max_hp_loss":0,"event_name":"Wheel of Change","floor":11,"gold_loss":0,"cards_obtained":["Decay"]}],"is_beta":false,"boss_relics":[{"not_picked":["Philosopher\u0027s Stone","Ectoplasm"],"picked":"Inserter"}],"items_purged_floors":[],"is_endless":false,"potions_floor_spawned":[10,12,16],"ascension_level":0}}