{"host":"sad","time":1614429084,"event":{"mods":["AchievementEnabler","BaseMod","Colored Map","Googly Eyes","Minty Spire (QoL Compilation)","Permanent Neow","Relic Stats","The IronCluck"],"gold_per_floor":[110,126,143,143,163,163,189,189,268,284,298,367,1,1,1,1,1],"floor_reached":16,"language":"ENG","playtime":620,"items_purged":[],"score":204,"play_id":"a940a183-372c-4dda-af3d-e6f9153fba71","local_time":"20210227043124","is_ascension_mode":true,"campfire_choices":[{"data":"CrushJoints","floor":6,"key":"SMITH"},{"data":"Eruption","floor":8,"key":"SMITH"},{"data":"MentalFortress","floor":15,"key":"SMITH"}],"circlet_count":0,"master_deck":["AscendersBane","Strike_P","Strike_P","Strike_P","Strike_P","Defend_P","Defend_P","Defend_P","Eruption+1","Vigilance","SashWhip","WheelKick","MentalFortress+1","ThirdEye","CrushJoints+1","Sanctity","Conclude","FlurryOfBlows","Fasting2+1"],"relics":["Coffee Dripper","Ginger","Frozen Egg 2","Omamori","Akabeko","FaceOfCleric"],"acts_visited":["Exordium"],"potions_floor_usage":[7,10],"damage_taken":[{"damage":0,"enemies":"Cultist","floor":1,"turns":3},{"damage":0,"enemies":"Small Slimes","floor":2,"turns":2},{"damage":2,"enemies":"2 Louse","floor":3,"turns":3},{"damage":10,"enemies":"Red Slaver","floor":5,"turns":5},{"damage":16,"enemies":"3 Sentries","floor":7,"turns":6},{"damage":12,"enemies":"Gremlin Gang","floor":10,"turns":6},{"damage":0,"enemies":"Blue Slaver","floor":11,"turns":3},{"damage":27,"enemies":"The Guardian","floor":16,"turns":9}],"seed_played":"4336561491169418860","potions_obtained":[{"floor":3,"key":"Dexterity Potion"},{"floor":5,"key":"Energy Potion"},{"floor":11,"key":"Energy Potion"}],"is_trial":false,"path_per_floor":["M","M","M","?","M","R","E","R","T","M","M","?","$","?","R","B"],"character_chosen":"WATCHER","items_purchased":["Omamori","Akabeko","Fasting2+1"],"campfire_rested":0,"item_purchase_floors":[13,13,13],"current_hp_per_floor":[61,61,59,59,49,49,33,33,33,21,21,21,21,21,21,0,0],"gold":1,"neow_bonus":"BOSS_RELIC","is_daily":false,"chose_seed":false,"campfire_upgraded":3,"win_rate":0.0,"timestamp":1614429084,"path_taken":["M","M","?","?","M","R","E","R","T","M","M","?","$","?","R","BOSS"],"items_purchased_type":["Relic","Relic","Card"],"build_version":"2020-12-18","purchased_purges":0,"victory":false,"max_hp_per_floor":[68,68,68,68,68,68,68,68,68,68,68,68,68,68,68,68,68],"relic_stats":{"FaceOfCleric":0,"counters":[8,37],"Ginger":[4],"obtain_stats":[{"FaceOfCleric":14,"Coffee Dripper":0,"Omamori":13,"Ginger":7,"PureWater":0,"Frozen Egg 2":9,"Akabeko":13},{"FaceOfCleric":7,"Coffee Dripper":0,"Omamori":7,"Ginger":5,"PureWater":0,"Frozen Egg 2":5,"Akabeko":7},{"FaceOfCleric":28,"Coffee Dripper":0,"Omamori":28,"Ginger":19,"PureWater":0,"Frozen Egg 2":19,"Akabeko":28}]},"card_choices":[{"not_picked":["WaveOfTheHand","Halt"],"picked":"SashWhip","floor":1},{"not_picked":["ClearTheMind","Crescendo"],"picked":"WheelKick","floor":2},{"not_picked":["ClearTheMind","Prostrate"],"picked":"MentalFortress","floor":3},{"not_picked":["Evaluate","LikeWater"],"picked":"CrushJoints","floor":5},{"not_picked":["ThirdEye","SpiritShield"],"picked":"Sanctity","floor":7},{"not_picked":["Nirvana+1","EmptyFist"],"picked":"Conclude","floor":10},{"not_picked":["Crescendo","SashWhip"],"picked":"FlurryOfBlows","floor":11}],"player_experience":1374579,"relics_obtained":[{"floor":7,"key":"Ginger"},{"floor":9,"key":"Frozen Egg 2"}],"event_choices":[{"damage_healed":0,"gold_gain":0,"cards_transformed":["Defend_P"],"player_choice":"Change","damage_taken":0,"max_hp_gain":0,"max_hp_loss":0,"event_name":"Living Wall","floor":4,"gold_loss":0,"cards_obtained":["ThirdEye"]},{"damage_healed":0,"gold_gain":69,"player_choice":"Gained Gold","damage_taken":0,"max_hp_gain":0,"max_hp_loss":0,"event_name":"Golden Wing","floor":12,"gold_loss":0},{"damage_healed":0,"gold_gain":0,"player_choice":"Trade","damage_taken":0,"relics_obtained":["FaceOfCleric"],"max_hp_gain":0,"max_hp_loss":0,"event_name":"FaceTrader","floor":14,"gold_loss":0}],"is_beta":true,"boss_relics":[],"items_purged_floors":[],"is_endless":false,"potions_floor_spawned":[3,5,11],"killed_by":"The Guardian","ascension_level":20}}