{"host":"36t3qd3wjvajtu1z","time":1614386028,"event":{"mods":["2.2 Compatiblity","AchievementEnabler","BaseMod","Bestiary","Block Reminder","Colored Powertips","Curses Come First","Filter the Spire","Highlight Path","Minty Spire (QoL Compilation)","Permanent Neow","Quick Restart","Random Character Button","Rare Cards Sparkle","Relic Stats","Slay-I","StSLib","Unknown Chances"],"gold_per_floor":[361,374,374,392,392,430,430,470,470,491,507,526,57,82,82,178,178,198,198,30,51,75,75,75,75],"floor_reached":24,"language":"ENG","playtime":1197,"items_purged":["Injury"],"score":399,"play_id":"8ae65b39-32fe-4375-826f-59179e4b2869","local_time":"20210226163348","is_ascension_mode":true,"campfire_choices":[{"floor":7,"key":"REST"},{"floor":15,"key":"REST"},{"floor":23,"key":"REST"}],"circlet_count":0,"master_deck":["AscendersBane","Zap","Dualcast","Lockon","Cold Snap","Beam Cell","Lockon","Sweeping Beam","Leap","Static Discharge","Conclude","Juggernaut","Loop","Fission","Reboot","Doom and Gloom","Gash","Consume","Heatsinks","Streamline","ThirdEye","Conserve Battery","DeusExMachina"],"relics":["Cracked Core","Golden Idol","Calipers","Gambling Chip","Unceasing Top","PrismaticShard","Oddly Smooth Stone","Nloth\u0027s Gift","Anchor"],"acts_visited":["Exordium","TheCity"],"potions_floor_usage":[6,8,21,24,24,24,24],"damage_taken":[{"damage":9,"enemies":"2 Louse","floor":1,"turns":2},{"damage":7,"enemies":"Jaw Worm","floor":2,"turns":3},{"damage":8,"enemies":"Small Slimes","floor":4,"turns":3},{"damage":25,"enemies":"3 Sentries","floor":6,"turns":9},{"damage":9,"enemies":"Gremlin Nob","floor":8,"turns":3},{"damage":11,"enemies":"Gremlin Gang","floor":10,"turns":6},{"damage":0,"enemies":"Exordium Wildlife","floor":11,"turns":2},{"damage":6,"enemies":"Blue Slaver","floor":12,"turns":2},{"damage":0,"enemies":"Lots of Slimes","floor":14,"turns":3},{"damage":22,"enemies":"The Guardian","floor":16,"turns":13},{"damage":0,"enemies":"Chosen","floor":18,"turns":3},{"damage":11,"enemies":"2 Thieves","floor":21,"turns":3},{"damage":25,"enemies":"Centurion and Healer","floor":22,"turns":7},{"damage":41,"enemies":"Slavers","floor":24,"turns":4}],"seed_played":"2264458688904454336","potions_obtained":[{"floor":1,"key":"SteroidPotion"},{"floor":2,"key":"DistilledChaos"},{"floor":6,"key":"Fire Potion"},{"floor":8,"key":"SneckoOil"},{"floor":21,"key":"PotionOfCapacity"},{"floor":22,"key":"EntropicBrew"}],"is_trial":false,"path_per_floor":["M","M","?","M","?","E","R","E","T","M","M","M","$","M","R","B",null,"M","?","$","M","M","R","E"],"character_chosen":"DEFECT","items_purchased":["Static Discharge","PrismaticShard","Oddly Smooth Stone","Anchor"],"campfire_rested":3,"item_purchase_floors":[13,13,13,20],"current_hp_per_floor":[55,48,48,40,45,20,40,31,31,20,20,14,14,14,34,12,55,55,55,55,44,19,39,0,0],"gold":75,"neow_bonus":"TWO_FIFTY_GOLD","is_daily":false,"chose_seed":false,"campfire_upgraded":0,"win_rate":0.0,"timestamp":1614386028,"path_taken":["M","M","?","M","?","E","R","E","T","M","M","M","$","M","R","BOSS","M","?","$","M","M","R","E"],"items_purchased_type":["Card","Relic","Relic","Relic"],"build_version":"2020-12-22","purchased_purges":1,"victory":false,"max_hp_per_floor":[64,64,64,64,69,69,69,69,69,69,69,69,69,69,69,69,69,69,69,69,69,69,69,69,69],"relic_stats":{"counters":[14,63],"Golden Idol":68,"Gambling Chip":[24],"Nloth\u0027s Gift":2,"obtain_stats":[{"Anchor":20,"Calipers":6,"Golden Idol":3,"Gambling Chip":8,"Oddly Smooth Stone":13,"Pandora\u0027s Box":17,"Nloth\u0027s Gift":19,"Cracked Core":0,"PrismaticShard":13,"Unceasing Top":9},{"Anchor":11,"Calipers":4,"Golden Idol":2,"Gambling Chip":5,"Oddly Smooth Stone":8,"Pandora\u0027s Box":10,"Nloth\u0027s Gift":11,"Cracked Core":0,"PrismaticShard":8,"Unceasing Top":5},{"Anchor":49,"Calipers":17,"Golden Idol":5,"Gambling Chip":20,"Oddly Smooth Stone":30,"Pandora\u0027s Box":46,"Nloth\u0027s Gift":49,"Cracked Core":0,"PrismaticShard":30,"Unceasing Top":20}],"Unceasing Top":[0]},"card_choices":[{"not_picked":["Double Energy","Hello World"],"picked":"Lockon","floor":1},{"not_picked":["Barrage","Tempest"],"picked":"Cold Snap","floor":2},{"not_picked":["Turbo","Scrape","Barrage"],"picked":"SKIP","floor":4},{"not_picked":["Force Field","Barrage"],"picked":"Beam Cell","floor":6},{"not_picked":["Melter","Turbo"],"picked":"Lockon","floor":8},{"not_picked":["Compile Driver","Amplify"],"picked":"Sweeping Beam","floor":10},{"not_picked":["Hologram","Heatsinks","Streamline"],"picked":"SKIP","floor":11},{"not_picked":["Hologram","Heatsinks"],"picked":"Leap","floor":12},{"not_picked":["Steam","Swift Strike"],"picked":"Conclude","floor":14},{"not_picked":["Master of Strategy","Chrysalis"],"picked":"Juggernaut","floor":16},{"not_picked":["Reinforced Body","Quick Slash"],"picked":"ThirdEye","floor":18},{"not_picked":["Judgement","Anger"],"picked":"Conserve Battery","floor":21},{"not_picked":["Poisoned Stab","Barrage"],"picked":"DeusExMachina","floor":22}],"player_experience":635443,"relics_obtained":[{"floor":6,"key":"Calipers"},{"floor":8,"key":"Gambling Chip"},{"floor":9,"key":"Unceasing Top"}],"event_choices":[{"damage_healed":0,"gold_gain":0,"player_choice":"Take Wound","damage_taken":0,"relics_obtained":["Golden Idol"],"max_hp_gain":0,"max_hp_loss":0,"event_name":"Golden Idol","floor":3,"gold_loss":0,"cards_obtained":["Injury"]},{"damage_healed":0,"gold_gain":0,"player_choice":"Donut","damage_taken":0,"max_hp_gain":5,"max_hp_loss":0,"event_name":"Big Fish","floor":5,"gold_loss":0},{"damage_healed":0,"gold_gain":0,"player_choice":"Traded Relic","damage_taken":0,"relics_obtained":["Nloth\u0027s Gift"],"max_hp_gain":0,"max_hp_loss":0,"event_name":"N\u0027loth","floor":19,"relics_lost":["Pandora\u0027s Box"],"gold_loss":0}],"is_beta":false,"boss_relics":[{"not_picked":["Tiny House","Ectoplasm"],"picked":"Pandora\u0027s Box"}],"items_purged_floors":[13],"is_endless":false,"potions_floor_spawned":[1,2,6,8,21,22],"killed_by":"Slavers","ascension_level":18}}