{"host":"u3jso2n2r8azv7u2","time":1614458479,"event":{"mods":["BaseMod","Downfall","Lobotomy","Minty Spire (QoL Compilation)","Replay The Spire","StSLib","The Necromancer"],"gold_per_floor":[112,126,140,151,151,151,183,194,194,205,205,34,54,73,73,170,170,170,170],"floor_reached":18,"language":"RUS","playtime":2225,"items_purged":[],"score":191,"play_id":"c5e2d991-7ae4-4329-972c-5256f06f099e","local_time":"20210227234119","is_ascension_mode":false,"campfire_choices":[{"floor":6,"key":"REST"},{"floor":11,"key":"REST"},{"floor":15,"key":"DIG"}],"circlet_count":0,"master_deck":["Strike_W","Strike_W","Strike_W","Strike_W","Defend_W","Defend_W","Defend_W","Defend_W","Negative_Energy_Arrows","Bone_Wall","ShyLook","Deaths_Shadow","SingingMachine","Slay_Living+1","FairyFestival","Life_Tap","FieryBird","Negative_Energy_Javelin","GalaxyChild","Siphon_Strength","SpiderBud","Negative_Energy_Mist","Woodsman","Spectral_Armor","Summon_Lich","OSAHOGD","Siphon_Strength","QueenOfHatred","Summon_Undead_Army","MHz","Summon_Death_Knight"],"relics":["Vampire_Amulet","CogitoBucket","Ice Cream","HellTrain","Pet Ghost","Dream Catcher","SlaversCollar"],"acts_visited":["Exordium","TheCity"],"potions_floor_usage":[7,7,10,11,12,18],"damage_taken":[{"damage":6,"enemies":"Cultist","floor":1,"turns":5},{"damage":9,"enemies":"Small Slimes","floor":2,"turns":3},{"damage":0,"enemies":"Jaw Worm","floor":3,"turns":3},{"damage":21,"enemies":"Gremlin Gang","floor":4,"turns":6},{"damage":58,"enemies":"3 Sentries","floor":7,"turns":11},{"damage":25,"enemies":"Large Slime","floor":8,"turns":8},{"damage":12,"enemies":"Looter","floor":10,"turns":3},{"damage":9,"enemies":"Exordium Wildlife","floor":13,"turns":4},{"damage":6,"enemies":"3 Louse","floor":14,"turns":5},{"damage":78,"enemies":"Slime Boss","floor":16,"turns":5}],"seed_played":"-4443606227201285662","potions_obtained":[{"floor":1,"key":"ColorlessPotion"},{"floor":4,"key":"Dexterity Potion"},{"floor":7,"key":"Fruit Juice"},{"floor":8,"key":"LiquidMemories"},{"floor":16,"key":"Toxic Potion"}],"is_trial":false,"path_per_floor":["M","M","M","M","?","R","E","M","T","M","R","$","M","M","R","B",null,"M"],"character_chosen":"NECROMANCER","items_purchased":["Summon_Lich","Fruit Juice"],"campfire_rested":2,"item_purchase_floors":[12,12],"current_hp_per_floor":[71,66,68,57,57,75,33,23,23,13,40,45,56,75,75,7,85,0,0],"gold":170,"neow_bonus":"","is_daily":false,"chose_seed":false,"campfire_upgraded":0,"win_rate":0.0,"timestamp":1614458479,"path_taken":["M","?","M","M","?","R","E","?","T","M","R","$","M","?","R","BOSS","M"],"items_purchased_type":["Card","Potion"],"build_version":"2020-12-22","purchased_purges":0,"victory":false,"max_hp_per_floor":[75,75,75,75,75,75,75,75,75,75,80,85,85,85,85,85,85,85,85],"card_choices":[{"not_picked":["Yin","PunishingBird"],"picked":"ShyLook","floor":1},{"not_picked":["Negative_Energy_Shield","Negative_Energy_Javelin"],"picked":"Deaths_Shadow","floor":1},{"not_picked":["MHz","PunishingBird"],"picked":"SingingMachine","floor":2},{"not_picked":["Bone_Bullets","Violent_Necrosis"],"picked":"Slay_Living","floor":2},{"not_picked":["SnowQueen","Scorched"],"picked":"FairyFestival","floor":3},{"not_picked":["Slay_Living","Bone_Bullets"],"picked":"Life_Tap","floor":3},{"not_picked":["OldLady","VoidDream"],"picked":"FieryBird","floor":4},{"not_picked":["Bone_Armor","Blood_Whip"],"picked":"Negative_Energy_Javelin","floor":4},{"not_picked":["PunishingBird","BeautyBeast"],"picked":"GalaxyChild","floor":7},{"not_picked":["Bone_Bullets","Exploit"],"picked":"Siphon_Strength","floor":7},{"not_picked":["BeautyBeast","CherryBlossoms"],"picked":"SpiderBud","floor":8},{"not_picked":["Bones_to_Steel","Vampiric_Strike"],"picked":"Negative_Energy_Mist","floor":8},{"not_picked":["Mercenary","UniverseFragment","CherryBlossoms"],"picked":"Singing Bowl","floor":10},{"not_picked":["MeatLantern","OldLady"],"picked":"Woodsman","floor":10},{"not_picked":["Bones_to_Steel","Bone_Spikes"],"picked":"Spectral_Armor","floor":10},{"not_picked":["Wellcheers","HeroicMonk"],"picked":"OSAHOGD","floor":13},{"not_picked":["Life_Tap","Whirlwind_of_Bones"],"picked":"Siphon_Strength","floor":13},{"not_picked":["PunishingBird","Mercenary"],"picked":"QueenOfHatred","floor":14},{"not_picked":["Bone_Shift","Slay_Living"],"picked":"Summon_Undead_Army","floor":14},{"not_picked":["BeautyBeast","MeatLantern"],"picked":"MHz","floor":16},{"not_picked":["Blood_Wake","Negative_Energy_Bomb"],"picked":"Summon_Death_Knight","floor":16}],"player_experience":61098,"relics_obtained":[{"floor":7,"key":"Ice Cream"},{"floor":9,"key":"Pet Ghost"},{"floor":15,"key":"Dream Catcher"}],"event_choices":[{"damage_healed":0,"gold_gain":0,"player_choice":"Forge","damage_taken":0,"max_hp_gain":0,"max_hp_loss":0,"event_name":"Accursed Blacksmith","floor":5,"gold_loss":0,"cards_upgraded":["Slay_Living"]}],"is_beta":false,"boss_relics":[{"not_picked":["Replay:Grab Bag","Replay:Ancient Bell"],"picked":"SlaversCollar"}],"items_purged_floors":[],"is_endless":false,"potions_floor_spawned":[1,4,7,8,16],"killed_by":"Spheric Guardian","ascension_level":0}}