{"host":"xdbac5uiks898er5","time":1614422731,"event":{"mods":["2.2 Compatiblity","BaseMod","Become a monster ???","Lobotomy","LobotomyExtend","Minty Spire (QoL Compilation)","Spire Arcade","StSLib","SuperFastMode","Unknown Chances"],"gold_per_floor":[115,130,130,142,196,224,9,9,33,46,46,46,62,237,237,237,237],"floor_reached":16,"language":"ENG","playtime":300,"items_purged":[],"score":100,"play_id":"cb971054-c6ba-4734-876a-98c4d5e5e25f","local_time":"20210227114531","is_ascension_mode":false,"campfire_choices":[{"data":"Rupture","floor":11,"key":"SMITH"},{"data":"Feed","floor":15,"key":"SMITH"}],"circlet_count":0,"master_deck":["Strike_R","Strike_R","Strike_R","Strike_R","Strike_R","Defend_R","Defend_R","Defend_R","Defend_R","Bash","LittlePrince","Feed+1","Limit Break","Rupture+1","Offering"],"relics":["Burning Blood","CogitoBucket","LetterFromLob","Red Skull","Potion Belt","Omamori"],"acts_visited":["Exordium"],"potions_floor_usage":[13,13,16],"damage_taken":[{"damage":6,"enemies":"Cultist","floor":1,"turns":3},{"damage":6,"enemies":"Jaw Worm","floor":2,"turns":3},{"damage":3,"enemies":"Small Slimes","floor":4,"turns":4},{"damage":65,"enemies":"Gremlin Nob","floor":6,"turns":6},{"damage":24,"enemies":"Exordium Wildlife","floor":10,"turns":9},{"damage":9,"enemies":"Exordium Thugs","floor":13,"turns":3},{"damage":42,"enemies":"The Guardian","floor":16,"turns":5}],"seed_played":"4479050855812016991","potions_obtained":[{"floor":2,"key":"Swift Potion"},{"floor":4,"key":"DistilledChaos"},{"floor":6,"key":"Strength Potion"}],"is_trial":false,"path_per_floor":["M","M","?","M","?","E","$","E","T","M","R","$","M","?","R","B"],"character_chosen":"IRONCLAD","items_purchased":["Limit Break","Rupture"],"campfire_rested":0,"item_purchase_floors":[7,7],"current_hp_per_floor":[80,80,77,83,83,27,27,27,27,42,42,42,42,42,42,0,0],"gold":237,"neow_bonus":"","is_daily":false,"chose_seed":false,"campfire_upgraded":2,"win_rate":0.0,"timestamp":1614422731,"path_taken":["M","M","?","M","?","E","$","E","T","M","R","?","?","?","R","BOSS"],"items_purchased_type":["Card","Card"],"build_version":"2020-12-22","purchased_purges":0,"victory":false,"max_hp_per_floor":[80,80,80,83,83,86,86,86,86,89,89,89,92,92,92,92,92],"card_choices":[{"not_picked":["BodiesMountain","WhitesApple"],"picked":"LittlePrince","floor":1},{"not_picked":["Anger","Clothesline","Whirlwind"],"picked":"SKIP","floor":1},{"not_picked":["Twin Strike","Thunderclap"],"picked":"Feed","floor":2},{"not_picked":["FairyFestival","UniverseFragment"],"picked":"CherryBlossoms","floor":4},{"not_picked":["Carnage","Sever Soul","Wild Strike"],"picked":"SKIP","floor":4},{"not_picked":["Juggernaut","Headbutt","Shrug It Off"],"picked":"SKIP","floor":6},{"not_picked":["Armaments","Whirlwind","Wild Strike"],"picked":"SKIP","floor":10},{"not_picked":["Anger","Wild Strike"],"picked":"Offering","floor":13}],"player_experience":6967,"relics_obtained":[{"floor":1,"key":"LetterFromLob"},{"floor":6,"key":"Potion Belt"},{"floor":9,"key":"Omamori"}],"event_choices":[{"damage_healed":0,"gold_gain":0,"player_choice":"Success","damage_taken":3,"relics_obtained":["Red Skull"],"max_hp_gain":0,"max_hp_loss":0,"event_name":"Scrap Ooze","floor":3,"gold_loss":0},{"damage_healed":0,"gold_gain":54,"player_choice":"Gained Gold","damage_taken":0,"max_hp_gain":0,"max_hp_loss":0,"event_name":"Golden Wing","floor":5,"gold_loss":0},{"damage_healed":0,"gold_gain":175,"player_choice":"AGREE","damage_taken":0,"max_hp_gain":0,"max_hp_loss":0,"event_name":"Liars Game","floor":14,"gold_loss":0,"cards_obtained":["Doubt"]}],"is_beta":false,"boss_relics":[],"items_purged_floors":[],"is_endless":false,"potions_floor_spawned":[2,4,6],"killed_by":"The Guardian","ascension_level":0}}