{"host":"zsnmfqgcm92hlreo","time":1614406869,"event":{"mods":["AchievementEnabler","BaseMod","Bestiary","Block Reminder","Colored Map","Colored Powertips","Filter the Spire","Minty Spire (QoL Compilation)","Permanent Neow","Quick Restart","Relic Stats","StSLib","Weighted Paths"],"gold_per_floor":[119,136,154,110,110,146,146,187,269,300,300,340,355,370,370,461,461,479,495,62,62,80,80,111,111,111,143,161,161,187,187,187,261,261,276,295,295,307,307,342,342,367,390,61,81,81,116,76,76,76,76,76,76,1,30,30],"floor_reached":57,"language":"ENG","playtime":3320,"items_purged":["Defend_P"],"score":3117,"play_id":"a026e773-9916-47ae-aad9-1372c9dbca10","local_time":"20210227002109","is_ascension_mode":true,"campfire_choices":[{"floor":7.0,"key":"REST"},{"data":"Wallop","floor":11.0,"key":"SMITH"},{"data":"BowlingBash","floor":15.0,"key":"SMITH"},{"data":"Meditate","floor":23.0,"key":"SMITH"},{"data":"MentalFortress","floor":25.0,"key":"SMITH"},{"data":"Vigilance","floor":32.0,"key":"SMITH"},{"floor":41.0,"key":"RECALL"},{"floor":46.0,"key":"REST"},{"data":"FearNoEvil","floor":49.0,"key":"SMITH"},{"floor":53.0,"key":"REST"}],"circlet_count":0,"master_deck":["AscendersBane","Defend_P+1","Defend_P+1","Defend_P","Eruption+1","Vigilance+1","Wallop+1","EmptyMind+1","FearNoEvil+1","FearNoEvil+1","BowlingBash+1","Worship","CutThroughFate+1","Meditate+1","Wallop+1","LessonLearned+1","TalkToTheHand+1","MentalFortress+1","SandsOfTime+1","Tantrum+1","MentalFortress+1","EmptyBody+1","Swivel+1","EmptyMind+1","BowlingBash+1","Bite+1","Bite+1","Bite+1","Bite+1","SpiritShield+1","Worship+1","Meditate+1","TalkToTheHand+1","Swivel+1","SandsOfTime+1","Protect+1","Ragnarok+1","Meditate+1","Wallop+1","DevaForm"],"relics":["Snecko Eye","Bloody Idol","StoneCalendar","Akabeko","Molten Egg 2","MealTicket","Calling Bell","Tiny Chest","Matryoshka","Prayer Wheel","Gremlin Horn","Toxic Egg 2","Yang","Letter Opener","Regal Pillow","Question Card","VioletLotus","Boot","Strawberry","Juzu Bracelet","Bag of Marbles","Bag of Preparation","Torii","HornCleat"],"acts_visited":["Exordium","TheCity","TheBeyond","TheEnding"],"potions_floor_usage":[56,56],"damage_taken":[{"damage":0.0,"enemies":"Small Slimes","floor":1.0,"turns":5.0},{"damage":6.0,"enemies":"Jaw Worm","floor":2.0,"turns":2.0},{"damage":0.0,"enemies":"Cultist","floor":3.0,"turns":2.0},{"damage":18.0,"enemies":"Lagavulin","floor":6.0,"turns":7.0},{"damage":1.0,"enemies":"3 Sentries","floor":8.0,"turns":7.0},{"damage":5.0,"enemies":"Gremlin Nob","floor":10.0,"turns":3.0},{"damage":0.0,"enemies":"Lagavulin","floor":12.0,"turns":4.0},{"damage":9.0,"enemies":"Lots of Slimes","floor":13.0,"turns":4.0},{"damage":0.0,"enemies":"Exordium Thugs","floor":14.0,"turns":3.0},{"damage":37.0,"enemies":"Hexaghost","floor":16.0,"turns":6.0},{"damage":0.0,"enemies":"3 Byrds","floor":18.0,"turns":3.0},{"damage":5.0,"enemies":"Shell Parasite","floor":19.0,"turns":6.0},{"damage":0.0,"enemies":"3 Cultists","floor":22.0,"turns":5.0},{"damage":21.0,"enemies":"Slavers","floor":24.0,"turns":7.0},{"damage":0.0,"enemies":"Gremlin Leader","floor":27.0,"turns":2.0},{"damage":0.0,"enemies":"Chosen and Byrds","floor":28.0,"turns":3.0},{"damage":10.0,"enemies":"Book of Stabbing","floor":30.0,"turns":3.0},{"damage":44.0,"enemies":"Automaton","floor":33.0,"turns":9.0},{"damage":0.0,"enemies":"3 Shapes","floor":35.0,"turns":4.0},{"damage":2.0,"enemies":"Orb Walker","floor":36.0,"turns":2.0},{"damage":0.0,"enemies":"Transient","floor":38.0,"turns":6.0},{"damage":0.0,"enemies":"Giant Head","floor":40.0,"turns":6.0},{"damage":51.0,"enemies":"Writhing Mass","floor":45.0,"turns":5.0},{"damage":0.0,"enemies":"Reptomancer","floor":47.0,"turns":3.0},{"damage":0.0,"enemies":"Donu and Deca","floor":50.0,"turns":4.0},{"damage":34.0,"enemies":"Time Eater","floor":51.0,"turns":11.0},{"damage":21,"enemies":"Shield and Spear","floor":55,"turns":8},{"damage":44,"enemies":"The Heart","floor":56,"turns":9}],"seed_played":"3426871137276206324","potions_obtained":[{"floor":3.0,"key":"Fruit Juice"},{"floor":6.0,"key":"Dexterity Potion"},{"floor":8.0,"key":"SteroidPotion"},{"floor":16.0,"key":"Fire Potion"},{"floor":19.0,"key":"SteroidPotion"},{"floor":33.0,"key":"ColorlessPotion"},{"floor":40.0,"key":"LiquidBronze"},{"floor":45.0,"key":"SpeedPotion"},{"floor":48.0,"key":"GamblersBrew"}],"is_trial":false,"path_per_floor":["M","M","M","$","?","E","R","E","T","E","R","E","M","M","R","B",null,"M","M","$","?","M","R","E","R","T","E","M","$","E","?","R","B",null,"M","M","$","M","?","E","R","T","T","$","M","R","E","?","R","B","B",null,"R","$","E","B",null],"character_chosen":"WATCHER","items_purchased":["FearNoEvil","Tantrum+1","Gremlin Horn","MentalFortress","Ragnarok+1","Bag of Preparation"],"campfire_rested":3,"item_purchase_floors":[4,20,20,20,44,44],"current_hp_per_floor":[61,55,60,60,60,42,61,60,60,55,55,57,50,52,52,17,54,56,53,66,66,66,66,50,50,50,57,64,66,61,61,61,42,60,66,66,66,66,66,73,73,73,73,73,27,63,71,71,71,73,39,65,73,73,66,37],"gold":30,"neow_bonus":"BOSS_RELIC","is_daily":false,"chose_seed":false,"campfire_upgraded":6,"win_rate":0.0,"timestamp":1614406869,"path_taken":["M","M","M","$","?","E","R","E","T","E","R","E","M","M","R","BOSS","M","M","$","?","M","R","E","R","T","E","M","$","E","?","R","BOSS","M","M","$","M","?","E","R","?","T","$","M","R","E","?","R","BOSS","BOSS","R","$","E","BOSS"],"items_purchased_type":["Card","Card","Relic","Card","Card","Relic"],"build_version":"2020-12-22","purchased_purges":1,"victory":true,"max_hp_per_floor":[68,68,73,73,66,66,66,66,66,66,66,66,66,66,66,66,66,66,66,66,66,66,66,66,66,66,66,66,66,66,66,66,66,66,66,66,66,66,66,73,73,73,73,73,73,73,73,73,73,73,73,73,73,73,73,73],"relic_stats":{"Regal Pillow":15,"Gremlin Horn":[16,16],"Torii":4,"counters":[28,139],"StoneCalendar":[156],"Yang":[212],"Juzu Bracelet":1,"Bag of Preparation":[12],"Letter Opener":[118],"Question Card":12,"Boot":[35],"Bloody Idol":40,"Snecko Eye":[276,261,246,248],"MealTicket":15,"Tiny Chest":1,"Prayer Wheel":8,"VioletLotus":[18],"obtain_stats":[{"Regal Pillow":27,"Gremlin Horn":20,"Torii":47,"StoneCalendar":6,"Yang":26,"Juzu Bracelet":42,"Bag of Preparation":44,"Boot":39,"Blood Vial":10,"Matryoshka":17,"HornCleat":55,"Strawberry":40,"MealTicket":12,"Tiny Chest":17,"Prayer Wheel":17,"VioletLotus":34,"Toxic Egg 2":24,"Golden Idol":5,"Letter Opener":26,"Question Card":30,"Akabeko":8,"Calling Bell":17,"Bloody Idol":21,"Snecko Eye":0,"Molten Egg 2":9,"Bag of Marbles":42,"PureWater":0},{"Regal Pillow":15,"Gremlin Horn":12,"Torii":24,"StoneCalendar":4,"Yang":14,"Juzu Bracelet":22,"Bag of Preparation":22,"Boot":21,"Blood Vial":6,"Matryoshka":10,"HornCleat":27,"Strawberry":22,"MealTicket":7,"Tiny Chest":10,"Prayer Wheel":10,"VioletLotus":18,"Toxic Egg 2":14,"Golden Idol":3,"Letter Opener":14,"Question Card":17,"Akabeko":5,"Calling Bell":10,"Bloody Idol":12,"Snecko Eye":0,"Molten Egg 2":5,"Bag of Marbles":22,"PureWater":0},{"Regal Pillow":66,"Gremlin Horn":52,"Torii":107,"StoneCalendar":16,"Yang":64,"Juzu Bracelet":99,"Bag of Preparation":99,"Boot":93,"Blood Vial":26,"Matryoshka":43,"HornCleat":130,"Strawberry":99,"MealTicket":30,"Tiny Chest":43,"Prayer Wheel":43,"VioletLotus":81,"Toxic Egg 2":64,"Golden Idol":9,"Letter Opener":64,"Question Card":72,"Akabeko":23,"Calling Bell":43,"Bloody Idol":52,"Snecko Eye":0,"Molten Egg 2":23,"Bag of Marbles":99,"PureWater":0}]},"card_choices":[{"not_picked":["Consecrate","InnerPeace"],"picked":"Wallop","floor":1.0},{"not_picked":["Halt","MentalFortress"],"picked":"EmptyMind","floor":2.0},{"not_picked":["Nirvana","FlyingSleeves","WreathOfFlame"],"picked":"SKIP","floor":3.0},{"not_picked":["JustLucky","Prostrate"],"picked":"FearNoEvil","floor":6.0},{"not_picked":["PathToVictory","Prostrate"],"picked":"BowlingBash","floor":8.0},{"not_picked":["SashWhip+1","FollowUp+1"],"picked":"Worship","floor":10.0},{"not_picked":["Collect","FlurryOfBlows+1"],"picked":"CutThroughFate+1","floor":12.0},{"not_picked":["PathToVictory","Halt"],"picked":"Meditate","floor":13.0},{"not_picked":["JustLucky+1","TalkToTheHand+1"],"picked":"Wallop+1","floor":14.0},{"not_picked":["DeusExMachina","Alpha"],"picked":"LessonLearned+1","floor":16.0},{"not_picked":["Swivel","Collect"],"picked":"TalkToTheHand+1","floor":18.0},{"not_picked":["WaveOfTheHand","InnerPeace"],"picked":"MentalFortress","floor":18.0},{"not_picked":["ForeignInfluence","EmptyFist+1"],"picked":"SandsOfTime+1","floor":19.0},{"not_picked":["Crescendo","FearNoEvil+1","FlurryOfBlows+1"],"picked":"SKIP","floor":19.0},{"not_picked":["EmptyFist+1","EmptyMind"],"picked":"EmptyBody+1","floor":22.0},{"not_picked":["FlyingSleeves+1","Halt","Consecrate+1"],"picked":"SKIP","floor":22.0},{"not_picked":["Pray+1","CarveReality+1"],"picked":"Swivel+1","floor":24.0},{"not_picked":["Evaluate+1","Protect+1"],"picked":"EmptyMind+1","floor":27.0},{"not_picked":["Protect+1","ClearTheMind+1"],"picked":"BowlingBash+1","floor":28.0},{"not_picked":["CarveReality+1","JustLucky+1","ConjureBlade+1"],"picked":"SKIP","floor":28.0},{"not_picked":["EmptyBody+1","Establishment","JustLucky+1"],"picked":"SKIP","floor":30.0},{"not_picked":["DeusExMachina+1","LessonLearned+1","Blasphemy+1"],"picked":"SpiritShield+1","floor":33.0},{"not_picked":["CutThroughFate+1","FlurryOfBlows+1","ThirdEye+1"],"picked":"Worship+1","floor":35.0},{"not_picked":["EmptyFist+1","EmptyBody+1","BowlingBash+1"],"picked":"Meditate+1","floor":35.0},{"not_picked":["Halt+1","EmptyFist+1","ForeignInfluence+1"],"picked":"TalkToTheHand+1","floor":36.0},{"not_picked":["Fasting2","ConjureBlade+1","MentalFortress"],"picked":"Swivel+1","floor":36.0},{"not_picked":["Halt+1","EmptyFist+1","SashWhip+1"],"picked":"SandsOfTime+1","floor":38.0},{"not_picked":["Weave+1","CutThroughFate+1","BowlingBash+1","Adaptation"],"picked":"SKIP","floor":38.0},{"not_picked":["Halt+1","Consecrate+1","Crescendo+1"],"picked":"Protect+1","floor":40.0},{"not_picked":["EmptyBody+1","Evaluate+1","MasterReality"],"picked":"Meditate+1","floor":45.0},{"not_picked":["EmptyFist+1","Consecrate+1","Study","PathToVictory+1"],"picked":"SKIP","floor":45.0},{"not_picked":["Collect+1","BowlingBash+1","CutThroughFate+1"],"picked":"Wallop+1","floor":47.0},{"not_picked":["Evaluate+1","BattleHymn","PathToVictory+1"],"picked":"DevaForm","floor":55}],"player_experience":1290729,"relics_obtained":[{"floor":6.0,"key":"StoneCalendar"},{"floor":8.0,"key":"Akabeko"},{"floor":9.0,"key":"Molten Egg 2"},{"floor":10.0,"key":"Blood Vial"},{"floor":12.0,"key":"MealTicket"},{"floor":17.0,"key":"Tiny Chest"},{"floor":17.0,"key":"Matryoshka"},{"floor":17.0,"key":"Prayer Wheel"},{"floor":24.0,"key":"Toxic Egg 2"},{"floor":26.0,"key":"Yang"},{"floor":26.0,"key":"Letter Opener"},{"floor":27.0,"key":"Regal Pillow"},{"floor":30.0,"key":"Question Card"},{"floor":40.0,"key":"Strawberry"},{"floor":42.0,"key":"Juzu Bracelet"},{"floor":42.0,"key":"Bag of Marbles"},{"floor":47.0,"key":"Torii"},{"floor":55,"key":"HornCleat"}],"event_choices":[{"damage_healed":0.0,"max_hp_gain":0.0,"max_hp_loss":7.0,"gold_gain":0.0,"event_name":"Golden Idol","player_choice":"Lose Max HP","floor":5.0,"gold_loss":0.0,"damage_taken":0.0,"relics_obtained":["Golden Idol"]},{"damage_healed":0.0,"max_hp_gain":0.0,"max_hp_loss":0.0,"gold_gain":0.0,"event_name":"Forgotten Altar","player_choice":"Gave Idol","floor":21.0,"relics_lost":["Golden Idol"],"gold_loss":0.0,"damage_taken":0.0,"relics_obtained":["Bloody Idol"]},{"damage_healed":0.0,"max_hp_gain":0.0,"max_hp_loss":0.0,"gold_gain":0.0,"event_name":"Vampires","player_choice":"Became a vampire (Vial)","floor":31.0,"relics_lost":["Blood Vial"],"gold_loss":0.0,"damage_taken":0.0,"cards_obtained":["Bite","Bite","Bite","Bite","Bite"]},{"cards_removed":["Bite"],"damage_healed":0.0,"max_hp_gain":0.0,"max_hp_loss":0.0,"gold_gain":0.0,"event_name":"WeMeetAgain","player_choice":"Gave Card","floor":39.0,"gold_loss":0.0,"damage_taken":0.0,"relics_obtained":["Boot"]},{"damage_healed":0.0,"max_hp_gain":0.0,"max_hp_loss":0.0,"gold_gain":0.0,"event_name":"The Woman in Blue","player_choice":"Bought 3 Potions","floor":48.0,"gold_loss":0.0,"damage_taken":0.0}],"is_beta":false,"boss_relics":[{"not_picked":["SlaversCollar","SacredBark"],"picked":"Calling Bell"},{"not_picked":["Sozu","Runic Dome"],"picked":"VioletLotus"}],"items_purged_floors":[54],"is_endless":false,"potions_floor_spawned":[3,6,8,13,16,19,27,33,40,45],"ascension_level":20}}