{"host":"bc298c4gavna5tx2","time":1614423006,"event":{"mods":["ATMod(阿瑾Mod)","Act Like it!","BaseMod","Challenge The Spire","Energized Spire","Library of Ruina","Library of Ruina Extra","Lobotomy","LobotomyExtend","Minty Spire (QoL Compilation)","MostiFishMod","Quarter Circle Forward PUNCH!","Quick Restart","Replay The Spire","Spicy Shops","StSLib","TestMod","The Marked","【功能Mod】混沌之环修复补丁","【功能Mod】聪明的最终Boss","【遗物卡牌】REMEMod"],"gold_per_floor":[119,119,129,129,129,129,149,119,119,135,166,166,178,198,198,299,299,318,318,318],"floor_reached":19,"language":"ZHS","playtime":785,"items_purged":[],"score":219,"play_id":"fd7fce5e-ea45-47b1-98de-ecb3985e5d87","local_time":"20210227185006","is_ascension_mode":false,"campfire_choices":[{"data":"AT_FamilyPortrait","floor":6.0,"key":"SMITH"},{"data":"Poisoned Strike","floor":12.0,"key":"SMITH"},{"data":"CrackOfDawn","floor":15.0,"key":"SMITH"}],"circlet_count":0,"master_deck":["Dodge","LightDefense","LightAttack","LightAttack","LightAttack","LightDefense","LightDefense","LightDefense","ChargeAndCover","FocusedStrikes","Poisoned Strike+1","AT_FamilyPortrait+1","FrontalAssault","Regret","MirageStorm","CrackOfDawn+1","TrashDisposal","SunsetBlade"],"relics":["PageOfLibrarian","AT_ATBox","REME_ComplimentaryCards","testmod-TestBox","ExusiaiGun","NeowsBlessing","SynthV:TestCard","LetterFromLob","DaveBox","Sling","qcfpunch:Black_Training_Shirt","testmod-LifeArmor","PageOfSpiderBud","AT_TrinityForce"],"acts_visited":["Exordium","TheCity"],"potions_floor_usage":[],"damage_taken":[{"damage":0.0,"enemies":"2 Louse","floor":1.0,"turns":2.0},{"damage":0.0,"enemies":"Cultist","floor":3.0,"turns":1.0},{"damage":0.0,"enemies":"Jaw Worm","floor":7.0,"turns":1.0},{"damage":0.0,"enemies":"Looter","floor":10.0,"turns":1.0},{"damage":3.0,"enemies":"3 Sentries","floor":11.0,"turns":3.0},{"damage":0.0,"enemies":"2 Fungi Beasts","floor":13.0,"turns":2.0},{"damage":12.0,"enemies":"Lots of Slimes","floor":14.0,"turns":3.0},{"damage":14.0,"enemies":"The Guardian","floor":16.0,"turns":4.0},{"damage":3,"enemies":"3 Byrds","floor":18,"turns":2},{"damage":0,"enemies":"Chosen","floor":19,"turns":1}],"seed_played":"-8022254250484372169","potions_obtained":[{"floor":7.0,"key":"Block Potion"},{"floor":8.0,"key":"SteroidPotion"},{"floor":8.0,"key":"Milkshake"},{"floor":11.0,"key":"Ancient Potion"}],"is_trial":false,"path_per_floor":["M","?","M","?","?","R","M","?","T","M","E","R","M","M","R","B",null,"M","M"],"character_chosen":"Librarian","items_purchased":[],"campfire_rested":0,"item_purchase_floors":[],"current_hp_per_floor":[60,60,60,60,60,60,60,60,60,60,57,57,63,65,65,54,66,66,66,66],"gold":318,"neow_bonus":"THREE_ENEMY_KILL","is_daily":false,"chose_seed":false,"campfire_upgraded":3,"win_rate":0.0,"timestamp":1614423006,"path_taken":["M","?","?","?","?","R","M","?","T","M","E","R","M","?","R","BOSS","M","M"],"items_purchased_type":[],"build_version":"2020-12-22","purchased_purges":0,"victory":false,"max_hp_per_floor":[63,63,84,84,84,60,65,65,65,70,68,65,70,65,65,66,66,81,81,81],"card_choices":[{"not_picked":["SpearedSweep","Lock","ForcefulGesture","RulesOfTheBackstreets","SharpSwipe","PuppetBlockade","Wallop_lor","WillBeTasty","PreparedMind"],"picked":"SKIP","floor":1.0},{"not_picked":["Parry2","LawAndOrder","Thrust","MindWhip","FlashingStrike","Parry","RatsGuideToSurvival","ICanCookAnything","EnergyStrike","HandleRequest"],"picked":"FrontalAssault","floor":3.0},{"not_picked":["NightInTheBackstreets","FrontalAssault","AlloutWar","TendonChords","Faith","Overpower","AutonomousRush","SetFire","CutIn","FleetEdge"],"picked":"MirageStorm","floor":7.0},{"not_picked":["StructuralAnalysis","UncannyStrike","TheWillOfTheCity","FieryDragonSlash","FierceCharge","Ripple","Quickness","HighKick","Laceration","SmokingPipe","HeavyPeaks"],"picked":"SKIP","floor":10.0},{"not_picked":["Rewind","Faith","Quickness","BiAn","GuardingStance","FierceCharge","BlazingStrike","DefenseOrder","GrazeTheGrass","CoordinatedAssault","PuppetBlockade"],"picked":"SKIP","floor":11.0},{"not_picked":["Thrust","HighKick","FeelinGood","WillBeTasty","FierceCharge","ToWhereThePrescriptPoints","ViolentFlame","InkOver","StayCalm","SharpSwipe","ClassAndRespect"],"picked":"SKIP","floor":13.0},{"not_picked":["FrontalAssault","CombatPreparation","Bvapour","SharpSwipe","StructuralAnalysis","Tailoring","DarkCloud","PreemptiveStrike","Leap_lor","FeatherShield"],"picked":"CrackOfDawn","floor":14.0},{"not_picked":["BalefulBrand","CleanUp","Commandeering","RipSpace"],"picked":"TrashDisposal","floor":16.0},{"not_picked":["QuickAttack","FieryWaltz+1","SinglePointStab+1","Parry2","Quickness","GuardingStance","SturdyDefense","SnakesPrey+1","RagingStormLove","MultiBlock+1"],"picked":"SunsetBlade","floor":18}],"player_experience":168305,"relics_obtained":[{"floor":1.0,"key":"SynthV:TestCard"},{"floor":1.0,"key":"LetterFromLob"},{"floor":9.0,"key":"testmod-LifeArmor"},{"floor":11.0,"key":"PageOfSpiderBud"}],"event_choices":[{"damage_healed":0.0,"max_hp_gain":0.0,"max_hp_loss":0.0,"gold_gain":0.0,"event_name":"NoteForYourself","player_choice":"Ignored","floor":2.0,"gold_loss":0.0,"damage_taken":0.0},{"damage_healed":0.0,"max_hp_gain":0.0,"max_hp_loss":0.0,"gold_gain":0.0,"event_name":"给自己的盒子","player_choice":"Swap Relic","floor":4.0,"relics_lost":["DaveBox"],"gold_loss":0.0,"damage_taken":0.0,"relics_obtained":["DaveBox"]},{"damage_healed":0.0,"max_hp_gain":0.0,"max_hp_loss":0.0,"gold_gain":0.0,"event_name":"Big Fish","player_choice":"Box","floor":5.0,"gold_loss":0.0,"damage_taken":0.0,"relics_obtained":["qcfpunch:Black_Training_Shirt"],"cards_obtained":["Regret"]},{"damage_healed":0.0,"max_hp_gain":0.0,"max_hp_loss":0.0,"gold_gain":0.0,"event_name":"The Woman in Blue","player_choice":"Bought 2 Potions","floor":8.0,"gold_loss":0.0,"damage_taken":0.0}],"is_beta":false,"boss_relics":[{"not_picked":["testmod-CardMagician","Coffee Dripper"],"picked":"AT_TrinityForce"}],"items_purged_floors":[],"is_endless":false,"potions_floor_spawned":[7,10,11],"killed_by":"Chosen","ascension_level":0}}