{"host":"gzz35fplm60aw28t","time":1614451686,"event":{"mods":["AchievementEnabler","BaseMod","ChefMod","Colored Powertips","Dark Map","DeckTracker","Minty Spire (QoL Compilation)","StSLib","SuperFastMode"],"gold_per_floor":[109,128,144,94,94,94,124,299,350,370,370,384,403,437,437,437,437],"floor_reached":16,"language":"ENG","playtime":892,"items_purged":[],"score":118,"play_id":"49a7320f-4e50-47b9-a656-e3ce906c5970","local_time":"20210227194806","is_ascension_mode":true,"campfire_choices":[{"data":"chefmod:FiveAlarmChili","floor":6,"key":"SMITH"},{"data":"chefmod:Escargot","floor":11,"key":"SMITH"},{"data":"chefmod:TodaysSpecial","floor":15,"key":"SMITH"}],"circlet_count":0,"master_deck":["chefmod:Strike","chefmod:QuickThaw","chefmod:Defend","chefmod:Defend","chefmod:Defend","chefmod:Defend","chefmod:TodaysSpecial+1","chefmod:QuickChop","chefmod:Chop","chefmod:Granita","chefmod:FiveAlarmChili+1","chefmod:FarmersMarket","Doubt","chefmod:Escargot+1","chefmod:FarmersMarket"],"relics":["chefmod:TrustyPot","Vajra","Bag of Marbles","Boot"],"acts_visited":["Exordium"],"potions_floor_usage":[16],"damage_taken":[{"damage":0,"enemies":"Small Slimes","floor":1,"turns":4},{"damage":4,"enemies":"Jaw Worm","floor":2,"turns":3},{"damage":0,"enemies":"Cultist","floor":3,"turns":3},{"damage":13,"enemies":"Gremlin Nob","floor":7,"turns":4},{"damage":2,"enemies":"Exordium Thugs","floor":10,"turns":4},{"damage":10,"enemies":"Looter","floor":12,"turns":3},{"damage":12,"enemies":"3 Louse","floor":13,"turns":4},{"damage":7,"enemies":"3 Sentries","floor":14,"turns":6},{"damage":21,"enemies":"Slime Boss","floor":16,"turns":8}],"seed_played":"-3569556465456838304","potions_obtained":[{"floor":1,"key":"Ancient Potion"},{"floor":7,"key":"SpeedPotion"}],"is_trial":false,"path_per_floor":["M","M","M","?","?","R","E","?","T","M","R","M","M","E","R","B"],"character_chosen":"THE_CHEF","items_purchased":[],"campfire_rested":0,"item_purchase_floors":[],"current_hp_per_floor":[76,72,72,72,65,65,52,52,52,50,50,40,28,21,21,0,0],"gold":437,"neow_bonus":"TRANSFORM_CARD","is_daily":false,"chose_seed":false,"campfire_upgraded":3,"win_rate":0.0,"timestamp":1614451686,"path_taken":["M","M","M","?","?","R","E","?","T","?","R","M","M","E","R","BOSS"],"items_purchased_type":[],"build_version":"2020-12-22","purchased_purges":0,"victory":false,"max_hp_per_floor":[76,76,76,76,76,76,76,76,76,76,76,76,76,76,76,76,76],"card_choices":[{"not_picked":["chefmod:NoSoupForYou","chefmod:ZaruSoba"],"picked":"chefmod:Chop","floor":1},{"not_picked":["chefmod:Defrost","chefmod:FreshProduce"],"picked":"chefmod:Granita","floor":2},{"not_picked":["chefmod:FryPan","chefmod:Flambe"],"picked":"chefmod:FiveAlarmChili","floor":3},{"not_picked":["chefmod:Fillet","chefmod:ZaruSoba"],"picked":"chefmod:FarmersMarket","floor":7},{"not_picked":["chefmod:SliceAndDice","chefmod:MonsterBait"],"picked":"chefmod:Escargot","floor":10},{"not_picked":["chefmod:Defrost","chefmod:DoubleChop","chefmod:FreshProduce"],"picked":"SKIP","floor":12},{"not_picked":["chefmod:CuttingBoard","chefmod:Puree"],"picked":"chefmod:FarmersMarket","floor":13},{"not_picked":["chefmod:HotSoup","chefmod:Chop","chefmod:FryPan"],"picked":"SKIP","floor":14}],"player_experience":107685,"relics_obtained":[{"floor":7,"key":"Vajra"},{"floor":9,"key":"Bag of Marbles"},{"floor":14,"key":"Boot"}],"event_choices":[{"cards_removed":["chefmod:Strike"],"damage_healed":0,"gold_gain":0,"player_choice":"Card Removal","damage_taken":0,"max_hp_gain":0,"max_hp_loss":0,"event_name":"The Cleric","floor":4,"gold_loss":50},{"cards_removed":["chefmod:Strike"],"damage_healed":0,"gold_gain":0,"player_choice":"Card Removal","damage_taken":7,"max_hp_gain":0,"max_hp_loss":0,"event_name":"Golden Wing","floor":5,"gold_loss":0},{"damage_healed":0,"gold_gain":175,"player_choice":"AGREE","damage_taken":0,"max_hp_gain":0,"max_hp_loss":0,"event_name":"Liars Game","floor":8,"gold_loss":0,"cards_obtained":["Doubt"]}],"is_beta":false,"boss_relics":[],"items_purged_floors":[],"is_endless":false,"potions_floor_spawned":[1,7],"killed_by":"Slime Boss","ascension_level":1}}