{"host":"pifa3o3uv2a0m12r","time":1614407945,"event":{"mods":["AchievementEnabler","BaseMod","Colored Map","Minty Spire (QoL Compilation)","Quick Restart","StSLib","SuperFastMode"],"gold_per_floor":[118,133,133,149,74,104,4,21,21,36,51,83,83,83,83,181,181,191,209,222,172,189,216,216,69,69,69,95,110,110,139,139,239,239,249,267,267,121,140,140,160,190,272,272,272,272,272,272,272,272,272],"floor_reached":50,"language":"FRA","playtime":1777,"items_purged":["Defend_P","Strike_P"],"score":644,"play_id":"b2cfc957-e6fd-4ea1-bd3d-43505586f445","local_time":"20210226203905","is_ascension_mode":true,"campfire_choices":[{"floor":13,"key":"RECALL"},{"floor":15,"key":"REST"},{"floor":24,"key":"REST"},{"data":"ClearTheMind","floor":27,"key":"SMITH"},{"floor":32,"key":"REST"},{"data":"Eruption","floor":40,"key":"SMITH"},{"floor":45,"key":"REST"},{"floor":49,"key":"REST"}],"circlet_count":0,"master_deck":["Strike_P+1","Defend_P+1","Defend_P+1","Defend_P+1","Eruption+1","Vigilance+1","FlurryOfBlows+1","FlurryOfBlows+1","ClearTheMind+1","FearNoEvil+1","Crescendo+1","FlurryOfBlows+1","Prostrate+1","Halt+1","Halt+1","FlurryOfBlows+1","DeusExMachina+1","FlurryOfBlows+1","LikeWater+1"],"relics":["HolyWater","NeowsBlessing","Mercury Hourglass","Kunai","HornCleat","Shuriken","Sling","StoneCalendar","InkBottle","VioletLotus","Pear","Bronze Scales","Juzu Bracelet","White Beast Statue","Mark of the Bloom"],"acts_visited":["Exordium","TheCity","TheBeyond"],"potions_floor_usage":[33,50],"damage_taken":[{"damage":0,"enemies":"Small Slimes","floor":1,"turns":1},{"damage":0,"enemies":"Jaw Worm","floor":2,"turns":1},{"damage":0,"enemies":"2 Louse","floor":4,"turns":1},{"damage":51,"enemies":"Lagavulin","floor":6,"turns":8},{"damage":8,"enemies":"Large Slime","floor":8,"turns":5},{"damage":1,"enemies":"Gremlin Gang","floor":10,"turns":4},{"damage":3,"enemies":"Exordium Wildlife","floor":11,"turns":4},{"damage":10,"enemies":"Gremlin Nob","floor":12,"turns":4},{"damage":45,"enemies":"The Guardian","floor":16,"turns":13},{"damage":1,"enemies":"3 Byrds","floor":18,"turns":4},{"damage":17,"enemies":"Shell Parasite","floor":19,"turns":6},{"damage":10,"enemies":"Sentry and Sphere","floor":20,"turns":4},{"damage":0,"enemies":"Snake Plant","floor":22,"turns":5},{"damage":16,"enemies":"Gremlin Leader","floor":23,"turns":8},{"damage":3,"enemies":"Book of Stabbing","floor":28,"turns":3},{"damage":3,"enemies":"Snecko","floor":29,"turns":5},{"damage":7,"enemies":"Gremlin Leader","floor":31,"turns":4},{"damage":2,"enemies":"Automaton","floor":33,"turns":6},{"damage":17,"enemies":"3 Shapes","floor":35,"turns":7},{"damage":11,"enemies":"Orb Walker","floor":36,"turns":3},{"damage":0,"enemies":"Sphere and 2 Shapes","floor":39,"turns":3},{"damage":12,"enemies":"Spire Growth","floor":41,"turns":3},{"damage":50,"enemies":"Nemesis","floor":42,"turns":5},{"damage":64,"enemies":"Donu and Deca","floor":50,"turns":7}],"seed_played":"9112994879871757545","potions_obtained":[{"floor":4,"key":"SteroidPotion"},{"floor":8,"key":"FairyPotion"},{"floor":10,"key":"BlessingOfTheForge"},{"floor":11,"key":"FairyPotion"},{"floor":16,"key":"SteroidPotion"},{"floor":22,"key":"Fire Potion"},{"floor":39,"key":"StancePotion"}],"is_trial":false,"path_per_floor":["M","M","?","M","$","E","$","M","T","M","M","E","R","?","R","B",null,"M","M","M","?","M","E","R","$","T","R","E","M","?","E","R","B",null,"M","M","?","$","M","R","M","E","T","?","R","?","?","?","R","B"],"character_chosen":"WATCHER","items_purchased":["Sling","Bronze Scales"],"campfire_rested":5,"item_purchase_floors":[25,38],"current_hp_per_floor":[72,72,72,72,72,21,21,13,13,12,9,21,21,45,66,21,72,71,54,44,44,44,28,49,49,49,49,46,43,30,23,46,44,77,60,49,59,59,59,59,47,26,26,26,52,52,52,52,52,0,0],"gold":272,"neow_bonus":"THREE_ENEMY_KILL","is_daily":false,"chose_seed":false,"campfire_upgraded":2,"win_rate":0.0,"timestamp":1614407945,"path_taken":["M","M","?","M","$","E","?","M","T","M","M","E","R","?","R","BOSS","M","M","M","?","?","E","R","$","T","R","E","M","?","E","R","BOSS","M","M","?","$","M","R","M","E","T","?","R","?","?","?","R","BOSS"],"items_purchased_type":["Relic","Relic"],"build_version":"2020-12-22","purchased_purges":2,"victory":false,"max_hp_per_floor":[72,72,72,72,72,72,72,72,72,72,72,72,72,72,72,72,72,72,72,72,72,72,72,72,72,72,72,72,72,77,77,77,77,77,77,77,87,87,87,87,87,87,87,87,87,87,87,87,87,87,87],"card_choices":[{"not_picked":["Halt","PathToVictory"],"picked":"FlurryOfBlows","floor":1},{"not_picked":["FollowUp","ForeignInfluence"],"picked":"FlurryOfBlows","floor":2},{"not_picked":["Evaluate","PathToVictory"],"picked":"ClearTheMind","floor":4},{"not_picked":["ThirdEye","SandsOfTime"],"picked":"FearNoEvil","floor":6},{"not_picked":["Evaluate","BattleHymn"],"picked":"Crescendo","floor":8},{"not_picked":["WindmillStrike","JustLucky","Fasting2"],"picked":"SKIP","floor":10},{"not_picked":["ThirdEye","SashWhip"],"picked":"FlurryOfBlows","floor":11},{"not_picked":["Scrawl","Swivel","SashWhip"],"picked":"SKIP","floor":12},{"not_picked":["Evaluate","BowlingBash"],"picked":"Prostrate","floor":18},{"not_picked":["CutThroughFate","Crescendo"],"picked":"Halt+1","floor":19},{"not_picked":["EmptyFist+1","FollowUp"],"picked":"Halt","floor":20},{"not_picked":["Evaluate","Sanctity","FlyingSleeves"],"picked":"SKIP","floor":22},{"not_picked":["Conclude","Protect"],"picked":"FlurryOfBlows","floor":23},{"not_picked":["Consecrate","FollowUp+1","Study"],"picked":"SKIP","floor":28},{"not_picked":["CutThroughFate","Indignation+1"],"picked":"DeusExMachina","floor":29},{"not_picked":["EmptyFist","Sanctity","Pray"],"picked":"SKIP","floor":31},{"not_picked":["Indignation","WreathOfFlame+1","Vengeance"],"picked":"SKIP","floor":35},{"not_picked":["ThirdEye+1","FollowUp"],"picked":"FlurryOfBlows","floor":36},{"not_picked":["CrushJoints","EmptyFist","Adaptation"],"picked":"SKIP","floor":39},{"not_picked":["Consecrate","Vengeance+1","Worship"],"picked":"SKIP","floor":41},{"not_picked":["Adaptation","Vengeance+1"],"picked":"LikeWater+1","floor":42}],"player_experience":156467,"relics_obtained":[{"floor":6,"key":"Mercury Hourglass"},{"floor":9,"key":"Kunai"},{"floor":12,"key":"HornCleat"},{"floor":23,"key":"Shuriken"},{"floor":28,"key":"StoneCalendar"},{"floor":31,"key":"InkBottle"},{"floor":37,"key":"Pear"},{"floor":42,"key":"Juzu Bracelet"},{"floor":43,"key":"White Beast Statue"}],"event_choices":[{"cards_removed":["Strike_P"],"damage_healed":0,"gold_gain":0,"player_choice":"Forget","damage_taken":0,"max_hp_gain":0,"max_hp_loss":0,"event_name":"Living Wall","floor":3,"gold_loss":0},{"damage_healed":24,"gold_gain":0,"player_choice":"Banana","damage_taken":0,"max_hp_gain":0,"max_hp_loss":0,"event_name":"Big Fish","floor":14,"gold_loss":0},{"damage_healed":0,"gold_gain":0,"player_choice":"Bet on Murderer","damage_taken":0,"max_hp_gain":0,"max_hp_loss":0,"event_name":"The Joust","floor":21,"gold_loss":50},{"damage_healed":0,"gold_gain":0,"player_choice":"Shed Blood","damage_taken":18,"max_hp_gain":5,"max_hp_loss":0,"event_name":"Forgotten Altar","floor":30,"gold_loss":0},{"damage_healed":0,"gold_gain":0,"player_choice":"Relic","damage_taken":0,"max_hp_gain":0,"max_hp_loss":0,"event_name":"Wheel of Change","floor":37,"gold_loss":0},{"damage_healed":0,"gold_gain":0,"player_choice":"Ignored","damage_taken":0,"max_hp_gain":0,"max_hp_loss":0,"event_name":"Mysterious Sphere","floor":44,"gold_loss":0},{"cards_removed":["Strike_P"],"damage_healed":0,"gold_gain":0,"player_choice":"Purged","damage_taken":0,"max_hp_gain":0,"max_hp_loss":0,"event_name":"Purifier","floor":46,"gold_loss":0},{"damage_healed":0,"gold_gain":0,"player_choice":"Memory 1","damage_taken":0,"max_hp_gain":0,"max_hp_loss":0,"event_name":"SensoryStone","floor":47,"gold_loss":0},{"damage_healed":0,"gold_gain":0,"player_choice":"Upgrade","damage_taken":0,"relics_obtained":["Mark of the Bloom"],"max_hp_gain":0,"max_hp_loss":0,"event_name":"MindBloom","floor":48,"gold_loss":0,"cards_upgraded":["Strike_P","Defend_P","Defend_P","Defend_P","Vigilance","FlurryOfBlows","FlurryOfBlows","FearNoEvil","Crescendo","FlurryOfBlows","Prostrate","Halt","FlurryOfBlows","DeusExMachina","FlurryOfBlows"]}],"is_beta":false,"boss_relics":[{"not_picked":["Sozu","SlaversCollar"],"picked":"HolyWater"},{"not_picked":["SacredBark","Snecko Eye"],"picked":"VioletLotus"}],"items_purged_floors":[5,7],"is_endless":false,"potions_floor_spawned":[4,8,10,11,16,19,22,23,31,39,41],"killed_by":"Donu and Deca","ascension_level":2}}