{"host":"of8gj1gadsx6jhxl","time":1614456308,"event":{"mods":["BaseMod","Bestiary","Colored Map","Minty Spire (QoL Compilation)","Reliquary","Shop Mod","StSLib"],"gold_per_floor":[111,128,128,139,89,124,140,70,96,124,136,136,153,171,171,269,269,289,307,319,338,338,372,388,82,105,105,119,119,119,119,119,222,222,241,254,11,11,26,58,76,85,85,85,100,125,154,170,170,170,170,170,15,45,45],"floor_reached":56,"language":"ENG","playtime":11422,"items_purged":["Strike_P"],"score":1211,"play_id":"6d218b59-df3b-4c5a-adcd-c7605d084613","local_time":"20210227150508","is_ascension_mode":true,"campfire_choices":[{"floor":15.0,"key":"RECALL"},{"floor":29.0,"key":"REST"},{"floor":32.0,"key":"REST"},{"floor":49.0,"key":"REST"},{"floor":52,"key":"REST"}],"circlet_count":0,"master_deck":["Strike_P","Defend_P","Defend_P","Defend_P","Eruption","Vigilance","Meditate","Consecrate","Sanctity","Wireheading","Protect","Establishment","Worship","Crescendo","Prostrate","Brilliance","BattleHymn+1","SpiritShield","ThirdEye","Protect+1","ConjureBlade","Study+1","Apotheosis","SandsOfTime+1","Flash of Steel"],"relics":["Fusion Hammer","Akabeko","Strawberry","Pen Nib","reliquary:TuningFork","Black Star","Lizard Tail","Ginger","reliquary:FingerTrap","Tiny Chest","Bronze Scales","Nilry\u0027s Codex","FossilizedHelix","Busted Crown","HornCleat","reliquary:Spinner","CeramicFish","reliquary:Stiletto","reliquary:PartyBalloon","Letter Opener","Pocketwatch"],"acts_visited":["Exordium","TheCity","TheBeyond","TheEnding"],"potions_floor_usage":[54],"damage_taken":[{"damage":0.0,"enemies":"Small Slimes","floor":1.0,"turns":3.0},{"damage":6.0,"enemies":"Jaw Worm","floor":2.0,"turns":3.0},{"damage":0.0,"enemies":"Cultist","floor":4.0,"turns":3.0},{"damage":7.0,"enemies":"Lagavulin","floor":6.0,"turns":6.0},{"damage":0.0,"enemies":"Large Slime","floor":7.0,"turns":6.0},{"damage":10.0,"enemies":"3 Sentries","floor":10.0,"turns":6.0},{"damage":2.0,"enemies":"Looter","floor":11.0,"turns":2.0},{"damage":0.0,"enemies":"3 Louse","floor":13.0,"turns":3.0},{"damage":0.0,"enemies":"Gremlin Gang","floor":14.0,"turns":1.0},{"damage":6.0,"enemies":"The Guardian","floor":16.0,"turns":11.0},{"damage":10.0,"enemies":"Shell Parasite","floor":18.0,"turns":6.0},{"damage":0.0,"enemies":"Chosen","floor":19.0,"turns":4.0},{"damage":0.0,"enemies":"Snecko","floor":20.0,"turns":3.0},{"damage":18.0,"enemies":"Shelled Parasite and Fungi","floor":21.0,"turns":3.0},{"damage":23.0,"enemies":"Book of Stabbing","floor":23.0,"turns":6.0},{"damage":7.0,"enemies":"3 Cultists","floor":24.0,"turns":4.0},{"damage":0.0,"enemies":"Snecko","floor":28.0,"turns":5.0},{"damage":7.0,"enemies":"Automaton","floor":33.0,"turns":6.0},{"damage":6.0,"enemies":"Orb Walker","floor":35.0,"turns":3.0},{"damage":5.0,"enemies":"3 Darklings","floor":36.0,"turns":5.0},{"damage":16.0,"enemies":"4 Shapes","floor":39.0,"turns":4.0},{"damage":9.0,"enemies":"Reptomancer","floor":40.0,"turns":6.0},{"damage":0.0,"enemies":"Maw","floor":41.0,"turns":6.0},{"damage":0.0,"enemies":"3 Darklings","floor":45.0,"turns":4.0},{"damage":0.0,"enemies":"4 Shapes","floor":47.0,"turns":3.0},{"damage":0.0,"enemies":"Sphere and 2 Shapes","floor":48.0,"turns":4.0},{"damage":43,"enemies":"Awakened One","floor":50,"turns":9},{"damage":25,"enemies":"Shield and Spear","floor":54,"turns":5},{"damage":84,"enemies":"The Heart","floor":55,"turns":8}],"seed_played":"-5620022894132455914","potions_obtained":[{"floor":2.0,"key":"Weak Potion"},{"floor":4.0,"key":"Fire Potion"},{"floor":7.0,"key":"Fire Potion"},{"floor":10.0,"key":"Strength Potion"},{"floor":18.0,"key":"SpeedPotion"},{"floor":21.0,"key":"Weak Potion"},{"floor":28.0,"key":"Swift Potion"},{"floor":39.0,"key":"PowerPotion"},{"floor":45.0,"key":"Strength Potion"},{"floor":48.0,"key":"DuplicationPotion"}],"is_trial":false,"path_per_floor":["M","M","?","M","?","E","M","$","T","E","M","T","M","M","R","B",null,"M","M","M","M","?","E","M","$","T","$","M","R","?","T","R","B",null,"M","M","$","T","M","E","M","?","T","?","M","T","M","M","R","B",null,"R","$","E","B",null],"character_chosen":"WATCHER","items_purchased":["Establishment","reliquary:FingerTrap","Tiny Chest","HornCleat","Flash of Steel"],"campfire_rested":4,"item_purchase_floors":[8,25,25,37,53],"current_hp_per_floor":[72,66,71,71,71,64,64,64,71,61,59,59,59,59,59,53,84,74,74,74,56,56,33,26,26,26,26,26,51,35,35,60,53,84,78,73,73,73,57,48,48,48,48,48,48,48,48,48,73,30,84,84,84,59,18],"gold":45,"neow_bonus":"BOSS_RELIC","is_daily":false,"chose_seed":false,"campfire_upgraded":0,"win_rate":0.0,"timestamp":1614456308,"path_taken":["M","M","?","M","?","E","M","$","T","E","M","?","M","M","R","BOSS","M","M","M","M","?","E","M","$","T","?","M","R","?","?","R","BOSS","M","M","$","?","M","E","M","?","T","?","?","?","M","M","R","BOSS","R","$","E","BOSS"],"items_purchased_type":["Card","Relic","Relic","Relic","Card"],"build_version":"2020-12-22","purchased_purges":1,"victory":true,"max_hp_per_floor":[72,72,77,77,77,77,77,77,84,84,84,84,84,84,84,84,84,84,84,84,84,84,84,84,84,84,84,84,84,84,84,84,84,84,84,84,84,84,84,84,84,84,84,84,84,84,84,84,84,84,84,84,84,84,84],"card_choices":[{"not_picked":["ClearTheMind","ForeignInfluence"],"picked":"Meditate","floor":1.0},{"not_picked":["Pray","PathToVictory"],"picked":"Consecrate","floor":2.0},{"not_picked":["SashWhip","PathToVictory"],"picked":"Sanctity","floor":4.0},{"not_picked":["Crescendo","Swivel"],"picked":"Wireheading","floor":6.0},{"not_picked":["EmptyFist","FollowUp"],"picked":"Protect","floor":7.0},{"not_picked":["WheelKick","EmptyBody"],"picked":"Worship","floor":10.0},{"not_picked":["EmptyBody","FollowUp"],"picked":"Crescendo","floor":11.0},{"not_picked":["Perseverance","Protect"],"picked":"Prostrate","floor":13.0},{"not_picked":["EmptyBody","Tantrum","CutThroughFate"],"picked":"SKIP","floor":14.0},{"not_picked":["Wish","Establishment"],"picked":"Brilliance","floor":16.0},{"not_picked":["Crescendo","FollowUp","Consecrate+1"],"picked":"SKIP","floor":18.0},{"not_picked":["JustLucky","FearNoEvil"],"picked":"BattleHymn+1","floor":19.0},{"not_picked":["PathToVictory","Evaluate","Worship"],"picked":"SKIP","floor":20.0},{"not_picked":["Evaluate","PathToVictory"],"picked":"SpiritShield","floor":21.0},{"not_picked":["CutThroughFate","JustLucky"],"picked":"ThirdEye","floor":23.0},{"not_picked":["Prostrate","ForeignInfluence"],"picked":"Protect+1","floor":24.0},{"not_picked":["Wallop","CutThroughFate","ClearTheMind"],"picked":"SKIP","floor":28.0},{"not_picked":["Alpha","Blasphemy"],"picked":"ConjureBlade","floor":33.0},{"not_picked":[],"picked":"Study+1","floor":35.0},{"not_picked":["InnerPeace"],"picked":"SKIP","floor":36.0},{"not_picked":["FlyingSleeves"],"picked":"SKIP","floor":39.0},{"not_picked":["FlyingSleeves"],"picked":"SKIP","floor":39.0},{"not_picked":["Halt"],"picked":"SKIP","floor":40.0},{"not_picked":["WindmillStrike+1"],"picked":"SKIP","floor":41.0},{"not_picked":[],"picked":"Apotheosis","floor":42.0},{"not_picked":["Indignation"],"picked":"SKIP","floor":45.0},{"not_picked":[],"picked":"SandsOfTime+1","floor":47.0},{"not_picked":["Evaluate"],"picked":"SKIP","floor":48.0},{"not_picked":["Perseverance"],"picked":"SKIP","floor":54}],"player_experience":183381,"relics_obtained":[{"floor":6.0,"key":"Akabeko"},{"floor":9.0,"key":"Strawberry"},{"floor":10.0,"key":"Pen Nib"},{"floor":12.0,"key":"reliquary:TuningFork"},{"floor":23.0,"key":"Lizard Tail"},{"floor":23.0,"key":"Ginger"},{"floor":26.0,"key":"Bronze Scales"},{"floor":30.0,"key":"Nilry\u0027s Codex"},{"floor":31.0,"key":"FossilizedHelix"},{"floor":38.0,"key":"reliquary:Spinner"},{"floor":40.0,"key":"CeramicFish"},{"floor":40.0,"key":"reliquary:Stiletto"},{"floor":46.0,"key":"reliquary:PartyBalloon"},{"floor":54,"key":"Letter Opener"},{"floor":54,"key":"Pocketwatch"}],"event_choices":[{"damage_healed":0.0,"max_hp_gain":5.0,"max_hp_loss":0.0,"gold_gain":0.0,"event_name":"Big Fish","player_choice":"Donut","floor":3.0,"gold_loss":0.0,"damage_taken":0.0},{"cards_removed":["Defend_P"],"damage_healed":0.0,"max_hp_gain":0.0,"max_hp_loss":0.0,"gold_gain":0.0,"event_name":"The Cleric","player_choice":"Card Removal","floor":5.0,"gold_loss":50.0,"damage_taken":0.0},{"cards_removed":["Strike_P"],"damage_healed":0.0,"max_hp_gain":0.0,"max_hp_loss":0.0,"gold_gain":0.0,"event_name":"Purifier","player_choice":"Purged","floor":22.0,"gold_loss":0.0,"damage_taken":0.0},{"damage_healed":0.0,"max_hp_gain":0.0,"max_hp_loss":0.0,"gold_gain":0.0,"event_name":"Cursed Tome","player_choice":"Obtained Book","floor":30.0,"gold_loss":0.0,"damage_taken":16.0},{"damage_healed":0.0,"max_hp_gain":0.0,"max_hp_loss":0.0,"gold_gain":0.0,"event_name":"SensoryStone","player_choice":"Memory 1","floor":42.0,"gold_loss":0.0,"damage_taken":0.0},{"cards_removed":["Strike_P"],"damage_healed":0.0,"max_hp_gain":0.0,"max_hp_loss":0.0,"gold_gain":0.0,"event_name":"Purifier","player_choice":"Purged","floor":44.0,"gold_loss":0.0,"damage_taken":0.0}],"is_beta":false,"boss_relics":[{"not_picked":["Ectoplasm","Cursed Key"],"picked":"Black Star"},{"not_picked":["SlaversCollar","reliquary:KinkedSpring"],"picked":"Busted Crown"}],"items_purged_floors":[53],"is_endless":false,"potions_floor_spawned":[2,4,7,10,18,21,28,33,39,45,48],"ascension_level":1}}