{"host":"seyebgsfkenzddlz","time":1614412378,"event":{"mods":["AchievementEnabler","BaseMod","Bestiary","Block Reminder","Colored Powertips","Minty Spire (QoL Compilation)","Practice Mode","Relic Stats"],"gold_per_floor":[13,13,33,33,50,50,83,101,401,419,433,433,463,476,476,580,580,580,580,580,580,580,580,580,580,580,0,0,0,0,0,0,0,0,0,0,0,0,0],"floor_reached":40,"language":"RUS","playtime":2898,"items_purged":[],"score":752,"play_id":"da89e704-bb96-4435-bc0f-eb1b22f6165c","local_time":"20210227175258","is_ascension_mode":true,"campfire_choices":[{"data":"Genetic Algorithm","floor":6.0,"key":"SMITH"},{"floor":12.0,"key":"REST"},{"data":"Fusion","floor":15.0,"key":"SMITH"},{"floor":23.0,"key":"REST"},{"floor":28.0,"key":"REST"},{"floor":32.0,"key":"REST"}],"circlet_count":0,"master_deck":["Strike_B","Strike_B","Strike_B","Defend_B","Defend_B","Defend_B","Zap","Dualcast","Genetic Algorithm+1","Ball Lightning","Undo","Hologram","Cold Snap","Static Discharge","Reinforced Body","Conserve Battery","Fusion+1","Creative AI","White Noise","Multi-Cast","Hologram","Redo","Coolheaded+1","Apotheosis","Rebound","Conserve Battery","Capacitor","Buffer","Amplify","Aggregate+1","Madness","Madness"],"relics":["Cracked Core","FaceOfCleric","StoneCalendar","Old Coin","Dead Branch","Ectoplasm","PreservedInsect","Smiling Mask","DataDisk","Happy Flower","Fusion Hammer"],"acts_visited":["Exordium","TheCity","TheBeyond"],"potions_floor_usage":[39,39,39],"damage_taken":[{"damage":2.0,"enemies":"Jaw Worm","floor":1.0,"turns":5.0},{"damage":0.0,"enemies":"Cultist","floor":3.0,"turns":3.0},{"damage":0.0,"enemies":"Small Slimes","floor":5.0,"turns":3.0},{"damage":33.0,"enemies":"3 Sentries","floor":7.0,"turns":13.0},{"damage":1.0,"enemies":"2 Fungi Beasts","floor":8.0,"turns":3.0},{"damage":16.0,"enemies":"Lots of Slimes","floor":10.0,"turns":4.0},{"damage":4.0,"enemies":"Looter","floor":11.0,"turns":3.0},{"damage":3.0,"enemies":"Lagavulin","floor":13.0,"turns":7.0},{"damage":10.0,"enemies":"Exordium Wildlife","floor":14.0,"turns":4.0},{"damage":14.0,"enemies":"Slime Boss","floor":16.0,"turns":8.0},{"damage":8.0,"enemies":"Chosen","floor":18.0,"turns":7.0},{"damage":6.0,"enemies":"Spheric Guardian","floor":20.0,"turns":5.0},{"damage":46.0,"enemies":"Cultist and Chosen","floor":21.0,"turns":7.0},{"damage":5.0,"enemies":"Snake Plant","floor":22.0,"turns":5.0},{"damage":39.0,"enemies":"Gremlin Leader","floor":24.0,"turns":8.0},{"damage":0.0,"enemies":"Centurion and Healer","floor":25.0,"turns":8.0},{"damage":6.0,"enemies":"Book of Stabbing","floor":29.0,"turns":6.0},{"damage":6.0,"enemies":"Cultist and Chosen","floor":31.0,"turns":7.0},{"damage":0,"enemies":"Automaton","floor":33,"turns":10},{"damage":11,"enemies":"Orb Walker","floor":35,"turns":5},{"damage":17,"enemies":"Donu and Deca","floor":39,"turns":9}],"seed_played":"-4134856247708679171","potions_obtained":[{"floor":1.0,"key":"Fire Potion"},{"floor":3.0,"key":"Regen Potion"},{"floor":5.0,"key":"PowerPotion"},{"floor":11.0,"key":"PotionOfCapacity"},{"floor":13.0,"key":"Dexterity Potion"},{"floor":20.0,"key":"LiquidBronze"},{"floor":22.0,"key":"PotionOfCapacity"},{"floor":29.0,"key":"Energy Potion"},{"floor":31.0,"key":"Strength Potion"},{"floor":33,"key":"Dexterity Potion"}],"is_trial":false,"path_per_floor":["M","?","M","?","M","R","E","M","T","M","M","R","E","M","R","B",null,"M","T","M","M","M","R","E","M","T","$","R","E","?","M","R","B",null,"M","$","?","?","B",null],"character_chosen":"DEFECT","items_purchased":["Apotheosis","Rebound","Conserve Battery","Capacitor","DataDisk","Regen Potion"],"campfire_rested":4,"item_purchase_floors":[27,27,27,27,27,27],"current_hp_per_floor":[73,73,73,73,74,74,42,42,42,27,24,48,61,52,52,39,83,76,76,71,26,22,48,10,11,11,11,37,47,47,42,69,70,92,82,82,70,70,54],"gold":0,"neow_bonus":"TRANSFORM_TWO_CARDS","is_daily":false,"chose_seed":false,"campfire_upgraded":2,"win_rate":0.0,"timestamp":1614412378,"path_taken":["M","?","M","?","M","R","E","M","T","M","M","R","E","M","R","BOSS","M","?","M","?","M","R","E","M","T","?","R","E","?","M","R","BOSS","M","$","?","?","BOSS"],"items_purchased_type":["Card","Card","Card","Card","Relic","Potion"],"build_version":"2020-12-22","purchased_purges":0,"victory":true,"max_hp_per_floor":[75,75,75,75,76,76,77,78,78,79,80,80,81,82,82,83,83,84,84,85,86,87,87,88,89,89,89,89,90,90,91,91,92,92,93,93,93,93,94],"relic_stats":{"FaceOfCleric":19,"Happy Flower":[10],"counters":[21,130],"Dead Branch":[81],"StoneCalendar":[454],"Ectoplasm":270,"PreservedInsect":41,"Smiling Mask":0,"obtain_stats":[{"DataDisk":27,"FaceOfCleric":4,"Happy Flower":29,"Dead Branch":13,"StoneCalendar":7,"Ectoplasm":17,"PreservedInsect":24,"Fusion Hammer":34,"Cracked Core":0,"Smiling Mask":26,"Old Coin":9},{"DataDisk":16,"FaceOfCleric":2,"Happy Flower":17,"Dead Branch":8,"StoneCalendar":4,"Ectoplasm":10,"PreservedInsect":15,"Fusion Hammer":19,"Cracked Core":0,"Smiling Mask":16,"Old Coin":5},{"DataDisk":93,"FaceOfCleric":8,"Happy Flower":99,"Dead Branch":41,"StoneCalendar":24,"Ectoplasm":53,"PreservedInsect":85,"Fusion Hammer":116,"Cracked Core":0,"Smiling Mask":93,"Old Coin":27}]},"card_choices":[{"not_picked":["Consume","Compile Driver"],"picked":"Ball Lightning","floor":1.0},{"not_picked":["Auto Shields","Compile Driver"],"picked":"Hologram","floor":3.0},{"not_picked":["Ball Lightning","Genetic Algorithm"],"picked":"Cold Snap","floor":5.0},{"not_picked":["Cold Snap","Recycle"],"picked":"Static Discharge","floor":7.0},{"not_picked":["Steam","Conserve Battery"],"picked":"Reinforced Body","floor":8.0},{"not_picked":["Recycle","Ball Lightning"],"picked":"Conserve Battery","floor":10.0},{"not_picked":["Genetic Algorithm","Barrage"],"picked":"Fusion","floor":11.0},{"not_picked":["Reprogram","Rebound"],"picked":"Creative AI","floor":13.0},{"not_picked":["Compile Driver","Hologram"],"picked":"White Noise","floor":14.0},{"not_picked":["Biased Cognition","Core Surge"],"picked":"Multi-Cast","floor":16.0},{"not_picked":["Sweeping Beam","Rebound","Consume"],"picked":"SKIP","floor":18.0},{"not_picked":["Cold Snap","Go for the Eyes"],"picked":"Hologram","floor":20.0},{"not_picked":["Leap","Sunder+1"],"picked":"Redo","floor":21.0},{"not_picked":["Reinforced Body+1","Multi-Cast"],"picked":"Coolheaded+1","floor":22.0},{"not_picked":["Steam Power+1","Tempest","Beam Cell"],"picked":"SKIP","floor":24.0},{"not_picked":["Go for the Eyes","Redo","Coolheaded"],"picked":"SKIP","floor":25.0},{"not_picked":["Streamline","Stack","Rip and Tear+1"],"picked":"SKIP","floor":29.0},{"not_picked":["Ball Lightning+1","Glacier+1"],"picked":"Buffer","floor":31.0},{"not_picked":["Electrodynamics","Multi-Cast"],"picked":"Amplify","floor":33},{"not_picked":["Ball Lightning+1","Reinforced Body"],"picked":"Aggregate+1","floor":35}],"player_experience":141563,"relics_obtained":[{"floor":7.0,"key":"StoneCalendar"},{"floor":9.0,"key":"Old Coin"},{"floor":13.0,"key":"Dead Branch"},{"floor":24.0,"key":"PreservedInsect"},{"floor":26.0,"key":"Smiling Mask"},{"floor":29.0,"key":"Happy Flower"}],"event_choices":[{"damage_healed":0.0,"max_hp_gain":0.0,"max_hp_loss":0.0,"gold_gain":0.0,"cards_transformed":["Reboot"],"event_name":"Living Wall","player_choice":"Change","floor":2.0,"gold_loss":0.0,"damage_taken":0.0,"cards_obtained":["Undo"]},{"damage_healed":0.0,"max_hp_gain":0.0,"max_hp_loss":0.0,"gold_gain":0.0,"event_name":"FaceTrader","player_choice":"Trade","floor":4.0,"gold_loss":0.0,"damage_taken":0.0,"relics_obtained":["FaceOfCleric"]},{"damage_healed":0,"gold_gain":0,"player_choice":"Embrace Madness","damage_taken":12,"max_hp_gain":0,"max_hp_loss":0,"event_name":"Winding Halls","floor":37,"gold_loss":0,"cards_obtained":["Madness","Madness"]},{"damage_healed":0,"gold_gain":0,"player_choice":"Took Portal","damage_taken":0,"max_hp_gain":0,"max_hp_loss":0,"event_name":"SecretPortal","floor":38,"gold_loss":0}],"is_beta":false,"boss_relics":[{"not_picked":["Tiny House","Cursed Key"],"picked":"Ectoplasm"},{"not_picked":["Runic Pyramid","Black Star"],"picked":"Fusion Hammer"}],"items_purged_floors":[],"is_endless":false,"potions_floor_spawned":[1,3,5,11,13,20,22,29,31,33,35],"ascension_level":2}}