{"host":"yunadyb0795wtij7","time":1614440052,"event":{"mods":["BaseMod","Downfall","Minty Spire (QoL Compilation)","StSLib","[IsaacMod]ÒÔÈö¼âËþ"],"gold_per_floor":[99,119,132,142,142,142,167,167,194,294,294,27,45,77,97,197,197,197,208,308,320,320,320,369,369,389,424,435,464,464,223,238,341,341,341,353,353,353,353],"floor_reached":37,"language":"ZHS","playtime":1591,"items_purged":["Slimebound:Strike_Slimebound","Slimebound:Tackle"],"score":614,"play_id":"c6f85c02-bd55-431a-b5e6-d4c5db8feaee","local_time":"20210227233412","is_ascension_mode":true,"campfire_choices":[{"data":"Slimebound:Split","floor":1.0,"key":"SMITH"},{"data":"Slimebound:Repurpose","floor":6.0,"key":"SMITH"},{"data":"Slimebound:SplitMire","floor":11.0,"key":"SMITH"},{"data":"Slimebound:SlimeBarrage","floor":18.0,"key":"SMITH"},{"data":"Slimebound:MassFeed","floor":25.0,"key":"SMITH"},{"data":"Slimebound:SlimeBrawl","floor":30,"key":"SMITH"},{"data":"Slimebound:OneTwoCombo","floor":35,"key":"SMITH"}],"circlet_count":0,"master_deck":["Slimebound:Defend_Slimebound","Slimebound:Defend_Slimebound","Slimebound:Split+1","Slimebound:CorrosiveSpit","BloodyBrimstone","Slimebound:Repurpose+1","Slimebound:SplitMire+1","Slimebound:MassRepurpose","Slimebound:LevelUp","Slimebound:SlimeBarrage+1","Slimebound:Dissolve","Slimebound:LeadByExample","Slimebound:PressTheAttack","Slimebound:MassFeed+1","Slimebound:MassRepurpose","Slimebound:ComboTackle","CurseOfTheBell","CurseOfTheBell","Normality","Slimebound:RallyTheTroops","downfall:Bewildered","Regret","Slimebound:SlimeBrawl+1","Slimebound:LevelUp","Slimebound:RallyTheTroops","Slimebound:Schlurp","Slimebound:ComboTackle+1","Slimebound:ComboTackle","Slimebound:Overexert","Slimebound:ProtectTheBoss+1","Slimebound:FirmFortitude","Slimebound:SplitSpecialist","Slimebound:SlimeBarrage","Impatience","Slimebound:SplitLeeching+1","Slimebound:OneTwoCombo+1"],"relics":["Slimebound:AbsorbEndCombat","HushsDoor","Toy Ornithopter","Bronze Scales","Strawberry","SatanicBible","Vajra","Membership Card","DeadEye","sneckomod:SneckoTalon","Incubus","downfall:ExtraCursedBell","Bag of Preparation","Gremlin Horn","PunchingBag","BookOfRevelations","TheBean","White Beast Statue","Question Card","sneckomod:BlankCard","Strange Spoon","Empty Cage"],"acts_visited":["Exordium","TheCity","TheBeyond"],"potions_floor_usage":[27,29,31,33,33,33,36,37],"damage_taken":[{"damage":7.0,"enemies":"Cultist","floor":2.0,"turns":4.0},{"damage":6.0,"enemies":"Jaw Worm","floor":3.0,"turns":2.0},{"damage":0.0,"enemies":"2 Louse","floor":4.0,"turns":1.0},{"damage":18.0,"enemies":"Lagavulin","floor":9.0,"turns":4.0},{"damage":0.0,"enemies":"downfall:FleeingMerchant","floor":12.0,"turns":4.0},{"damage":17.0,"enemies":"Red Slaver","floor":13.0,"turns":4.0},{"damage":12.0,"enemies":"Gremlin Nob","floor":14.0,"turns":3.0},{"damage":2.0,"enemies":"Blue Slaver","floor":15.0,"turns":2.0},{"damage":26.0,"enemies":"DF_ARCHETYPE_STREAMLINE","floor":16.0,"turns":5.0},{"damage":0.0,"enemies":"Spheric Guardian","floor":19.0,"turns":1.0},{"damage":16.0,"enemies":"3 Byrds","floor":21.0,"turns":2.0},{"damage":22.0,"enemies":"Centurion and Healer","floor":26.0,"turns":5.0},{"damage":3,"enemies":"Slavers","floor":27,"turns":1},{"damage":11,"enemies":"Snake Plant","floor":28,"turns":3},{"damage":25,"enemies":"Gremlin Leader","floor":29,"turns":5},{"damage":1,"enemies":"downfall:FleeingMerchant","floor":31,"turns":3},{"damage":0,"enemies":"Cultist and Chosen","floor":32,"turns":3},{"damage":13,"enemies":"WA_ARCHETYPE_CALM","floor":33,"turns":5},{"damage":35,"enemies":"3 Darklings","floor":36,"turns":3},{"damage":34,"enemies":"Orb Walker","floor":37,"turns":2}],"seed_played":"-6449481035825287119","potions_obtained":[{"floor":4.0,"key":"Fire Potion"},{"floor":9.0,"key":"PowerPotion"},{"floor":13.0,"key":"Ancient Potion"},{"floor":15.0,"key":"Weak Potion"},{"floor":19.0,"key":"bronze:BurnAndBuffPotion"},{"floor":21.0,"key":"LiquidMemories"},{"floor":26.0,"key":"Dexterity Potion"},{"floor":31,"key":"Fruit Juice"},{"floor":32,"key":"Guardian:BlockOnCardUsePotion"},{"floor":33,"key":"DuplicationPotion"},{"floor":36,"key":"PowerPotion"}],"is_trial":false,"path_per_floor":["R","M","M","M","T","R","T","T","E","?","R","$","M","E","M","B",null,"R","M","?","M","?","?","T","R","M","E","M","E","R","$","M","B",null,"R","M","M"],"character_chosen":"SLIMEBOUND","items_purchased":["Membership Card","Slimebound:LevelUp","Slimebound:SlimeBarrage","Incubus","Slimebound:MassRepurpose","Question Card","sneckomod:BlankCard","Slimebound:FirmFortitude","Slimebound:SplitSpecialist","Slimebound:SlimeBarrage","Block Potion","bronze:BurnAndBuffPotion","Strange Spoon","Impatience"],"campfire_rested":0,"item_purchase_floors":[12,12,12,17,17,31,31,31,31,31,31,31,31,31],"current_hp_per_floor":[71,65,61,61,61,61,61,68,51,51,51,55,38,40,42,27,39,39,36,41,32,32,32,32,32,22,32,25,7,7,20,24,32,52,52,21,0,0,0],"gold":353,"neow_bonus":"TEN_PERCENT_HP_BONUS","is_daily":false,"chose_seed":false,"campfire_upgraded":7,"win_rate":0.0,"timestamp":1614440052,"path_taken":["R","M","M","M","?","R","T","?","E","?","R","?","M","E","M","BOSS","R","M","?","M","?","?","T","R","M","E","?","E","R","$","M","BOSS","R","M","?"],"items_purchased_type":["Relic","Card","Card","Relic","Card","Relic","Relic","Card","Card","Card","Potion","Potion","Relic","Card"],"build_version":"2020-12-22","purchased_purges":2,"victory":false,"max_hp_per_floor":[71,71,68,65,65,65,65,72,69,69,69,66,66,66,66,63,39,39,36,41,44,44,44,44,44,44,49,49,46,46,52,52,52,52,52,52,52,52,52],"card_choices":[{"not_picked":[],"picked":"BloodyBrimstone","floor":0.0},{"not_picked":["Slimebound:SplitBruiser","Slimebound:GrowthPunch"],"picked":"Slimebound:Repurpose","floor":2.0},{"not_picked":["Slimebound:DisruptingSlam","Slimebound:ItLooksTasty","Slimebound:RollThrough"],"picked":"SKIP","floor":3.0},{"not_picked":["Slimebound:SplitMire","Slimebound:FlameTackle"],"picked":"Bomb","floor":4.0},{"not_picked":["Slimebound:HungryTackle","Slimebound:Schlurp"],"picked":"Slimebound:SplitMire","floor":9.0},{"not_picked":["Slimebound:DivideAndConquer","Slimebound:SplitAcid"],"picked":"Slimebound:MassRepurpose","floor":12.0},{"not_picked":["Slimebound:LivingWall","Slimebound:SplitMire"],"picked":"Slimebound:Dissolve","floor":13.0},{"not_picked":["Slimebound:GoopTackle","Bomb"],"picked":"Slimebound:LeadByExample","floor":14.0},{"not_picked":["Slimebound:BestDefense","Slimebound:SlimeSpikes"],"picked":"Slimebound:PressTheAttack","floor":15.0},{"not_picked":["Slimebound:SlimeSlap","Slimebound:Recycling"],"picked":"Slimebound:MassFeed","floor":16.0},{"not_picked":["Slimebound:Replication","Slimebound:SplitLeeching"],"picked":"Slimebound:ComboTackle","floor":19.0},{"not_picked":["Slimebound:Schlurp","Slimebound:SlimeBarrage"],"picked":"Slimebound:SlimeBrawl","floor":21.0},{"not_picked":["Slimebound:FormOfPuddle","Slimebound:HauntingLick"],"picked":"Slimebound:ComboTackle+1","floor":26.0},{"not_picked":["Slimebound:Replication","Slimebound:FlameTackle"],"picked":"Slimebound:ComboTackle","floor":27},{"not_picked":["Slimebound:GoopTackle+1","Slimebound:ComboTackle"],"picked":"Slimebound:Overexert","floor":28},{"not_picked":["Slimebound:LeechingTouch","Slimebound:GoopTackle+1","Slimebound:ViciousTackle"],"picked":"SKIP","floor":29},{"not_picked":["Slimebound:LivingWall+1","Slimebound:Chomp"],"picked":"Slimebound:ProtectTheBoss+1","floor":31},{"not_picked":["Slimebound:LeechEnergy","Slimebound:DisruptingSlam","Slimebound:ViciousTackle+1"],"picked":"Slimebound:SplitLeeching+1","floor":32},{"not_picked":["Slimebound:PrepareCrush","Slimebound:MassFeed","Slimebound:CheckThePlaybook"],"picked":"Slimebound:OneTwoCombo","floor":33},{"not_picked":["Slimebound:PressTheAttack","Slimebound:SlimeSpikes","Slimebound:FinishingTackle","Slimebound:Chomp"],"picked":"SKIP","floor":36}],"player_experience":14675,"relics_obtained":[{"floor":5.0,"key":"Toy Ornithopter"},{"floor":7.0,"key":"Bronze Scales"},{"floor":8.0,"key":"Strawberry"},{"floor":9.0,"key":"Vajra"},{"floor":14.0,"key":"DeadEye"},{"floor":20.0,"key":"Bag of Preparation"},{"floor":20.0,"key":"Gremlin Horn"},{"floor":20.0,"key":"PunchingBag"},{"floor":24.0,"key":"BookOfRevelations"},{"floor":27,"key":"TheBean"},{"floor":29,"key":"White Beast Statue"}],"event_choices":[{"damage_healed":0.0,"max_hp_gain":0.0,"max_hp_loss":0.0,"gold_gain":0.0,"event_name":"The Library","player_choice":"Read","floor":22.0,"gold_loss":0.0,"damage_taken":0.0,"cards_obtained":["Slimebound:LevelUp"]},{"damage_healed":0.0,"max_hp_gain":0.0,"max_hp_loss":0.0,"gold_gain":0.0,"cards_transformed":["Slimebound:Strike_Slimebound","Slimebound:Strike_Slimebound"],"event_name":"Drug Dealer","player_choice":"Became Test Subject","floor":23.0,"gold_loss":0.0,"damage_taken":0.0,"cards_obtained":["Slimebound:RallyTheTroops","Slimebound:Schlurp"]}],"is_beta":false,"boss_relics":[{"not_picked":["SacredBark","Runic Pyramid"],"picked":"sneckomod:SneckoTalon"},{"not_picked":[]},{"not_picked":["Astrolabe","Sozu"],"picked":"Empty Cage"},{"not_picked":[]}],"items_purged_floors":[12,31],"is_endless":false,"potions_floor_spawned":[4,9,13,15,19,21,26,31,32,33,36],"killed_by":"Orb Walker","ascension_level":1}}