{"host":"lktusdb9orijgc6z","time":1614438733,"event":{"mods":["BaseMod","Bestiary","Colored Map","Colored Powertips","Minty Spire (QoL Compilation)","Permanent Neow","Quick Restart","Relic Stats","StSLib","everything is the same but u backflip on backflip","slay the spire mod where everything is the same but ironclad has a cowboy hat"],"gold_per_floor":[109,126,126,27,43,43,73,73,100,120,138,138,138,178,178,271,271,295,21,21,40,88,123,148,148,148],"floor_reached":25,"language":"ENG","playtime":854,"items_purged":["Pain"],"score":512,"play_id":"0c775b99-bda1-45dd-8156-363273487d16","local_time":"20210227161213","is_ascension_mode":true,"campfire_choices":[{"data":"Unload","floor":6,"key":"SMITH"},{"data":"Wraith Form v2","floor":8,"key":"SMITH"},{"data":"Crippling Poison","floor":12,"key":"SMITH"},{"floor":15,"key":"REST"}],"circlet_count":0,"master_deck":["AscendersBane","Strike_G","Strike_G","Strike_G","Strike_G","Strike_G","Defend_G","Defend_G","Defend_G","Defend_G","Defend_G","Survivor","Neutralize","Dash","Crippling Poison+1","Underhanded Strike","Unload+1","Wraith Form v2+1","Underhanded Strike","Leg Sweep","All Out Attack","Envenom","Catalyst","Clumsy","Reflex"],"relics":["HoveringKite","WarpedTongs","Tiny Chest","PreservedInsect","Golden Idol","Regal Pillow","Cursed Key","Singing Bowl","Toy Ornithopter","Ninja Scroll"],"acts_visited":["Exordium","TheCity"],"potions_floor_usage":[11,14,23,23],"damage_taken":[{"damage":4,"enemies":"Small Slimes","floor":1,"turns":5},{"damage":1,"enemies":"Cultist","floor":2,"turns":5},{"damage":1,"enemies":"Jaw Worm","floor":5,"turns":4},{"damage":22,"enemies":"3 Sentries","floor":7,"turns":10},{"damage":14,"enemies":"Exordium Thugs","floor":10,"turns":6},{"damage":0,"enemies":"Looter","floor":11,"turns":1},{"damage":0,"enemies":"Lagavulin","floor":14,"turns":5},{"damage":16,"enemies":"The Guardian","floor":16,"turns":16},{"damage":4,"enemies":"Chosen","floor":18,"turns":5},{"damage":19,"enemies":"Spheric Guardian","floor":21,"turns":6},{"damage":7,"enemies":"Gremlin Leader","floor":23,"turns":6},{"damage":16,"enemies":"Snake Plant","floor":24,"turns":7}],"seed_played":"5282584668378644252","potions_obtained":[{"floor":2,"key":"SteroidPotion"},{"floor":7,"key":"SteroidPotion"},{"floor":11,"key":"AttackPotion"},{"floor":16,"key":"SpeedPotion"},{"floor":18,"key":"SteroidPotion"},{"floor":20,"key":"EntropicBrew"},{"floor":24,"key":"Fire Potion"}],"is_trial":false,"path_per_floor":["M","M","?","$","M","R","E","R","T","M","M","R","?","E","R","B",null,"M","$","?","M","T","E","M","?"],"character_chosen":"THE_SILENT","items_purchased":["Underhanded Strike","Singing Bowl"],"campfire_rested":1,"item_purchase_floors":[4,19],"current_hp_per_floor":[55,54,54,54,53,53,31,31,31,17,17,17,17,17,50,34,54,50,50,50,31,31,34,20,0,0],"gold":148,"neow_bonus":"BOSS_RELIC","is_daily":false,"chose_seed":false,"campfire_upgraded":3,"win_rate":0.0,"timestamp":1614438733,"path_taken":["M","M","?","$","M","R","E","R","T","?","M","R","?","E","R","BOSS","M","$","?","M","?","E","M","?"],"items_purchased_type":["Card","Relic"],"build_version":"2020-12-22","purchased_purges":1,"victory":false,"max_hp_per_floor":[66,66,66,66,66,66,66,66,66,66,66,66,60,60,60,60,60,60,60,60,60,60,60,62,62,62],"relic_stats":{"Regal Pillow":15,"Singing Bowl":2,"counters":[12,76],"Golden Idol":48,"HoveringKite":[29],"Tiny Chest":1,"PreservedInsect":81,"Cursed Key":1,"obtain_stats":[{"Regal Pillow":14,"Singing Bowl":19,"Golden Idol":13,"Ninja Scroll":23,"HoveringKite":0,"Tiny Chest":7,"PreservedInsect":9,"Cursed Key":17,"Toy Ornithopter":22,"Ring of the Snake":0,"WarpedTongs":3},{"Regal Pillow":7,"Singing Bowl":9,"Golden Idol":6,"Ninja Scroll":11,"HoveringKite":0,"Tiny Chest":4,"PreservedInsect":4,"Cursed Key":8,"Toy Ornithopter":10,"Ring of the Snake":0,"WarpedTongs":2},{"Regal Pillow":36,"Singing Bowl":57,"Golden Idol":31,"Ninja Scroll":69,"HoveringKite":0,"Tiny Chest":24,"PreservedInsect":24,"Cursed Key":52,"Toy Ornithopter":63,"Ring of the Snake":0,"WarpedTongs":10}],"Toy Ornithopter":10,"WarpedTongs":[63]},"card_choices":[{"not_picked":["Deflect","Quick Slash"],"picked":"Dash","floor":1},{"not_picked":["Cloak And Dagger","Concentrate"],"picked":"Crippling Poison","floor":2},{"not_picked":["Bane","PiercingWail"],"picked":"Unload","floor":5},{"not_picked":["Dagger Spray","Sucker Punch"],"picked":"Wraith Form v2","floor":7},{"not_picked":["Deflect","Cloak And Dagger"],"picked":"Underhanded Strike","floor":10},{"not_picked":["Deflect","Bane"],"picked":"Leg Sweep","floor":11},{"not_picked":["Quick Slash","Prepared"],"picked":"All Out Attack","floor":14},{"not_picked":["Venomology","Bullet Time"],"picked":"Envenom","floor":16},{"not_picked":["Masterful Stab","Deadly Poison","Backflip"],"picked":"SKIP","floor":18},{"not_picked":["Deadly Poison","Riddle With Holes"],"picked":"Catalyst","floor":21},{"not_picked":["Dagger Spray","Flying Knee"],"picked":"Reflex","floor":23},{"not_picked":["Slice","Underhanded Strike","Bane"],"picked":"Singing Bowl","floor":24}],"player_experience":851213,"relics_obtained":[{"floor":7,"key":"Tiny Chest"},{"floor":9,"key":"PreservedInsect"},{"floor":14,"key":"Regal Pillow"},{"floor":22,"key":"Toy Ornithopter"},{"floor":23,"key":"Ninja Scroll"}],"event_choices":[{"damage_healed":0,"gold_gain":0,"player_choice":"Rummage","damage_taken":0,"relics_obtained":["WarpedTongs"],"max_hp_gain":0,"max_hp_loss":0,"event_name":"Accursed Blacksmith","floor":3,"gold_loss":0,"cards_obtained":["Pain"]},{"damage_healed":0,"gold_gain":0,"player_choice":"Lose Max HP","damage_taken":0,"relics_obtained":["Golden Idol"],"max_hp_gain":0,"max_hp_loss":6,"event_name":"Golden Idol","floor":13,"gold_loss":0},{"damage_healed":0,"gold_gain":0,"player_choice":"Got Potions","damage_taken":0,"max_hp_gain":0,"max_hp_loss":0,"event_name":"Lab","floor":20,"gold_loss":0}],"is_beta":false,"boss_relics":[{"not_picked":["SacredBark","Tiny House"],"picked":"Cursed Key"}],"items_purged_floors":[4],"is_endless":false,"potions_floor_spawned":[2,7,11,16,18,24],"ascension_level":20}}