{"host":"sc0o2qwpf9j16a4i","time":1614424232,"event":{"mods":["AchievementEnabler","BaseMod","BetterRewards","Block Reminder","Colored Map","Colored Powertips","Custom Start","Highlight Path","Minty Spire (QoL Compilation)","Relic Stats"],"gold_per_floor":[118,37,50,50,66,92,92,128,151,151,185,208,208,208,208,208,208],"floor_reached":16,"language":"ENG","playtime":398,"items_purged":[],"score":286,"play_id":"72e0d17c-d85b-4e99-bd05-79f6504c81c1","local_time":"20210227131032","is_ascension_mode":true,"campfire_choices":[{"floor":10,"key":"REST"},{"floor":15,"key":"REST"}],"circlet_count":0,"master_deck":["AscendersBane","Strike_P","Strike_P","Strike_P","Strike_P","Defend_P+1","Defend_P","Defend_P","Defend_P","Eruption+1","Vigilance+1","EmptyFist","SashWhip","LessonLearned","Swivel","BowlingBash","Consecrate+1","Omniscience","DeceiveReality","ClearTheMind"],"relics":["PureWater","Lee\u0027s Waffle","CaptainsWheel","PreservedInsect","Golden Idol","Smiling Mask","Juzu Bracelet","Happy Flower","CloakClasp","Gremlin Horn"],"acts_visited":["Exordium"],"potions_floor_usage":[8,12],"damage_taken":[{"damage":2.0,"enemies":"Small Slimes","floor":1.0,"turns":3.0},{"damage":14.0,"enemies":"2 Louse","floor":3.0,"turns":3.0},{"damage":0.0,"enemies":"Jaw Worm","floor":5.0,"turns":1.0},{"damage":0.0,"enemies":"Gremlin Nob","floor":6.0,"turns":2.0},{"damage":14,"enemies":"Lagavulin","floor":8,"turns":5},{"damage":8,"enemies":"Gremlin Nob","floor":11,"turns":4},{"damage":2,"enemies":"Gremlin Gang","floor":12,"turns":3},{"damage":26,"enemies":"Hexaghost","floor":16,"turns":11}],"seed_played":"-5733454784292232323","potions_obtained":[{"floor":3.0,"key":"SkillPotion"},{"floor":5.0,"key":"SteroidPotion"},{"floor":11,"key":"Energy Potion"}],"is_trial":false,"path_per_floor":["M","$","M","?","M","E","?","E","T","R","E","M","?","?","R","B"],"character_chosen":"WATCHER","items_purchased":["Lee\u0027s Waffle","CaptainsWheel","EmptyFist","LessonLearned"],"campfire_rested":2,"item_purchase_floors":[0,0,0,2],"current_hp_per_floor":[73,73,59,64,64,64,36,22,22,46,38,36,36,1,25,0,0],"gold":208,"neow_bonus":"","is_daily":false,"chose_seed":false,"campfire_upgraded":0,"win_rate":0.0,"timestamp":1614424232,"path_taken":["M","$","M","?","M","E","?","E","T","R","E","M","?","?","R","BOSS"],"items_purchased_type":["Relic","Relic","Card","Card"],"build_version":"2020-12-22","purchased_purges":0,"victory":false,"max_hp_per_floor":[75,75,75,80,80,80,80,80,80,80,80,80,80,80,80,80,80],"relic_stats":{"Lee\u0027s Waffle":34,"Happy Flower":[4],"Gremlin Horn":[0,0],"counters":[29,87],"Golden Idol":19,"PreservedInsect":325,"Juzu Bracelet":0,"CloakClasp":[33],"Smiling Mask":0,"obtain_stats":[{"Lantern":5,"Regal Pillow":17,"Lee\u0027s Waffle":0,"Singing Bowl":17,"Happy Flower":11,"Gremlin Horn":14,"Golden Idol":7,"Vajra":23,"PreservedInsect":6,"Juzu Bracelet":9,"CloakClasp":13,"Empty Cage":34,"Smiling Mask":8,"Mercury Hourglass":9,"Old Coin":17,"Calling Bell":17,"Bottled Flame":7,"CaptainsWheel":0,"HornCleat":26,"Molten Egg 2":27,"Red Mask":22,"PureWater":0,"FossilizedHelix":29},{"Lantern":3,"Regal Pillow":8,"Lee\u0027s Waffle":21,"Singing Bowl":8,"Happy Flower":27,"Gremlin Horn":28,"Golden Idol":25,"Vajra":13,"PreservedInsect":25,"Juzu Bracelet":26,"CloakClasp":28,"Empty Cage":19,"Smiling Mask":26,"Mercury Hourglass":4,"Old Coin":8,"Calling Bell":8,"Bottled Flame":4,"CaptainsWheel":21,"HornCleat":14,"Molten Egg 2":14,"Red Mask":12,"PureWater":0,"FossilizedHelix":16},{"Lantern":5,"Regal Pillow":16,"Lee\u0027s Waffle":55,"Singing Bowl":16,"Happy Flower":73,"Gremlin Horn":76,"Golden Idol":64,"Vajra":29,"PreservedInsect":64,"Juzu Bracelet":69,"CloakClasp":76,"Empty Cage":49,"Smiling Mask":69,"Mercury Hourglass":6,"Old Coin":16,"Calling Bell":16,"Bottled Flame":6,"CaptainsWheel":55,"HornCleat":33,"Molten Egg 2":33,"Red Mask":26,"PureWater":0,"FossilizedHelix":38}]},"card_choices":[{"not_picked":["Indignation","FlurryOfBlows"],"picked":"SashWhip","floor":1.0},{"not_picked":["EmptyFist","WheelKick"],"picked":"Swivel","floor":3.0},{"not_picked":["EmptyBody","Crescendo"],"picked":"BowlingBash","floor":5.0},{"not_picked":["Perseverance","Collect"],"picked":"Consecrate","floor":6.0},{"not_picked":["Halt","LikeWater"],"picked":"Omniscience","floor":8},{"not_picked":["Prostrate","FollowUp"],"picked":"DeceiveReality","floor":11},{"not_picked":["Sanctity","JustLucky"],"picked":"ClearTheMind","floor":12}],"player_experience":1586944,"relics_obtained":[{"floor":6.0,"key":"PreservedInsect"},{"floor":8,"key":"Smiling Mask"},{"floor":9,"key":"Juzu Bracelet"},{"floor":11,"key":"Happy Flower"}],"event_choices":[{"damage_healed":0.0,"max_hp_gain":5.0,"max_hp_loss":0.0,"gold_gain":0.0,"event_name":"Big Fish","player_choice":"Donut","floor":4.0,"gold_loss":0.0,"damage_taken":0.0},{"damage_healed":0.0,"max_hp_gain":0.0,"max_hp_loss":0.0,"gold_gain":0.0,"event_name":"Golden Idol","player_choice":"Take Damage","floor":7.0,"gold_loss":0.0,"damage_taken":28.0,"relics_obtained":["Golden Idol"]},{"damage_healed":0,"gold_gain":0,"player_choice":"Searched \u00271\u0027 times","damage_taken":0,"relics_obtained":["CloakClasp"],"max_hp_gain":0,"max_hp_loss":0,"event_name":"Dead Adventurer","floor":13,"gold_loss":0},{"damage_healed":0,"gold_gain":0,"player_choice":"Success","damage_taken":35,"relics_obtained":["Gremlin Horn"],"max_hp_gain":0,"max_hp_loss":0,"event_name":"Scrap Ooze","floor":14,"gold_loss":0}],"is_beta":false,"boss_relics":[],"items_purged_floors":[],"is_endless":false,"potions_floor_spawned":[3,5,11],"killed_by":"Hexaghost","ascension_level":20}}