{"host":"gxml4wfqsyp5uujk","time":1614456428,"event":{"mods":["Act Like it!","Aspiration","BaseMod","Best Route Mod","Better Third Choice","BetterRewards","Block Reminder","Challenge The Spire","Colored Map","Conspire","Downfall","Energized Spire","Gensokyo","Gremlin Skip","Halation","Hubris","Infinite Spire","Minty Spire (QoL Compilation)","Rare Cards Sparkle","Replay The Spire","Shapeshifter Mod","Shop Mod","StSLib","The Animator","The Bug Knight","The Clintock","The Cursed","The Forsaken","The Runesmith","The Servant 0.9.4","Waifu the Spire","WarShipGirlsR/????R mod"],"gold_per_floor":[116,39,53,3,3,3,16,50,50,68,95,61,76,76,76,195,195,209,209,209,60,60,60,60,60,109,109,109,134,134,190,190,190,190],"floor_reached":33,"language":"ENG","playtime":2289,"items_purged":[],"score":235,"play_id":"65cfcbae-42de-4614-95fc-f7dc75782c7e","local_time":"20210227150708","is_ascension_mode":false,"campfire_choices":[{"data":"rmod:wolves","floor":6,"key":"SMITH"},{"floor":15,"key":"REST"},{"data":"rmod:robin","floor":23,"key":"SMITH"},{"floor":27,"key":"REST"},{"floor":30,"key":"REST"},{"floor":32,"key":"REST"}],"circlet_count":0,"master_deck":["rmod:strick","rmod:strick","rmod:strick","rmod:strick","rmod:defend","rmod:defend","rmod:defend","rmod:defend","rmod:basicallowance+1","rmod:maingunfire","rmod:wolves+1","rmod:aluminumsupply","conspire:SpireCoStock","Iron Wave","rmod:aggressivemary","rmod:robin+1","rmod:intelligenceanalysis","rmod:aluminumsupply","rmod:unsinkable+1","rmod:diamondstrike","rmod:desperatesituation+1","rmod:punchline","rmod:intelligenceanalysis","rmod:maingunfire","rmod:selfconfidence","rmod:luckystar"],"relics":["rmod:firstchargereward","conspire:GlowingRock","aspiration:SeaSaltIceCream","aspiration:Nostalgia","Cracked Core","halation:MonkeysPaw","Ring of Hypnosis","Simple Rune","hubris:Icosahedron","hubris:Towel","MealTicket"],"acts_visited":["Exordium","TheCity"],"potions_floor_usage":[31,33,33,33],"damage_taken":[{"damage":0,"enemies":"Cultist","floor":1,"turns":3},{"damage":6,"enemies":"2 Louse","floor":3,"turns":3},{"damage":2,"enemies":"conspire:RoseBush","floor":7,"turns":3},{"damage":6,"enemies":"Red Slaver","floor":8,"turns":5},{"damage":2,"enemies":"Exordium Thugs","floor":10,"turns":2},{"damage":14,"enemies":"2 Fungi Beasts","floor":11,"turns":4},{"damage":6,"enemies":"3 Louse","floor":13,"turns":2},{"damage":48,"enemies":"The Guardian","floor":16,"turns":12},{"damage":24,"enemies":"conspire:FuzzyDice","floor":18,"turns":8},{"damage":27,"enemies":"Shell Parasite","floor":29,"turns":6},{"damage":48,"enemies":"Shelled Parasite and Fungi","floor":31,"turns":11},{"damage":39,"enemies":"conspire:MysteriousRune","floor":33,"turns":6}],"seed_played":"-226328307716371013","potions_obtained":[{"floor":1,"key":"Weak Potion"},{"floor":8,"key":"PowerPotion"},{"floor":10,"key":"sneckomod:MuddlingPotion"},{"floor":16,"key":"DistilledChaos"},{"floor":31,"key":"BlessingOfTheForge"}],"is_trial":false,"path_per_floor":["M","$","M","?","?","R","M","M","T","M","M","$","M","T","R","B",null,"M","?","?","$","?","R","?","?","T","R","?","M","R","M","R","B"],"character_chosen":"PRAEFECT","items_purchased":["rmod:wolves","rmod:unsinkable+1","Simple Rune"],"campfire_rested":4,"item_purchase_floors":[2,12,21],"current_hp_per_floor":[75,75,69,69,69,69,67,61,61,59,45,45,39,39,61,13,75,51,51,51,51,51,51,37,37,37,61,61,34,58,10,34,0,0],"gold":190,"neow_bonus":"UPGRADE_CARD","is_daily":false,"chose_seed":false,"campfire_upgraded":2,"win_rate":0.0,"timestamp":1614456428,"path_taken":["M","?","M","?","?","R","M","?","T","M","M","$","M","?","R","BOSS","M","?","?","$","?","R","?","?","T","R","?","?","R","M","R","BOSS"],"items_purchased_type":["Card","Card","Relic"],"build_version":"2020-12-22","purchased_purges":0,"victory":false,"max_hp_per_floor":[75,75,75,75,75,75,75,75,75,75,75,75,75,75,75,75,75,75,75,75,75,75,75,80,80,80,80,80,80,80,80,80,80,80],"card_choices":[{"not_picked":["rmod:intelligenceanalysis","rmod:mineteam"],"picked":"rmod:supportescort","floor":1},{"not_picked":["rmod:goodfighter","rmod:circuitoustactics"],"picked":"rmod:aluminumsupply","floor":3},{"not_picked":["rmod:launchingtorpedo","rmod:ammunitionsupply"],"picked":"rmod:aggressivemary","floor":7},{"not_picked":["rmod:openingtorpedo","rmod:supportescort"],"picked":"rmod:robin","floor":8},{"not_picked":["rmod:supportescort","rmod:wife"],"picked":"rmod:intelligenceanalysis","floor":10},{"not_picked":["rmod:supportescort","rmod:mineteam"],"picked":"rmod:aluminumsupply","floor":11},{"not_picked":["rmod:luckystar","rmod:circuitoustactics"],"picked":"rmod:diamondstrike","floor":13},{"not_picked":["rmod:timeschanged","rmod:windflower"],"picked":"rmod:desperatesituation","floor":16},{"not_picked":["rmod:spoils+1","rmod:supportescort"],"picked":"rmod:punchline","floor":18},{"not_picked":["rmod:aggressivemary","rmod:steelsupply+1"],"picked":"rmod:selfconfidence","floor":29},{"not_picked":["rmod:diamondstrike","rmod:circuitoustactics+1"],"picked":"rmod:luckystar","floor":31}],"player_experience":38739,"relics_obtained":[{"floor":9,"key":"conspire:GlowingRock"},{"floor":14,"key":"aspiration:SeaSaltIceCream"},{"floor":20,"key":"Ring of Hypnosis"},{"floor":26,"key":"MealTicket"}],"event_choices":[{"damage_healed":0,"gold_gain":0,"player_choice":"Invest 1","damage_taken":0,"max_hp_gain":0,"max_hp_loss":0,"event_name":"conspire:Investor","floor":4,"gold_loss":0},{"cards_removed":["rmod:supportescort"],"damage_healed":0,"gold_gain":0,"player_choice":"Took Card","damage_taken":0,"max_hp_gain":0,"max_hp_loss":0,"event_name":"NoteForYourself","floor":5,"gold_loss":0,"cards_obtained":["Iron Wave"]},{"damage_healed":0,"gold_gain":0,"player_choice":"Shed Blood","damage_taken":19,"max_hp_gain":5,"max_hp_loss":0,"event_name":"Forgotten Altar","floor":24,"gold_loss":0},{"damage_healed":0,"gold_gain":0,"player_choice":"2 cards matched","damage_taken":0,"max_hp_gain":0,"max_hp_loss":0,"event_name":"Match and Keep!","floor":28,"gold_loss":0,"cards_obtained":["rmod:intelligenceanalysis","rmod:maingunfire"]}],"is_beta":false,"boss_relics":[{"not_picked":["conspire:SpecialSausage","Runic Dome"],"picked":"halation:MonkeysPaw"}],"items_purged_floors":[],"is_endless":false,"potions_floor_spawned":[1,8,10,16,29,31],"killed_by":"conspire:MysteriousRune","ascension_level":0}}