{"host":"i0avyit1s6jb1siw","time":1614414950,"event":{"mods":["BaseMod","DeckTracker","Dota2Spire","Minty Spire (QoL Compilation)","Quick Restart","StSLib","SuperFastMode"],"gold_per_floor":[119,34,34,34,34,54,54,85,109,127,127,160,171,200,200,277,277,294,294,344,356,369,369,400,400,400,400,99,99,111,122,142,142,219,219,237,254,265,265,23,58,58,88,88,111,111,111,143,143,155,155,155,155],"floor_reached":52,"language":"ENG","playtime":1023,"items_purged":["Juggernaut+1"],"score":1281,"play_id":"f6d46415-63c1-45c7-b580-9a05aa6b70b7","local_time":"20210227093550","is_ascension_mode":true,"campfire_choices":[{"data":"Bash","floor":7.0,"key":"SMITH"},{"data":"Armaments","floor":11.0,"key":"SMITH"},{"data":"Inflame","floor":15.0,"key":"SMITH"},{"data":"Perfected Strike","floor":23.0,"key":"SMITH"},{"data":"Inflame","floor":33.0,"key":"SMITH"},{"data":"Madness","floor":42,"key":"SMITH"},{"floor":47,"key":"REST"},{"floor":49,"key":"RECALL"},{"floor":51,"key":"REST"}],"circlet_count":0,"master_deck":["AscendersBane","Strike_R","Strike_R","Strike_R","Strike_R","Strike_R","Defend_R","Bash+1","Perfected Strike+1","Twin Strike","Shrug It Off","Armaments+1","Shrug It Off","Inflame+1","Perfected Strike+1","Wild Strike+1","Reaper+1","Shockwave+1","Wild Strike+1","Bloodletting","Inflame+1","Disarm","Burning Pact","Disarm","Rage+1","Offering+1","True Grit","Shrug It Off","Parasite","Pommel Strike+1","Madness","Madness+1","Dark Embrace","Impervious","Pommel Strike+1","Flame Barrier"],"relics":["Burning Blood","NeowsBlessing","Dota2Spire:OrchidMalevolence","Mummified Hand","Mercury Hourglass","Molten Egg 2","SlaversCollar","Blood Vial","Lantern","Dota2Spire:Dagon","Lee\u0027s Waffle","Astrolabe","Dota2Spire:Butterfly","Torii","Dota2Spire:ArcaneBoots","Shuriken","Dota2Spire:EchoSabre"],"acts_visited":["Exordium","TheCity","TheBeyond"],"potions_floor_usage":[34],"damage_taken":[{"damage":0.0,"enemies":"2 Louse","floor":1.0,"turns":1.0},{"damage":0.0,"enemies":"Small Slimes","floor":6.0,"turns":1.0},{"damage":0.0,"enemies":"Gremlin Nob","floor":8.0,"turns":1.0},{"damage":7.0,"enemies":"Jaw Worm","floor":10.0,"turns":3.0},{"damage":29.0,"enemies":"Lagavulin","floor":12.0,"turns":7.0},{"damage":0.0,"enemies":"Exordium Wildlife","floor":13.0,"turns":2.0},{"damage":0.0,"enemies":"Gremlin Nob","floor":14.0,"turns":2.0},{"damage":33.0,"enemies":"The Guardian","floor":16.0,"turns":9.0},{"damage":17.0,"enemies":"2 Thieves","floor":18.0,"turns":4.0},{"damage":15.0,"enemies":"Shell Parasite","floor":21.0,"turns":3.0},{"damage":27.0,"enemies":"3 Cultists","floor":22.0,"turns":5.0},{"damage":26.0,"enemies":"Slavers","floor":24.0,"turns":4.0},{"damage":22.0,"enemies":"Cultist and Chosen","floor":30.0,"turns":5.0},{"damage":21.0,"enemies":"Snake Plant","floor":31.0,"turns":2.0},{"damage":49.0,"enemies":"Shelled Parasite and Fungi","floor":32.0,"turns":5.0},{"damage":64,"enemies":"Collector","floor":34,"turns":7},{"damage":12,"enemies":"3 Darklings","floor":36,"turns":3},{"damage":6,"enemies":"Orb Walker","floor":37,"turns":2},{"damage":47,"enemies":"Writhing Mass","floor":38,"turns":4},{"damage":31,"enemies":"Reptomancer","floor":41,"turns":6},{"damage":15,"enemies":"Nemesis","floor":43,"turns":5},{"damage":40,"enemies":"Reptomancer","floor":48,"turns":7},{"damage":32,"enemies":"4 Shapes","floor":50,"turns":6},{"damage":38,"enemies":"Spire Growth","floor":52,"turns":3}],"seed_played":"971893029893452302","potions_obtained":[{"floor":6.0,"key":"FairyPotion"},{"floor":12.0,"key":"BloodPotion"},{"floor":16.0,"key":"SteroidPotion"},{"floor":22.0,"key":"PowerPotion"},{"floor":31.0,"key":"ColorlessPotion"},{"floor":41,"key":"FearPotion"},{"floor":43,"key":"DuplicationPotion"}],"is_trial":false,"path_per_floor":["M","$","?","?","?","M","R","E","T","M","R","E","M","E","R","B",null,"M","?","?","M","M","R","E","$","T","T","$","?","M","M","M","R","B",null,"M","M","M","?","$","E","R","E","?","T","T","R","E","R","M","R","M"],"character_chosen":"IRONCLAD","items_purchased":["Twin Strike","Shrug It Off","Lee\u0027s Waffle","Inflame","DistilledChaos","Dark Embrace","Impervious"],"campfire_rested":2,"item_purchase_floors":[2,2,28,28,28,40,40],"current_hp_per_floor":[74,74,74,79,53,59,59,65,65,64,64,41,47,53,53,42,71,60,60,60,51,54,54,43,43,43,43,87,82,68,61,44,44,32,73,87,87,52,36,36,30,30,23,23,23,23,49,32,32,8,34,0,0],"gold":155,"neow_bonus":"THREE_ENEMY_KILL","is_daily":false,"chose_seed":false,"campfire_upgraded":6,"win_rate":0.0,"timestamp":1614414950,"path_taken":["M","$","?","?","?","M","R","E","T","M","R","E","M","E","R","BOSS","M","?","?","M","M","R","E","$","T","T","?","?","M","?","?","R","BOSS","M","M","M","?","$","E","R","E","?","T","T","R","E","R","?","R","M"],"items_purchased_type":["Card","Card","Relic","Card","Potion","Card","Card"],"build_version":"2020-12-22","purchased_purges":1,"victory":false,"max_hp_per_floor":[75,75,75,80,80,80,80,80,80,80,80,80,80,80,80,80,80,80,80,80,80,80,80,80,80,80,80,87,87,87,87,87,87,87,87,87,87,87,87,87,87,87,87,87,87,87,87,87,87,87,87,87,87],"card_choices":[{"not_picked":["Flex","Evolve"],"picked":"Perfected Strike","floor":1.0},{"not_picked":["Searing Blow","Cleave","Metallicize"],"picked":"SKIP","floor":6.0},{"not_picked":["Dual Wield","Clash"],"picked":"Armaments","floor":8.0},{"not_picked":["Metallicize","Rage"],"picked":"Shrug It Off","floor":10.0},{"not_picked":["Twin Strike","Blood for Blood"],"picked":"Inflame","floor":12.0},{"not_picked":["Cleave","Whirlwind"],"picked":"Perfected Strike","floor":13.0},{"not_picked":["Corruption","Clothesline+1"],"picked":"Wild Strike+1","floor":14.0},{"not_picked":["Berserk","Juggernaut"],"picked":"Reaper+1","floor":16.0},{"not_picked":["Clash+1","True Grit"],"picked":"Shockwave+1","floor":18.0},{"not_picked":["Blood for Blood+1","True Grit","Anger+1"],"picked":"SKIP","floor":21.0},{"not_picked":["Bloodletting","Disarm"],"picked":"Wild Strike+1","floor":22.0},{"not_picked":["Hemokinesis+1","Warcry"],"picked":"Bloodletting","floor":24.0},{"not_picked":["Flex","Ghostly Armor"],"picked":"Disarm","floor":30.0},{"not_picked":["Rampage+1","Spot Weakness"],"picked":"Burning Pact","floor":31.0},{"not_picked":["Pommel Strike+1","Headbutt+1"],"picked":"Disarm","floor":32.0},{"not_picked":["Rupture","Warcry"],"picked":"True Grit","floor":36},{"not_picked":["Armaments+1","Sever Soul+1"],"picked":"Shrug It Off","floor":37},{"not_picked":["Heavy Blade+1","Shrug It Off"],"picked":"Pommel Strike+1","floor":38},{"not_picked":["Heavy Blade+1","Metallicize"],"picked":"Pommel Strike+1","floor":41},{"not_picked":["Whirlwind+1","Dark Embrace+1"],"picked":"Flame Barrier","floor":43},{"not_picked":["Sword Boomerang+1","Pummel+1","Uppercut+1"],"picked":"SKIP","floor":48},{"not_picked":["Whirlwind+1","Headbutt+1","Dual Wield"],"picked":"SKIP","floor":50}],"player_experience":2529385,"relics_obtained":[{"floor":8.0,"key":"Mummified Hand"},{"floor":12.0,"key":"Mercury Hourglass"},{"floor":14.0,"key":"Molten Egg 2"},{"floor":24.0,"key":"Blood Vial"},{"floor":26.0,"key":"Lantern"},{"floor":27.0,"key":"Dota2Spire:Dagon"},{"floor":41,"key":"Dota2Spire:Butterfly"},{"floor":43,"key":"Torii"},{"floor":45,"key":"Dota2Spire:ArcaneBoots"},{"floor":46,"key":"Shuriken"},{"floor":48,"key":"Dota2Spire:EchoSabre"}],"event_choices":[{"damage_healed":0.0,"max_hp_gain":0.0,"max_hp_loss":0.0,"gold_gain":0.0,"event_name":"Living Wall","player_choice":"Grow","floor":3.0,"gold_loss":0.0,"damage_taken":0.0,"cards_upgraded":["Perfected Strike"]},{"damage_healed":0.0,"max_hp_gain":5.0,"max_hp_loss":0.0,"gold_gain":0.0,"event_name":"Big Fish","player_choice":"Donut","floor":4.0,"gold_loss":0.0,"damage_taken":0.0},{"damage_healed":0.0,"max_hp_gain":0.0,"max_hp_loss":0.0,"gold_gain":0.0,"event_name":"Scrap Ooze","player_choice":"Success","floor":5.0,"gold_loss":0.0,"damage_taken":26.0,"relics_obtained":["Dota2Spire:OrchidMalevolence"]},{"damage_healed":0.0,"max_hp_gain":0.0,"max_hp_loss":0.0,"gold_gain":0.0,"event_name":"Vampires","player_choice":"Ignored","floor":19.0,"gold_loss":0.0,"damage_taken":0.0},{"damage_healed":0.0,"max_hp_gain":0.0,"max_hp_loss":0.0,"gold_gain":50.0,"event_name":"Nest","player_choice":"Stole From Cult","floor":20.0,"gold_loss":0.0,"damage_taken":0.0},{"damage_healed":0.0,"max_hp_gain":0.0,"max_hp_loss":0.0,"gold_gain":0.0,"event_name":"The Woman in Blue","player_choice":"Bought 0 Potions","floor":29.0,"gold_loss":0.0,"damage_taken":0.0},{"damage_healed":0,"gold_gain":0,"player_choice":"Embrace Madness","damage_taken":16,"max_hp_gain":0,"max_hp_loss":0,"event_name":"Winding Halls","floor":39,"gold_loss":0,"cards_obtained":["Madness","Madness"]},{"damage_healed":0,"gold_gain":0,"player_choice":"Ignored","damage_taken":0,"max_hp_gain":0,"max_hp_loss":0,"event_name":"SecretPortal","floor":44,"gold_loss":0}],"is_beta":false,"boss_relics":[{"not_picked":["Pandora\u0027s Box","Runic Dome"],"picked":"SlaversCollar"},{"not_picked":["SacredBark","Runic Pyramid"],"picked":"Astrolabe"}],"items_purged_floors":[40],"is_endless":false,"potions_floor_spawned":[6,12,14,16,18,22,30,31,41,43,48,50],"killed_by":"Spire Growth","ascension_level":20}}