{"host":"lvjqw7fcq3t7v0cp","time":1614455844,"event":{"mods":["Act Like it!","BaseMod","Block Reminder","Colored Map","DeckTracker","Downfall","Hallownest","Marisa????????","Minty Spire (QoL Compilation)","Permanent Neow","Replay The Spire","StSLib","The Bug Knight","The Cursed","The Servant 0.9.4"],"gold_per_floor":[119,187,233,246,259,259,286,286,286,303,315,344,344,356,356,460,460,475,14,14,25,45,79,5,5,82,82,100,119,119,149,149,249,249,265,275,327,327,16,16,16,49,73,83,118,118,128,145,145,145],"floor_reached":51,"language":"ENG","playtime":3232,"items_purged":[],"score":942,"play_id":"0ba11d63-ccb2-4ea2-add1-7d45feeeb407","local_time":"20210227135724","is_ascension_mode":true,"campfire_choices":[{"data":"Uppercut","floor":6,"key":"SMITH"},{"floor":8,"key":"REST"},{"floor":13,"key":"REST"},{"data":"Flame Barrier","floor":15,"key":"SMITH"},{"floor":25,"key":"REST"},{"floor":32,"key":"REST"},{"floor":41,"key":"REST"},{"floor":46,"key":"REST"},{"data":"Demon Form","floor":49,"key":"SMITH"}],"circlet_count":0,"master_deck":["Strike_R","Strike_R","Strike_R","Strike_R","Defend_R","Defend_R","Defend_R","Defend_R","Bash","Uppercut+1","Searing Blow","Cleave","Searing Blow","Clash","Barricade","Flame Barrier+1","Twin Strike","Clothesline","Reaper","Headbutt","Fire Breathing","Finesse","Anger","Body Slam+1","Intimidate","Clothesline","Impervious","Carnage+1","Demon Form+1","Fire Breathing+1","Inflame+1","Sword Boomerang+1","Sadistic Nature","Dramatic Entrance","Fire Breathing","Cleave","Warcry+1","Whirlwind+1","Warcry+1","Heavy Blade+1"],"relics":["Burning Blood","NeowsBlessing","Replay:Wax Seal","Bag of Marbles","Thread and Needle","Replay:Bottled Snecko","Replay:Ringing Soul","Philosopher\u0027s Stone","Membership Card","Eternal Feather","Strawberry","Centennial Puzzle","Red Skull","Shuriken","Blue Candle","Another Sword","Black Star","CatCart","Replay:Baseball","Replay:Mystery Machine","Golden Egg","MealTicket","Snack Pack","Lizard Tail"],"acts_visited":["Exordium","TheCity","TheBeyond"],"potions_floor_usage":[7,16,23,28,36,37,37,42,50,50],"damage_taken":[{"damage":0,"enemies":"2 Louse","floor":1,"turns":1},{"damage":0,"enemies":"Jaw Worm","floor":4,"turns":1},{"damage":0,"enemies":"Cultist","floor":5,"turns":1},{"damage":35,"enemies":"3 Sentries","floor":7,"turns":5},{"damage":9,"enemies":"Exordium Thugs","floor":10,"turns":4},{"damage":16,"enemies":"Lots of Slimes","floor":11,"turns":4},{"damage":19,"enemies":"Gremlin Nob","floor":12,"turns":5},{"damage":5,"enemies":"Blue Slaver","floor":14,"turns":3},{"damage":41,"enemies":"Hexaghost","floor":16,"turns":11},{"damage":21,"enemies":"Spheric Guardian","floor":18,"turns":4},{"damage":14,"enemies":"2 Thieves","floor":21,"turns":4},{"damage":10,"enemies":"Snecko","floor":22,"turns":5},{"damage":51,"enemies":"Slavers","floor":23,"turns":4},{"damage":36,"enemies":"3 Cultists","floor":28,"turns":6},{"damage":23,"enemies":"Shelled Parasite and Fungi","floor":29,"turns":6},{"damage":11,"enemies":"Book of Stabbing","floor":31,"turns":6},{"damage":28,"enemies":"Champ","floor":33,"turns":13},{"damage":28,"enemies":"3 Shapes","floor":35,"turns":4},{"damage":6,"enemies":"Orb Walker","floor":36,"turns":3},{"damage":42,"enemies":"Orin","floor":37,"turns":10},{"damage":100,"enemies":"Nemesis","floor":42,"turns":7},{"damage":18,"enemies":"Sphere and 2 Shapes","floor":44,"turns":3},{"damage":77,"enemies":"Giant Head","floor":45,"turns":9},{"damage":5,"enemies":"3 Darklings","floor":47,"turns":3},{"damage":16,"enemies":"4 Shapes","floor":48,"turns":1},{"damage":119,"enemies":"Time Eater","floor":50,"turns":10}],"seed_played":"4785057404350139418","potions_obtained":[{"floor":2,"key":"Languid Potion"},{"floor":4,"key":"Elixir"},{"floor":7,"key":"Fruit Juice"},{"floor":18,"key":"ColorlessPotion"},{"floor":21,"key":"DistilledChaos"},{"floor":31,"key":"Swift Potion"},{"floor":33,"key":"DuplicationPotion"},{"floor":42,"key":"sneckomod:MuddlingPotion"},{"floor":48,"key":"ElixirPotion"}],"is_trial":false,"path_per_floor":["M","?","T","M","M","R","E","R","T","M","M","E","R","M","R","B",null,"M","$","?","M","M","E","$","R","T","?","M","M","?","E","R","B",null,"M","M","?","?","$","$","R","E","T","M","E","R","M","M","R","B",null],"character_chosen":"IRONCLAD","items_purchased":["Fire Breathing","Membership Card","Eternal Feather","Strawberry","Finesse","Red Skull","Sadistic Nature","Dramatic Entrance","Fire Breathing","Replay:Baseball","Cleave","Regen Potion"],"campfire_rested":6,"item_purchase_floors":[19,19,19,19,19,24,39,39,39,39,39,39],"current_hp_per_floor":[80,80,80,80,80,80,56,81,81,78,68,58,84,85,85,53,91,79,89,89,88,93,51,51,99,99,94,77,63,63,65,116,97,125,106,109,80,80,83,83,137,69,69,60,41,104,124,117,141,56],"gold":145,"neow_bonus":"THREE_ENEMY_KILL","is_daily":false,"chose_seed":false,"campfire_upgraded":3,"win_rate":0.0,"timestamp":1614455844,"path_taken":["M","?","?","?","M","R","E","R","T","M","M","E","R","M","R","BOSS","M","$","?","?","M","E","$","R","T","?","M","M","?","E","R","BOSS","M","M","?","?","?","$","R","E","T","?","E","R","M","M","R","BOSS"],"items_purchased_type":["Card","Relic","Relic","Relic","Card","Relic","Card","Card","Card","Relic","Card","Potion"],"build_version":"2020-12-22","purchased_purges":0,"victory":true,"max_hp_per_floor":[80,80,80,80,80,80,85,85,85,85,85,88,88,88,88,91,91,94,104,104,107,110,113,113,113,113,113,116,119,119,122,122,125,125,128,131,134,134,137,137,137,137,137,140,143,143,146,149,149,149],"card_choices":[{"not_picked":["True Grit","Rupture"],"picked":"Uppercut","floor":1},{"not_picked":["Body Slam","Clash"],"picked":"Searing Blow","floor":2},{"not_picked":["Rupture","Perfected Strike"],"picked":"Cleave","floor":2},{"not_picked":["Evolve","Limit Break"],"picked":"Searing Blow","floor":4},{"not_picked":["Body Slam","True Grit"],"picked":"Clash","floor":5},{"not_picked":["Cleave","Pommel Strike"],"picked":"Barricade","floor":7},{"not_picked":["Iron Wave","Perfected Strike"],"picked":"Flame Barrier","floor":10},{"not_picked":["Feel No Pain","True Grit"],"picked":"Twin Strike","floor":11},{"not_picked":["Feed","Warcry"],"picked":"Clothesline","floor":12},{"not_picked":["True Grit","Pommel Strike","Sword Boomerang"],"picked":"SKIP","floor":14},{"not_picked":["Impervious","Berserk"],"picked":"Reaper","floor":16},{"not_picked":["Spot Weakness","Cleave"],"picked":"Headbutt","floor":18},{"not_picked":["Ghostly Armor+1","Infernal Blade"],"picked":"Anger","floor":21},{"not_picked":["Reckless Charge+1","Thunderclap+1"],"picked":"Body Slam+1","floor":22},{"not_picked":["Sever Soul","Power Through+1"],"picked":"Intimidate","floor":23},{"not_picked":["Pommel Strike","True Grit"],"picked":"Clothesline","floor":28},{"not_picked":["Body Slam","Sever Soul"],"picked":"Impervious","floor":29},{"not_picked":["Disarm","Second Wind"],"picked":"Carnage+1","floor":31},{"not_picked":["Corruption","Brutality"],"picked":"Demon Form","floor":33},{"not_picked":["Inflame+1","Metallicize"],"picked":"Fire Breathing+1","floor":35},{"not_picked":["Pummel+1","Combust"],"picked":"Inflame+1","floor":36},{"not_picked":["Clash+1","Body Slam+1"],"picked":"Sword Boomerang+1","floor":37},{"not_picked":["Sword Boomerang","Heavy Blade","Armaments"],"picked":"SKIP","floor":42},{"not_picked":["Body Slam+1","Pommel Strike"],"picked":"Warcry+1","floor":44},{"not_picked":["Feed","Anger"],"picked":"Whirlwind+1","floor":45},{"not_picked":["True Grit+1","Sentinel+1"],"picked":"Warcry+1","floor":47},{"not_picked":["Body Slam","Havoc"],"picked":"Heavy Blade+1","floor":48}],"player_experience":105568,"relics_obtained":[{"floor":2,"key":"Replay:Wax Seal"},{"floor":3,"key":"Bag of Marbles"},{"floor":7,"key":"Thread and Needle"},{"floor":9,"key":"Replay:Bottled Snecko"},{"floor":12,"key":"Replay:Ringing Soul"},{"floor":23,"key":"Centennial Puzzle"},{"floor":26,"key":"Shuriken"},{"floor":31,"key":"Another Sword"},{"floor":37,"key":"CatCart"},{"floor":42,"key":"Replay:Mystery Machine"},{"floor":42,"key":"Golden Egg"},{"floor":43,"key":"MealTicket"},{"floor":45,"key":"Snack Pack"},{"floor":45,"key":"Lizard Tail"}],"event_choices":[{"damage_healed":0,"gold_gain":0,"player_choice":"Leave","damage_taken":0,"max_hp_gain":0,"max_hp_loss":0,"event_name":"FaceTrader","floor":20,"gold_loss":0},{"damage_healed":0,"gold_gain":0,"player_choice":"Fight","damage_taken":0,"max_hp_gain":0,"max_hp_loss":0,"event_name":"OrinTheCat","floor":37,"gold_loss":0},{"cards_removed":["Strike_R"],"damage_healed":0,"gold_gain":0,"player_choice":"Removed Attack","damage_taken":0,"max_hp_gain":0,"max_hp_loss":0,"event_name":"Falling","floor":38,"gold_loss":0}],"is_beta":false,"boss_relics":[{"not_picked":["Replay:Drink Me","Ectoplasm"],"picked":"Philosopher\u0027s Stone"},{"not_picked":["Replay:Grab Bag","Velvet Choker"],"picked":"Black Star"}],"items_purged_floors":[],"is_endless":false,"potions_floor_spawned":[4,7,18,21,31,33,35,42,48],"ascension_level":3}}