{"host":"mithrandi","time":1614424074,"event":{"mods":["BaseMod","Colored Map","Highlight Path","Minty Spire (QoL Compilation)","SuperFastMode"],"gold_per_floor":[112,112,130,55,55,55,66,66,66,78,104,104,130,140,140,214,214,225,275,291,291,305,305,340,340,422,435,468,393,405,431,431,431,431],"floor_reached":33,"language":"ENG","playtime":1502,"items_purged":[],"score":730,"play_id":"15366069-e9b4-4627-9078-a3d138b4e771","local_time":"20210227130754","is_ascension_mode":true,"campfire_choices":[{"data":"Zap","floor":6.0,"key":"SMITH"},{"data":"Leap","floor":8.0,"key":"SMITH"},{"data":"Chill","floor":12.0,"key":"SMITH"},{"data":"Doom and Gloom","floor":15.0,"key":"SMITH"},{"floor":23.0,"key":"REST"},{"floor":25.0,"key":"REST"},{"data":"Fission","floor":32.0,"key":"SMITH"}],"circlet_count":0,"master_deck":["AscendersBane","Strike_B+1","Strike_B+1","Defend_B+1","Defend_B+1","Defend_B+1","Defend_B+1","Zap+1","Dualcast","Biased Cognition+1","Leap+1","Melter","Chill+1","Ball Lightning","Doom and Gloom+1","Compile Driver","Sweeping Beam","Coolheaded","Ball Lightning","FTL","BootSequence","Core Surge","Fission+1"],"relics":["Cracked Core","Pear","Centennial Puzzle","Akabeko","Inserter","Sundial","White Beast Statue","Oddly Smooth Stone","Dream Catcher"],"acts_visited":["Exordium","TheCity"],"potions_floor_usage":[33,33],"damage_taken":[{"damage":7.0,"enemies":"Small Slimes","floor":1.0,"turns":3.0},{"damage":9.0,"enemies":"Jaw Worm","floor":3.0,"turns":5.0},{"damage":0.0,"enemies":"2 Louse","floor":7.0,"turns":2.0},{"damage":10.0,"enemies":"Large Slime","floor":10.0,"turns":4.0},{"damage":0.0,"enemies":"3 Sentries","floor":11.0,"turns":6.0},{"damage":0.0,"enemies":"Lagavulin","floor":13.0,"turns":6.0},{"damage":0.0,"enemies":"2 Fungi Beasts","floor":14.0,"turns":2.0},{"damage":46.0,"enemies":"The Guardian","floor":16.0,"turns":9.0},{"damage":10.0,"enemies":"Shell Parasite","floor":18.0,"turns":5.0},{"damage":11.0,"enemies":"Chosen","floor":20.0,"turns":4.0},{"damage":20.0,"enemies":"Snake Plant","floor":22.0,"turns":4.0},{"damage":10.0,"enemies":"Gremlin Leader","floor":24.0,"turns":5.0},{"damage":9.0,"enemies":"3 Cultists","floor":27.0,"turns":4.0},{"damage":12.0,"enemies":"Slavers","floor":28.0,"turns":7.0},{"damage":0.0,"enemies":"Cultist and Chosen","floor":30.0,"turns":5.0},{"damage":11.0,"enemies":"Book of Stabbing","floor":31.0,"turns":5.0},{"damage":58,"enemies":"Collector","floor":33,"turns":7}],"seed_played":"2350920435197307191","potions_obtained":[{"floor":1.0,"key":"AttackPotion"},{"floor":7.0,"key":"Fruit Juice"},{"floor":10.0,"key":"Explosive Potion"},{"floor":18.0,"key":"GamblersBrew"},{"floor":24.0,"key":"LiquidMemories"},{"floor":27.0,"key":"Regen Potion"},{"floor":28.0,"key":"LiquidBronze"},{"floor":31.0,"key":"Strength Potion"}],"is_trial":false,"path_per_floor":["M","?","M","?","$","R","M","R","T","M","E","R","E","M","R","B",null,"M","?","M","?","M","R","E","R","T","M","E","?","M","E","R","B"],"character_chosen":"DEFECT","items_purchased":[],"campfire_rested":2,"item_purchase_floors":[],"current_hp_per_floor":[57,57,48,48,48,48,48,48,58,53,53,53,53,53,53,7,61,51,51,40,40,20,43,33,56,56,47,50,50,50,39,39,0,0],"gold":431,"neow_bonus":"THREE_RARE_CARDS","is_daily":false,"chose_seed":false,"campfire_upgraded":5,"win_rate":0.0,"timestamp":1614424074,"path_taken":["M","?","M","?","?","R","M","R","T","M","E","R","E","M","R","BOSS","M","?","M","?","M","R","E","R","T","M","E","?","M","E","R","BOSS"],"items_purchased_type":[],"build_version":"2020-12-18","purchased_purges":0,"victory":false,"max_hp_per_floor":[64,64,64,64,64,64,64,64,74,79,79,79,79,79,79,79,79,79,79,79,79,79,79,79,79,79,79,79,79,79,79,79,79,79],"card_choices":[{"not_picked":["Thunder Strike","Amplify"],"picked":"Biased Cognition","floor":0.0},{"not_picked":["Scrape","Beam Cell"],"picked":"Leap","floor":1.0},{"not_picked":["Blizzard","Barrage"],"picked":"Melter","floor":3.0},{"not_picked":["Rebound","Streamline","Chaos"],"picked":"SKIP","floor":7.0},{"not_picked":["Lockon","Cold Snap"],"picked":"Chill","floor":10.0},{"not_picked":["Coolheaded","Electrodynamics"],"picked":"Ball Lightning","floor":11.0},{"not_picked":["Force Field","Streamline"],"picked":"Doom and Gloom","floor":13.0},{"not_picked":["Beam Cell","Streamline"],"picked":"Compile Driver","floor":14.0},{"not_picked":["Static Discharge","Streamline+1"],"picked":"Sweeping Beam","floor":18.0},{"not_picked":["Cold Snap","BootSequence"],"picked":"Coolheaded","floor":20.0},{"not_picked":["Stack","Steam Power"],"picked":"Ball Lightning","floor":22.0},{"not_picked":["Hologram","Steam+1"],"picked":"FTL","floor":24.0},{"not_picked":["Rip and Tear+1","Undo"],"picked":"BootSequence","floor":27.0},{"not_picked":["Steam","Sweeping Beam"],"picked":"Core Surge","floor":28.0},{"not_picked":["Hologram","Stack","Leap"],"picked":"SKIP","floor":30.0},{"not_picked":["Skim","Double Energy"],"picked":"Fission","floor":31.0}],"player_experience":3173842,"relics_obtained":[{"floor":9.0,"key":"Pear"},{"floor":11.0,"key":"Centennial Puzzle"},{"floor":13.0,"key":"Akabeko"},{"floor":24.0,"key":"Sundial"},{"floor":26.0,"key":"White Beast Statue"},{"floor":28.0,"key":"Oddly Smooth Stone"},{"floor":31.0,"key":"Dream Catcher"}],"event_choices":[{"damage_healed":0.0,"max_hp_gain":0.0,"max_hp_loss":0.0,"gold_gain":0.0,"event_name":"Living Wall","player_choice":"Grow","floor":2.0,"gold_loss":0.0,"damage_taken":0.0,"cards_upgraded":["Biased Cognition"]},{"cards_removed":["Strike_B"],"damage_healed":0.0,"max_hp_gain":0.0,"max_hp_loss":0.0,"gold_gain":0.0,"event_name":"The Cleric","player_choice":"Card Removal","floor":4.0,"gold_loss":75.0,"damage_taken":0.0},{"damage_healed":0.0,"max_hp_gain":0.0,"max_hp_loss":0.0,"gold_gain":50.0,"event_name":"Nest","player_choice":"Stole From Cult","floor":19.0,"gold_loss":0.0,"damage_taken":0.0},{"damage_healed":0.0,"max_hp_gain":0.0,"max_hp_loss":0.0,"gold_gain":0.0,"event_name":"Back to Basics","player_choice":"Simplicity","floor":21.0,"gold_loss":0.0,"damage_taken":0.0,"cards_upgraded":["Strike_B","Strike_B","Strike_B","Defend_B","Defend_B","Defend_B","Defend_B"]},{"cards_removed":["Strike_B"],"damage_healed":0.0,"max_hp_gain":0.0,"max_hp_loss":0.0,"gold_gain":0.0,"event_name":"Beggar","player_choice":"Gave Gold","floor":29.0,"gold_loss":75.0,"damage_taken":0.0}],"is_beta":true,"boss_relics":[{"not_picked":["Ectoplasm","Snecko Eye"],"picked":"Inserter"}],"items_purged_floors":[],"is_endless":false,"potions_floor_spawned":[1,7,10,18,24,27,28,30,31],"killed_by":"Collector","ascension_level":20}}