{"host":"0hpcwmnjk6ebq46s","time":1614389732,"event":{"mods":["Act Like it!","AlwaysNeverKeys","Aspiration","Astrologer","Bard","BaseMod","Better Note","Better Third Choice","Colored Map","Colored Powertips","Conspire","Duelist Mod","Energized Spire","GifTheSpireLib","Glutton Mod","Googly Eyes","Halation","Hallownest","Hubris","Infinite Spire","Jedi Mod","Mad Scientist","Marisa????????","Mimic Mod","Minty Spire (QoL Compilation)","Permanent Neow","Relic Stats","Reliquary","Remilia??????","Replay The Spire","Ruina","Spicy Shops","Spire Arcade","StSLib","Stuff the Spire","SuperFastMode","The Administrix","The Animator","The Blue Laboratory","The Bug Knight","The Construct","The Cursed","The Disciple","The Hierophant","The Necromancer","The Runesmith","The Wild Card","TheFirefly","Transform Curses","UnlockEverythingMod"],"gold_per_floor":[118,129,129,144,160,192,192,192,230,230,277,277,277,290,290,369,369,391,415,137,137,181,181,181,181,181,181,205,120,120,45,45,45,45],"floor_reached":33,"language":"ENG","playtime":3138,"items_purged":["Pain"],"score":502,"play_id":"b33e0d36-ffb4-4031-833a-317cfc5f6ef7","local_time":"20210226193532","daily_mods":["SealedDeck","Red Cards","Green Cards","Blue Cards","Purple Cards","Flight"],"is_ascension_mode":true,"campfire_choices":[{"data":"thefirefly:FlareScreen","floor":7,"key":"SMITH"},{"floor":8,"key":"REST"},{"data":"thefirefly:StarCinder","floor":10,"key":"SMITH"},{"data":"thefirefly:RollBack","floor":13,"key":"SMITH"},{"floor":15,"key":"REST"},{"data":"construct:LaserCore","floor":23,"key":"SMITH"},{"data":"AdministrixMod:WifeLightning","floor":25,"key":"SMITH"},{"data":"PulseMagic","floor":27,"key":"SMITH"},{"data":"AdministrixMod:TouchOfCinnabar","floor":30,"key":"SMITH"},{"data":"AdministrixMod:SyncreticSurge","floor":32,"key":"SMITH"}],"circlet_count":0,"master_deck":["AscendersBane","thefirefly:StarCinder+1","StuffTheSpire:ShieldGenerator","thefirefly:RollBack+1","thefirefly:FlareScreen+1","thefirefly:EvasiveManeuver","PulseMagic+1","AdministrixMod:RebukeDesires","construct:Analyze","Cleave","ScarletImprint+1","BombardNight","Robbery","Glacier","Rebound","construct:LaserCore+1","Adrenaline","AdministrixMod:DiversionaryTactic","AdministrixMod:WifeLightning+1","AdministrixMod:PassageOfAges","AdministrixMod:SyncreticSurge+1","AdministrixMod:TouchOfCinnabar+1"],"relics":["AdministrixMod:ConductorRitualBaton","ReplayFunnel","Centennial Puzzle","aspiration:ChemicalBlood","jedi:hotpepper","ReplayTheSpireMod:Ninjato","hubris:Icosahedron","reliquary:HotPoker","Turnip"],"acts_visited":["Exordium","TheCity"],"potions_floor_usage":[11,14,16,16,19,19,28,28],"damage_taken":[{"damage":0,"enemies":"Cultist","floor":1,"turns":3},{"damage":9,"enemies":"Jaw Worm","floor":2,"turns":2},{"damage":8,"enemies":"conspire:RoseBush","floor":4,"turns":3},{"damage":0,"enemies":"3 Louse","floor":5,"turns":3},{"damage":34,"enemies":"Replay:BlueRogue","floor":6,"turns":7},{"damage":0,"enemies":"Looter","floor":9,"turns":8},{"damage":15,"enemies":"Lagavulin","floor":11,"turns":5},{"damage":0,"enemies":"Looter","floor":14,"turns":4},{"damage":27,"enemies":"Fading Forest","floor":16,"turns":13},{"damage":2,"enemies":"3 Byrds","floor":18,"turns":2},{"damage":19,"enemies":"2 Thieves","floor":19,"turns":3},{"damage":1,"enemies":"conspire:HollyBat","floor":28,"turns":10},{"damage":17,"enemies":"hubris:MusketHawk","floor":33,"turns":4}],"seed_played":"81616955364464016","potions_obtained":[{"floor":5,"key":"Explosive Potion"},{"floor":6,"key":"SpeedPotion"},{"floor":11,"key":"blueLaboratory:FrostheartPotion"},{"floor":16,"key":"blueLaboratory:AbyssPotion"},{"floor":18,"key":"jedi:tentaclejuice"},{"floor":19,"key":"Explosive Potion"},{"floor":22,"key":"jedi:hoardpotion"}],"is_trial":true,"path_per_floor":["M","M","?","M","M","E","R","R","MIM","R","E","?","R","M","R_BF","B",null,"M","M","$","?","?","R","?","R","T","R","M","?","R","$","R","B"],"character_chosen":"TheAdministrix","items_purchased":["ReplayTheSpireMod:Ninjato"],"campfire_rested":2,"item_purchase_floors":[20],"current_hp_per_floor":[55,46,46,38,38,4,4,22,22,22,7,7,7,7,25,6,35,33,14,14,14,14,14,14,14,14,14,13,13,13,13,13,0,0],"gold":45,"neow_bonus":"","is_daily":false,"chose_seed":false,"campfire_upgraded":8,"win_rate":0.0,"timestamp":1614389732,"path_taken":["M","M","?","M","M","E","R","R","MIM","R","E","?","R","M","R_BF","BOSS","M","M","$","?","?","R","?","R","T","R","?","?","R","$","R","BOSS"],"items_purchased_type":["Relic"],"build_version":"2020-12-22","purchased_purges":1,"victory":false,"max_hp_per_floor":[61,61,61,61,61,61,61,61,61,61,61,61,61,61,61,61,45,45,45,45,45,45,45,45,45,45,45,45,45,45,45,45,45,45],"relic_stats":{"Centennial Puzzle":[18],"counters":[13,67],"Turnip":[5],"obtain_stats":[{"ReplayFunnel":6,"Centennial Puzzle":9,"reliquary:HotPoker":26,"ReplayTheSpireMod:Ninjato":20,"hubris:Icosahedron":21,"jedi:hotpepper":17,"AdministrixMod:ConductorRitualBaton":0,"Turnip":29,"aspiration:ChemicalBlood":11},{"ReplayFunnel":5,"Centennial Puzzle":6,"reliquary:HotPoker":11,"ReplayTheSpireMod:Ninjato":11,"hubris:Icosahedron":11,"jedi:hotpepper":9,"AdministrixMod:ConductorRitualBaton":0,"Turnip":12,"aspiration:ChemicalBlood":7},{"ReplayFunnel":18,"Centennial Puzzle":26,"reliquary:HotPoker":53,"ReplayTheSpireMod:Ninjato":53,"hubris:Icosahedron":53,"jedi:hotpepper":48,"AdministrixMod:ConductorRitualBaton":0,"Turnip":63,"aspiration:ChemicalBlood":31}]},"card_choices":[{"not_picked":["DoubleSpark","hierophant:DisplayOfPower","hierophant:Purify"],"picked":"SKIP","floor":1},{"not_picked":["Backflip","AdministrixMod:SeventeenArticleLaser"],"picked":"BombardNight","floor":2},{"not_picked":["Cold Snap","construct:FlakBarrage"],"picked":"Robbery","floor":4},{"not_picked":["thefirefly:Reposition","construct:FierceBash"],"picked":"Glacier","floor":5},{"not_picked":["Defy Death","construct:ScrapCannon"],"picked":"Rebound","floor":6},{"not_picked":["Redo","Stigmanizer"],"picked":"construct:LaserCore","floor":11},{"not_picked":["hierophant:HolyVerse","Accruing","Infernal Blade"],"picked":"SKIP","floor":14},{"not_picked":["Corpse Explosion","jedi:gatheringstorm"],"picked":"Adrenaline","floor":16},{"not_picked":["AdministrixMod:FuneraryRites+1","AdministrixMod:ImmortalPurity","AdministrixMod:HiddenPower+1"],"picked":"SKIP","floor":18},{"not_picked":["AdministrixMod:NoblePath","AdministrixMod:NewWardrobe"],"picked":"AdministrixMod:DiversionaryTactic","floor":19}],"player_experience":119502,"relics_obtained":[{"floor":6,"key":"ReplayFunnel"},{"floor":9,"key":"Centennial Puzzle"},{"floor":11,"key":"aspiration:ChemicalBlood"},{"floor":26,"key":"reliquary:HotPoker"}],"event_choices":[{"damage_healed":7,"gold_gain":0,"player_choice":"Leave","damage_taken":0,"max_hp_gain":0,"max_hp_loss":61,"event_name":"betterThird:BetterShining","floor":12,"gold_loss":0},{"damage_healed":0,"gold_gain":0,"player_choice":"Read","damage_taken":0,"max_hp_gain":0,"max_hp_loss":0,"event_name":"The Library","floor":24,"gold_loss":0,"cards_obtained":["AdministrixMod:WifeLightning"]},{"damage_healed":0,"gold_gain":0,"player_choice":"Obtained Relic","damage_taken":0,"relics_obtained":["Turnip"],"max_hp_gain":0,"max_hp_loss":0,"event_name":"Addict","floor":29,"gold_loss":85}],"is_beta":false,"boss_relics":[{"not_picked":["jedi:paperlyon","halation:Risk"],"picked":"jedi:hotpepper"}],"items_purged_floors":[31],"is_endless":false,"potions_floor_spawned":[5,6,11,16,18],"killed_by":"hubris:MusketHawk","ascension_level":20}}