{"host":"gobyjzz6xbwq9f9i","time":1614400169,"event":{"mods":["AchievementEnabler","BaseMod","Bestiary","Colored Map","Minty Spire (QoL Compilation)","Relic Stats","ojb\u0027s Info Mod"],"gold_per_floor":[115,129,304,53,3,3,32,50,76,110,124,154,168,7,7,7,7],"floor_reached":16,"language":"ENG","playtime":576,"items_purged":["Doubt"],"score":180,"play_id":"abd43ef1-e01c-4597-a736-a33518414e39","local_time":"20210226202929","is_ascension_mode":true,"campfire_choices":[{"data":"Bash","floor":6.0,"key":"SMITH"},{"data":"Armaments","floor":15.0,"key":"SMITH"}],"circlet_count":0,"master_deck":["AscendersBane","Strike_R","Strike_R","Strike_R","Defend_R","Defend_R","Defend_R","Bash+1","Second Wind","Searing Blow","Thunderclap","Spot Weakness","Metallicize","Twin Strike","Shrug It Off","Battle Trance","Armaments+1","Double Tap","Headbutt","Limit Break"],"relics":["Burning Blood","Bronze Scales","Boot","Pen Nib","Toy Ornithopter","White Beast Statue"],"acts_visited":["Exordium"],"potions_floor_usage":[16],"damage_taken":[{"damage":2.0,"enemies":"Small Slimes","floor":1.0,"turns":5.0},{"damage":6.0,"enemies":"2 Louse","floor":2.0,"turns":3.0},{"damage":29.0,"enemies":"Lagavulin","floor":7.0,"turns":6.0},{"damage":7.0,"enemies":"Jaw Worm","floor":8.0,"turns":3.0},{"damage":29.0,"enemies":"3 Sentries","floor":10.0,"turns":5.0},{"damage":14.0,"enemies":"Gremlin Gang","floor":11.0,"turns":3.0},{"damage":23.0,"enemies":"Lagavulin","floor":12.0,"turns":5.0},{"damage":15.0,"enemies":"2 Fungi Beasts","floor":13.0,"turns":3.0},{"damage":21,"enemies":"The Guardian","floor":16,"turns":4}],"seed_played":"-34484745418104662","potions_obtained":[{"floor":1.0,"key":"Strength Potion"},{"floor":7.0,"key":"BloodPotion"},{"floor":10.0,"key":"PowerPotion"},{"floor":13.0,"key":"BlessingOfTheForge"}],"is_trial":false,"path_per_floor":["M","M","?","$","?","R","E","M","T","E","M","E","M","$","R","B"],"character_chosen":"IRONCLAD","items_purchased":["Bronze Scales","Metallicize","Limit Break"],"campfire_rested":0,"item_purchase_floors":[4,4,14],"current_hp_per_floor":[72,72,72,72,72,72,49,48,48,25,17,24,15,15,15,0,0],"gold":7,"neow_bonus":"TRANSFORM_TWO_CARDS","is_daily":false,"chose_seed":false,"campfire_upgraded":2,"win_rate":0.0,"timestamp":1614400169,"path_taken":["M","M","?","$","?","R","E","M","T","E","M","E","M","$","R","BOSS"],"items_purchased_type":["Relic","Card","Card"],"build_version":"2020-12-22","purchased_purges":1,"victory":false,"max_hp_per_floor":[72,72,72,72,72,72,72,72,72,72,72,72,72,72,72,72,72],"relic_stats":{"counters":[9,37],"Bronze Scales":[65],"Pen Nib":[3],"Boot":[3],"obtain_stats":[{"Bronze Scales":4,"Pen Nib":9,"Boot":7,"Burning Blood":0,"Toy Ornithopter":10,"White Beast Statue":12},{"Bronze Scales":2,"Pen Nib":4,"Boot":3,"Burning Blood":0,"Toy Ornithopter":5,"White Beast Statue":7},{"Bronze Scales":8,"Pen Nib":17,"Boot":14,"Burning Blood":0,"Toy Ornithopter":22,"White Beast Statue":30}],"Burning Blood":44,"Toy Ornithopter":15},"card_choices":[{"not_picked":["Dropkick","Clash"],"picked":"Thunderclap","floor":1.0},{"not_picked":["Havoc","Bloodletting"],"picked":"Spot Weakness","floor":2.0},{"not_picked":["Sentinel","Perfected Strike"],"picked":"Twin Strike","floor":7.0},{"not_picked":["Heavy Blade","Body Slam"],"picked":"Shrug It Off","floor":8.0},{"not_picked":["Warcry","Headbutt"],"picked":"Battle Trance","floor":10.0},{"not_picked":["Warcry","Shrug It Off"],"picked":"Armaments","floor":11.0},{"not_picked":["Carnage","Perfected Strike"],"picked":"Double Tap","floor":12.0},{"not_picked":["Clash","Anger"],"picked":"Headbutt","floor":13.0}],"player_experience":1400867,"relics_obtained":[{"floor":7.0,"key":"Boot"},{"floor":9.0,"key":"Pen Nib"},{"floor":10.0,"key":"Toy Ornithopter"},{"floor":12.0,"key":"White Beast Statue"}],"event_choices":[{"damage_healed":0.0,"max_hp_gain":0.0,"max_hp_loss":0.0,"gold_gain":175.0,"event_name":"Liars Game","player_choice":"AGREE","floor":3.0,"gold_loss":0.0,"damage_taken":0.0,"cards_obtained":["Doubt"]},{"cards_removed":["Strike_R"],"damage_healed":0.0,"max_hp_gain":0.0,"max_hp_loss":0.0,"gold_gain":0.0,"event_name":"The Cleric","player_choice":"Card Removal","floor":5.0,"gold_loss":50.0,"damage_taken":0.0}],"is_beta":false,"boss_relics":[],"items_purged_floors":[4],"is_endless":false,"potions_floor_spawned":[1,7,10,13],"killed_by":"The Guardian","ascension_level":10}}