{"host":"jjrg941k7ydtmr5s","time":1614446393,"event":{"mods":["BaseMod","Colored Map","Colored Powertips","DeckTracker","Highlight Path","Koishi","Marisa（霧雨　魔理沙）","Minty Spire (QoL Compilation)","Quick Restart","Remilia（蕾米莉?）","StSLib","SuperFastMode","The Administrix","The Bladedancer","The Cursed","The Forsaken","The Runesmith","The Servant 0.9.4","Youmu（魂魄妖梦）"],"gold_per_floor":[110,110,125,200,211,211,238,238,238,238,238],"floor_reached":10,"language":"JPN","playtime":485,"items_purged":[],"score":69,"play_id":"5b8a25b6-5746-4ebc-921b-df942a5bbefa","local_time":"20210228021953","is_ascension_mode":true,"campfire_choices":[{"data":"Cloak And Dagger","floor":6,"key":"SMITH"}],"circlet_count":0,"master_deck":["Strike_G","Strike_G","Strike_G","Strike_G","Defend_G","Defend_G","Defend_G","Defend_G","Defend_G","Survivor","Neutralize","PiercingWail","Cloak And Dagger","Cloak And Dagger+1","Blade Dance"],"relics":["Ring of the Snake","NeowsBlessing","Question Card","theForsaken:ScaryMask"],"acts_visited":["Exordium"],"potions_floor_usage":[],"damage_taken":[{"damage":0,"enemies":"Cultist","floor":1,"turns":1},{"damage":0,"enemies":"Jaw Worm","floor":3,"turns":1},{"damage":0,"enemies":"2 Louse","floor":5,"turns":1},{"damage":24,"enemies":"Gremlin Nob","floor":7,"turns":6},{"damage":50,"enemies":"Lagavulin","floor":10,"turns":12}],"seed_played":"-6594980948650921469","potions_obtained":[{"floor":3,"key":"AttackPotion"}],"is_trial":false,"path_per_floor":["M","$","M","?","M","R","E","?","T","E"],"character_chosen":"THE_SILENT","items_purchased":[],"campfire_rested":0,"item_purchase_floors":[],"current_hp_per_floor":[70,70,70,59,59,59,35,35,35,0,0],"gold":238,"neow_bonus":"THREE_ENEMY_KILL","is_daily":false,"chose_seed":false,"campfire_upgraded":1,"win_rate":0.0,"timestamp":1614446393,"path_taken":["M","$","M","?","M","R","E","?","T","E"],"items_purchased_type":[],"build_version":"2020-12-22","purchased_purges":0,"victory":false,"max_hp_per_floor":[70,70,70,70,70,70,70,70,70,70,70],"card_choices":[{"not_picked":["Dagger Throw","Blur"],"picked":"PiercingWail","floor":1},{"not_picked":["Noxious Fumes","Distraction"],"picked":"Cloak And Dagger","floor":3},{"not_picked":["Acrobatics","Dodge and Roll"],"picked":"Cloak And Dagger","floor":5},{"not_picked":["Blur","All Out Attack"],"picked":"Blade Dance","floor":7}],"player_experience":81931,"relics_obtained":[{"floor":7,"key":"Question Card"},{"floor":9,"key":"theForsaken:ScaryMask"}],"event_choices":[{"damage_healed":0,"gold_gain":75,"player_choice":"Gather Gold","damage_taken":11,"max_hp_gain":0,"max_hp_loss":0,"event_name":"World of Goop","floor":4,"gold_loss":0},{"cards_removed":["Strike_G"],"damage_healed":0,"gold_gain":0,"player_choice":"Offered Basic","damage_taken":0,"max_hp_gain":0,"max_hp_loss":0,"event_name":"Bonfire Elementals","floor":8,"gold_loss":0}],"is_beta":false,"boss_relics":[],"items_purged_floors":[],"is_endless":false,"potions_floor_spawned":[3],"killed_by":"Lagavulin","ascension_level":1}}