{"host":"s229x1smnerk6mew","time":1614411523,"event":{"mods":["BaseMod","Bestiary","Minty Spire (QoL Compilation)","Relic Stats"],"gold_per_floor":[112,112,125,140,150,184,184,216,271,271,271],"floor_reached":10,"language":"ENG","playtime":504,"items_purged":[],"score":156,"play_id":"b9b80174-72df-4ca7-ade1-c39c4d2d7a3c","local_time":"20210227183843","is_ascension_mode":true,"campfire_choices":[{"floor":7,"key":"REST"}],"circlet_count":0,"master_deck":["AscendersBane","Strike_G","Strike_G","Strike_G","Strike_G","Strike_G","Defend_G","Defend_G","Defend_G","Defend_G","Defend_G","Survivor","Neutralize","Quick Slash+1","Cloak And Dagger","Dagger Throw","Leg Sweep"],"relics":["Ring of the Snake","Bag of Preparation","StrikeDummy","White Beast Statue","Anchor"],"acts_visited":["Exordium"],"potions_floor_usage":[10,10],"damage_taken":[{"damage":0,"enemies":"Small Slimes","floor":1,"turns":3},{"damage":0,"enemies":"Cultist","floor":3,"turns":3},{"damage":0,"enemies":"Jaw Worm","floor":4,"turns":4},{"damage":1,"enemies":"Red Slaver","floor":5,"turns":3},{"damage":36,"enemies":"Gremlin Nob","floor":6,"turns":5},{"damage":17,"enemies":"3 Sentries","floor":8,"turns":8},{"damage":35,"enemies":"Gremlin Nob","floor":10,"turns":4}],"seed_played":"-7210053290524329094","potions_obtained":[{"floor":3,"key":"SmokeBomb"},{"floor":6,"key":"SpeedPotion"},{"floor":8,"key":"AttackPotion"}],"is_trial":false,"path_per_floor":["M","?","M","M","M","E","R","E","T","E"],"character_chosen":"THE_SILENT","items_purchased":[],"campfire_rested":1,"item_purchase_floors":[],"current_hp_per_floor":[59,59,59,59,58,22,41,24,24,0,0],"gold":271,"neow_bonus":"RANDOM_COMMON_RELIC","is_daily":false,"chose_seed":false,"campfire_upgraded":0,"win_rate":0.0,"timestamp":1614411523,"path_taken":["M","?","M","?","M","E","R","E","T","E"],"items_purchased_type":[],"build_version":"2020-12-22","purchased_purges":0,"victory":false,"max_hp_per_floor":[66,66,66,66,66,66,66,66,66,66,66],"relic_stats":{"counters":[7,30],"Bag of Preparation":[14],"obtain_stats":[{"Anchor":9,"Bag of Preparation":0,"StrikeDummy":6,"White Beast Statue":8,"Ring of the Snake":0},{"Anchor":6,"Bag of Preparation":0,"StrikeDummy":5,"White Beast Statue":6,"Ring of the Snake":0},{"Anchor":26,"Bag of Preparation":0,"StrikeDummy":18,"White Beast Statue":26,"Ring of the Snake":0}],"Ring of the Snake":[14]},"card_choices":[{"not_picked":["Sucker Punch","Blur"],"picked":"Quick Slash","floor":1},{"not_picked":["Predator","Deadly Poison"],"picked":"Cloak And Dagger","floor":3},{"not_picked":["Bouncing Flask","Acrobatics"],"picked":"Dagger Throw","floor":4},{"not_picked":["Sucker Punch","Quick Slash"],"picked":"Leg Sweep","floor":5},{"not_picked":["Deadly Poison","Outmaneuver","Bouncing Flask"],"picked":"SKIP","floor":6},{"not_picked":["Blur","Dodge and Roll","Noxious Fumes"],"picked":"SKIP","floor":8}],"player_experience":2112643,"relics_obtained":[{"floor":6,"key":"StrikeDummy"},{"floor":8,"key":"White Beast Statue"},{"floor":9,"key":"Anchor"}],"event_choices":[{"damage_healed":0,"gold_gain":0,"player_choice":"Upgraded","damage_taken":0,"max_hp_gain":0,"max_hp_loss":0,"event_name":"Upgrade Shrine","floor":2,"gold_loss":0,"cards_upgraded":["Quick Slash"]}],"is_beta":false,"boss_relics":[],"items_purged_floors":[],"is_endless":false,"potions_floor_spawned":[3,6,8],"killed_by":"Gremlin Nob","ascension_level":20}}