{"host":"anl785ehjgcmdvvq","time":1614421843,"event":{"mods":["AchievementEnabler","BaseMod","Minty Spire (QoL Compilation)","StSLib","Together in Spire"],"gold_per_floor":[118,118,138,156,156,156,156,156,202,202,202],"floor_reached":10,"language":"ENG","playtime":172,"items_purged":[],"score":73,"play_id":"9ef688f0-fc31-4437-9ddf-91d2a0e5d1e3","local_time":"20210227133043","is_ascension_mode":true,"campfire_choices":[{"floor":6,"key":"REST"},{"data":"Barricade","floor":8,"key":"SMITH"}],"circlet_count":0,"master_deck":["Strike_R","Strike_R","Strike_R","Strike_R","Defend_R","Defend_R","Defend_R","Defend_R","Bash","Barricade+1","Rampage","Disarm","Cleave"],"relics":["Burning Blood","Bronze Scales","Golden Idol"],"acts_visited":["Exordium"],"potions_floor_usage":[4,10,10],"damage_taken":[{"damage":11,"enemies":"Jaw Worm","floor":1,"turns":4},{"damage":6,"enemies":"Cultist","floor":3,"turns":3},{"damage":8,"enemies":"Small Slimes","floor":4,"turns":4},{"damage":27,"enemies":"Gremlin Nob","floor":10,"turns":3}],"seed_played":"-3348309298143069524","potions_obtained":[{"floor":1,"key":"SpeedPotion"},{"floor":3,"key":"Energy Potion"},{"floor":4,"key":"FearPotion"}],"is_trial":false,"path_per_floor":["M","?","M","M","?","R","?","R","T","E"],"character_chosen":"IRONCLAD","items_purchased":[],"campfire_rested":1,"item_purchase_floors":[],"current_hp_per_floor":[46,46,46,44,19,43,23,23,23,0,0],"gold":202,"neow_bonus":"THREE_RARE_CARDS","is_daily":false,"chose_seed":false,"campfire_upgraded":1,"win_rate":0.0,"timestamp":1614421843,"path_taken":["M","?","?","M","?","R","?","R","T","E"],"items_purchased_type":[],"build_version":"2020-12-22","purchased_purges":0,"victory":false,"max_hp_per_floor":[80,80,80,80,80,80,80,80,80,80,80],"card_choices":[{"not_picked":["Impervious","Reaper"],"picked":"Barricade","floor":0},{"not_picked":["Perfected Strike","Reckless Charge"],"picked":"Rampage","floor":1},{"not_picked":["Flex","Perfected Strike"],"picked":"Disarm","floor":3},{"not_picked":["Pommel Strike","Flame Barrier"],"picked":"Cleave","floor":4}],"player_experience":144490,"relics_obtained":[],"event_choices":[{"cards_removed":["Strike_R"],"damage_healed":0,"gold_gain":0,"player_choice":"Purged","damage_taken":0,"max_hp_gain":0,"max_hp_loss":0,"event_name":"Purifier","floor":2,"gold_loss":0},{"damage_healed":0,"gold_gain":0,"player_choice":"Success","damage_taken":25,"relics_obtained":["Bronze Scales"],"max_hp_gain":0,"max_hp_loss":0,"event_name":"Scrap Ooze","floor":5,"gold_loss":0},{"damage_healed":0,"gold_gain":0,"player_choice":"Take Damage","damage_taken":20,"relics_obtained":["Golden Idol"],"max_hp_gain":0,"max_hp_loss":0,"event_name":"Golden Idol","floor":7,"gold_loss":0}],"is_beta":false,"boss_relics":[],"items_purged_floors":[],"is_endless":false,"potions_floor_spawned":[1,3,4],"killed_by":"Gremlin Nob","ascension_level":6}}