{"host":"dlqyscxstsnu98l1","time":1614458301,"event":{"mods":["AchievementEnabler","BaseMod","Colored Map","Colored Powertips","GifTheSpireLib","Highlight Path","Minty Spire (QoL Compilation)","Random Character Button","SacredBarkPlus","StSLib","everything is the same but u backflip on backflip"],"gold_per_floor":[119,134,134,145,145,172,172,199,199,56,68,96,107,124,124,224,224,237,252,352,368,386,386,404,434,434,434,79,44,44,57,57,158,158,178,178,188,188,204,204,230,230,278,278,278],"floor_reached":44,"language":"ENG","playtime":2515,"items_purged":["Strike_G"],"score":648,"play_id":"23d2ffb5-46a1-42e5-a215-fc719d32cfb4","local_time":"20210227143821","is_ascension_mode":true,"campfire_choices":[{"floor":7.0,"key":"REST"},{"data":"Eviscerate","floor":15.0,"key":"SMITH"},{"floor":23.0,"key":"REST"},{"floor":27.0,"key":"REST"},{"floor":30.0,"key":"REST"},{"floor":32.0,"key":"REST"},{"floor":40.0,"key":"REST"},{"floor":42,"key":"REST"}],"circlet_count":0,"master_deck":["Strike_G+1","Defend_G","Defend_G","Defend_G","Defend_G","Defend_G","Survivor","Neutralize","Eviscerate+1","Acrobatics","Dagger Throw","Noxious Fumes+1","Dagger Spray","Tools of the Trade","Underhanded Strike","Noxious Fumes","Acrobatics","Unload","Dagger Throw+1","Acrobatics+1","Leg Sweep","Prepared+1","Footwork","Glass Knife","Noxious Fumes","Caltrops+1","Dodge and Roll+1"],"relics":["Ring of the Snake","Mercury Hourglass","CaptainsWheel","Ice Cream","Lee\u0027s Waffle","Smiling Mask","Philosopher\u0027s Stone","Pocketwatch","HornCleat","TungstenRod","SacredBark","Blood Vial","Shuriken","Toy Ornithopter"],"acts_visited":["Exordium","TheCity","TheBeyond"],"potions_floor_usage":[41,44],"damage_taken":[{"damage":0.0,"enemies":"2 Louse","floor":1.0,"turns":3.0},{"damage":0.0,"enemies":"Small Slimes","floor":2.0,"turns":2.0},{"damage":0.0,"enemies":"Cultist","floor":4.0,"turns":3.0},{"damage":9.0,"enemies":"Lagavulin","floor":6.0,"turns":5.0},{"damage":17.0,"enemies":"3 Sentries","floor":8.0,"turns":3.0},{"damage":0.0,"enemies":"Exordium Thugs","floor":11.0,"turns":3.0},{"damage":2.0,"enemies":"Lagavulin","floor":12.0,"turns":4.0},{"damage":0.0,"enemies":"Red Slaver","floor":13.0,"turns":4.0},{"damage":4.0,"enemies":"Blue Slaver","floor":14.0,"turns":3.0},{"damage":29.0,"enemies":"Hexaghost","floor":16.0,"turns":8.0},{"damage":20.0,"enemies":"2 Thieves","floor":18.0,"turns":3.0},{"damage":0.0,"enemies":"Spheric Guardian","floor":19.0,"turns":2.0},{"damage":14.0,"enemies":"Snecko","floor":21.0,"turns":4.0},{"damage":8.0,"enemies":"Cultist and Chosen","floor":22.0,"turns":5.0},{"damage":13.0,"enemies":"Centurion and Healer","floor":24.0,"turns":5.0},{"damage":26.0,"enemies":"Book of Stabbing","floor":25.0,"turns":6.0},{"damage":2.0,"enemies":"Snecko","floor":31.0,"turns":4.0},{"damage":28.0,"enemies":"Automaton","floor":33.0,"turns":8.0},{"damage":1.0,"enemies":"Orb Walker","floor":35.0,"turns":3.0},{"damage":21.0,"enemies":"3 Darklings","floor":37.0,"turns":8.0},{"damage":6.0,"enemies":"Maw","floor":39.0,"turns":7.0},{"damage":54,"enemies":"Reptomancer","floor":41,"turns":10},{"damage":69,"enemies":"Giant Head","floor":44,"turns":8}],"seed_played":"1806679841707304213","potions_obtained":[{"floor":6.0,"key":"FearPotion"},{"floor":12.0,"key":"CultistPotion"},{"floor":13.0,"key":"Block Potion"},{"floor":14.0,"key":"Poison Potion"},{"floor":18.0,"key":"LiquidMemories"},{"floor":24.0,"key":"EssenceOfSteel"},{"floor":25.0,"key":"FearPotion"},{"floor":35.0,"key":"Ancient Potion"},{"floor":37.0,"key":"GamblersBrew"},{"floor":39.0,"key":"Weak Potion"}],"is_trial":false,"path_per_floor":["M","M","?","M","?","E","R","E","T","$","M","E","M","M","R","B",null,"M","M","?","M","M","R","M","E","T","R","$","$","R","M","R","B",null,"M","T","M","?","M","R","E","R","T","E"],"character_chosen":"THE_SILENT","items_purchased":["Lee\u0027s Waffle","TungstenRod","Footwork"],"campfire_rested":7,"item_purchase_floors":[10,28,29],"current_hp_per_floor":[45,45,31,31,31,22,43,26,26,77,77,75,75,71,71,42,68,48,48,48,34,26,49,36,10,10,33,33,33,56,54,77,49,70,69,69,48,48,44,67,15,38,38,0,0],"gold":278,"neow_bonus":"TRANSFORM_TWO_CARDS","is_daily":false,"chose_seed":false,"campfire_upgraded":1,"win_rate":0.0,"timestamp":1614458301,"path_taken":["M","M","?","M","?","E","R","E","T","$","M","E","M","M","R","BOSS","M","M","?","M","M","R","M","E","T","R","?","$","R","M","R","BOSS","M","?","M","?","?","R","E","R","T","E"],"items_purchased_type":["Relic","Relic","Card"],"build_version":"2020-12-22","purchased_purges":1,"victory":false,"max_hp_per_floor":[70,70,70,70,70,70,70,70,70,77,77,77,77,77,77,77,77,77,77,77,77,77,77,77,77,77,77,77,77,77,77,77,77,77,77,77,77,77,77,77,77,77,77,77,77],"card_choices":[{"not_picked":["Quick Slash","Dodge and Roll"],"picked":"Dagger Throw","floor":1.0},{"not_picked":["Choke","Quick Slash"],"picked":"Noxious Fumes","floor":2.0},{"not_picked":["Underhanded Strike","Tactician"],"picked":"Dagger Spray","floor":4.0},{"not_picked":["Grand Finale","Blade Dance"],"picked":"Underhanded Strike","floor":6.0},{"not_picked":["Night Terror","Skewer"],"picked":"Noxious Fumes","floor":8.0},{"not_picked":["Quick Slash","Slice","Blade Dance"],"picked":"SKIP","floor":11.0},{"not_picked":["Well Laid Plans","Deadly Poison"],"picked":"Acrobatics","floor":12.0},{"not_picked":["Blade Dance","Cloak And Dagger","Escape Plan"],"picked":"SKIP","floor":13.0},{"not_picked":["Endless Agony","Prepared","Deflect"],"picked":"SKIP","floor":14.0},{"not_picked":["A Thousand Cuts","Adrenaline"],"picked":"Unload","floor":16.0},{"not_picked":["PiercingWail","Quick Slash"],"picked":"Dagger Throw+1","floor":18.0},{"not_picked":["Prepared","Blade Dance","All Out Attack"],"picked":"SKIP","floor":19.0},{"not_picked":["Blade Dance","Storm of Steel"],"picked":"Acrobatics+1","floor":21.0},{"not_picked":["Sucker Punch","Endless Agony"],"picked":"Leg Sweep","floor":22.0},{"not_picked":["Acrobatics","Poisoned Stab","Choke+1"],"picked":"SKIP","floor":24.0},{"not_picked":["Riddle With Holes","Deflect"],"picked":"Prepared+1","floor":25.0},{"not_picked":["Dagger Throw","Deadly Poison","Predator"],"picked":"SKIP","floor":31.0},{"not_picked":["Bullet Time","Envenom"],"picked":"Glass Knife","floor":33.0},{"not_picked":["Blade Dance","Endless Agony+1","Cloak And Dagger+1"],"picked":"SKIP","floor":35.0},{"not_picked":["Terror+1","Poisoned Stab"],"picked":"Noxious Fumes","floor":37.0},{"not_picked":["Bane","Cloak And Dagger+1"],"picked":"Caltrops+1","floor":39.0},{"not_picked":["Blade Dance","Cloak And Dagger"],"picked":"Dodge and Roll+1","floor":41}],"player_experience":297648,"relics_obtained":[{"floor":6.0,"key":"Mercury Hourglass"},{"floor":8.0,"key":"CaptainsWheel"},{"floor":9.0,"key":"Ice Cream"},{"floor":12.0,"key":"Smiling Mask"},{"floor":25.0,"key":"Pocketwatch"},{"floor":26.0,"key":"HornCleat"},{"floor":41,"key":"Shuriken"},{"floor":43,"key":"Toy Ornithopter"}],"event_choices":[{"damage_healed":0.0,"max_hp_gain":0.0,"max_hp_loss":0.0,"gold_gain":0.0,"event_name":"Shining Light","player_choice":"Entered Light","floor":3.0,"gold_loss":0.0,"damage_taken":14.0,"cards_upgraded":["Strike_G","Noxious Fumes"]},{"damage_healed":0.0,"max_hp_gain":0.0,"max_hp_loss":0.0,"gold_gain":0.0,"cards_transformed":["Strike_G"],"event_name":"Transmorgrifier","player_choice":"Transformed","floor":5.0,"gold_loss":0.0,"damage_taken":0.0,"cards_obtained":["Tools of the Trade"]},{"damage_healed":0.0,"max_hp_gain":0.0,"max_hp_loss":0.0,"gold_gain":100.0,"event_name":"Golden Shrine","player_choice":"Pray","floor":20.0,"gold_loss":0.0,"damage_taken":0.0},{"damage_healed":0.0,"max_hp_gain":0.0,"max_hp_loss":0.0,"gold_gain":0.0,"event_name":"WeMeetAgain","player_choice":"Gave Potion","floor":38.0,"gold_loss":0.0,"damage_taken":0.0,"relics_obtained":["Blood Vial"]}],"is_beta":false,"boss_relics":[{"not_picked":["Tiny House","Cursed Key"],"picked":"Philosopher\u0027s Stone"},{"not_picked":["Runic Dome","Ring of the Serpent"],"picked":"SacredBark"}],"items_purged_floors":[28],"is_endless":false,"potions_floor_spawned":[6,12,13,14,18,24,25,35,37,39],"killed_by":"Giant Head","ascension_level":7}}