{"host":"pboyrhtqteqd23la","time":1614407996,"event":{"mods":["Act Like it!","Aspiration","BaseMod","Bestiary","Better Third Choice","Conspire","Downfall","Energized Spire","Minty Spire (QoL Compilation)","Relic Stats","Reliquary","Shop Mod","StSLib","The Cursed","The Runesmith"],"gold_per_floor":[114,114,126,142,157,157,182,195,221,221,221,232,243,243,243,339,339,351,141,141,160,180,195,195,195,195,110,110,12,12,24,24,120,120,139,139,53,103,117,117,117,117],"floor_reached":41,"language":"ENG","playtime":3947,"items_purged":["Clumsy","Writhe"],"score":393,"play_id":"805dbee7-d693-4500-8f5b-022a6783d2eb","local_time":"20210226233956","is_ascension_mode":false,"campfire_choices":[{"data":"Runesmith:GrandSlam","floor":6.0,"key":"SMITH"},{"floor":10.0,"key":"REST"},{"data":"Calculated Gamble","floor":15.0,"key":"SMITH"},{"floor":25,"key":"REST"},{"floor":28,"key":"REST"},{"floor":32,"key":"REST"},{"floor":40,"key":"REST"}],"circlet_count":0,"master_deck":["Runesmith:Strike_RS","Runesmith:Strike_RS","Runesmith:Defend_RS","Runesmith:Defend_RS","Runesmith:CraftFirestone","Runesmith:Fortify","Runesmith:GrandSlam+1","Runesmith:NegativeSpace","Runesmith:CraftMagma","Runesmith:EarthShield","Runesmith:Firewall","Runesmith:StaticCage","Runesmith:UnstableHammer","Runesmith:OneForEveryone","Runesmith:Repurpose","Acrobatics","Sucker Punch","Calculated Gamble+1","Runesmith:GrandSlam","Runesmith:StaticCage+1","Runesmith:RuneHurl","Strike_G","Eviscerate","Leg Sweep","Runesmith:HammerThrow","Runesmith:ArcReactor","Runesmith:Grindstone","Runesmith:Reinforce+1","Runesmith:LightningRod","Runesmith:Retool","Runesmith:CraftIncendium","Runesmith:CraftObretio+1","Runesmith:ElementalConversion+1"],"relics":["Runesmith:BrokenRuby","NeowsBlessing","Bottled Flame","conspire:TopHat","conspire:RunicOctahedron","Membership Card","conspire:DecoderRing","Kunai","downfall:ExtraCursedKey","aspiration:SecretTechniqueScroll","Du-Vu Doll"],"acts_visited":["Exordium","TheCity","TheBeyond"],"potions_floor_usage":[18,21,33,39],"damage_taken":[{"damage":0.0,"enemies":"Small Slimes","floor":1.0,"turns":1.0},{"damage":0.0,"enemies":"Cultist","floor":3.0,"turns":1.0},{"damage":0.0,"enemies":"2 Louse","floor":4.0,"turns":1.0},{"damage":11.0,"enemies":"Lots of Slimes","floor":5.0,"turns":5.0},{"damage":13.0,"enemies":"3 Sentries","floor":7.0,"turns":7.0},{"damage":10.0,"enemies":"Gremlin Gang","floor":8.0,"turns":6.0},{"damage":0.0,"enemies":"2 Fungi Beasts","floor":12.0,"turns":4.0},{"damage":3.0,"enemies":"Red Slaver","floor":13.0,"turns":3.0},{"damage":18.0,"enemies":"The Guardian","floor":16.0,"turns":10.0},{"damage":21,"enemies":"conspire:FuzzyDice","floor":18,"turns":7},{"damage":13,"enemies":"3 Byrds","floor":21,"turns":9},{"damage":7,"enemies":"Snecko","floor":22,"turns":7},{"damage":16,"enemies":"Centurion and Healer","floor":23,"turns":6},{"damage":10,"enemies":"Cultist and Chosen","floor":31,"turns":7},{"damage":74,"enemies":"Collector","floor":33,"turns":16},{"damage":53,"enemies":"3 Darklings","floor":35,"turns":9},{"damage":0,"enemies":"Mind Bloom Boss Battle","floor":38,"turns":6},{"damage":34,"enemies":"3 Shapes","floor":39,"turns":4},{"damage":39,"enemies":"Reptomancer","floor":41,"turns":2}],"seed_played":"-424883069772815626","potions_obtained":[{"floor":1.0,"key":"Block Potion"},{"floor":3.0,"key":"PowerPotion"},{"floor":11.0,"key":"champ:CounterPotion"},{"floor":11.0,"key":"SkillPotion"},{"floor":11.0,"key":"SkillPotion"},{"floor":16.0,"key":"conspire:TimeTravelPotion"},{"floor":22,"key":"bronze:BurnAndBuffPotion"},{"floor":23,"key":"Ancient Potion"},{"floor":38,"key":"SkillPotion"}],"is_trial":false,"path_per_floor":["M","?","M","M","M","R","E","M","T","R","?","M","M","?","R","B",null,"M","$","?","M","M","M","?","R","T","?","R","$","?","M","R","B",null,"M","?","$","?","M","R","E"],"character_chosen":"RUNESMITH_CLASS","items_purchased":["Membership Card","Runesmith:RuneHurl","Runesmith:ArcReactor","Runesmith:Grindstone","Runesmith:CraftIncendium"],"campfire_rested":5,"item_purchase_floors":[19,19,29,29,37],"current_hp_per_floor":[70,70,70,70,59,59,46,36,36,57,57,57,54,54,54,36,70,49,49,49,36,29,13,13,34,34,34,55,55,55,45,66,17,70,17,35,35,35,1,22,0,0],"gold":117,"neow_bonus":"THREE_ENEMY_KILL","is_daily":false,"chose_seed":false,"campfire_upgraded":2,"win_rate":0.0,"timestamp":1614407996,"path_taken":["M","?","?","M","M","R","E","M","T","R","?","?","?","?","R","BOSS","M","$","?","?","M","M","?","R","T","?","R","$","?","M","R","BOSS","M","?","$","?","M","R","E"],"items_purchased_type":["Relic","Card","Card","Card","Card"],"build_version":"2020-12-22","purchased_purges":2,"victory":false,"max_hp_per_floor":[70,70,70,70,70,70,70,70,70,70,70,70,70,70,70,70,70,70,70,70,70,70,70,70,70,70,70,70,70,70,70,70,70,70,70,70,70,70,70,70,70,70],"relic_stats":{"counters":[19,111],"Kunai":[9],"obtain_stats":[{"Du-Vu Doll":38,"Runesmith:BrokenRuby":0,"Bottled Flame":7,"NeowsBlessing":0,"conspire:DecoderRing":26,"conspire:RunicOctahedron":17,"downfall:ExtraCursedKey":30,"Membership Card":19,"Kunai":27,"aspiration:SecretTechniqueScroll":34,"conspire:TopHat":9},{"Du-Vu Doll":17,"Runesmith:BrokenRuby":0,"Bottled Flame":5,"NeowsBlessing":0,"conspire:DecoderRing":13,"conspire:RunicOctahedron":9,"downfall:ExtraCursedKey":13,"Membership Card":10,"Kunai":13,"aspiration:SecretTechniqueScroll":15,"conspire:TopHat":6},{"Du-Vu Doll":105,"Runesmith:BrokenRuby":0,"Bottled Flame":15,"NeowsBlessing":0,"conspire:DecoderRing":67,"conspire:RunicOctahedron":38,"downfall:ExtraCursedKey":67,"Membership Card":45,"Kunai":67,"aspiration:SecretTechniqueScroll":90,"conspire:TopHat":21}]},"card_choices":[{"not_picked":["Runesmith:CraftObretio","Runesmith:RuneHurl"],"picked":"Runesmith:EnergizedChisel","floor":1.0},{"not_picked":["Runesmith:HeatExchange","Runesmith:UnstableHammer"],"picked":"Runesmith:CraftMagma","floor":3.0},{"not_picked":["Runesmith:StaticCage","Runesmith:MakeshiftArmor"],"picked":"Runesmith:EarthShield","floor":4.0},{"not_picked":["Runesmith:HeatedChisel","aspiration:UnbridledHammer"],"picked":"Runesmith:Firewall","floor":5.0},{"not_picked":["Runesmith:ChargedHammer","Runesmith:CraftIndustria"],"picked":"Runesmith:StaticCage","floor":7.0},{"not_picked":["Runesmith:Empowerment","Runesmith:EnergizedChisel"],"picked":"Runesmith:UnstableHammer","floor":8.0},{"not_picked":["Runesmith:EarthShield","Runesmith:NegativeSpace"],"picked":"Runesmith:OneForEveryone","floor":12.0},{"not_picked":["Runesmith:CraftMagma","Runesmith:Accelerate"],"picked":"Runesmith:Repurpose","floor":13.0},{"not_picked":["Runesmith:ReplicatingBarrier","Runesmith:LightningRod"],"picked":"Runesmith:GrandSlam","floor":16.0},{"not_picked":["Runesmith:Overpower","Runesmith:Prism"],"picked":"Runesmith:StaticCage+1","floor":18},{"not_picked":["Runesmith:HeatExchange","Runesmith:HeatedChisel","Runesmith:EnergizedChisel"],"picked":"SKIP","floor":21},{"not_picked":["Runesmith:Accelerate","Runesmith:EarthShield"],"picked":"Runesmith:HammerThrow","floor":22},{"not_picked":["Runesmith:Firestorm","Runesmith:HeatExchange+1","Runesmith:BackupBattery"],"picked":"SKIP","floor":23},{"not_picked":["Runesmith:HammerAndChisel","Runesmith:StaticCage"],"picked":"Runesmith:Reinforce+1","floor":31},{"not_picked":["Runesmith:LastStand","Runesmith:Duplicate"],"picked":"Runesmith:LightningRod","floor":33},{"not_picked":["Runesmith:CraftSpiculum+1","Runesmith:Attraction"],"picked":"Runesmith:Retool","floor":35},{"not_picked":["Runesmith:HeatedChisel+1","Runesmith:Augment"],"picked":"Runesmith:CraftObretio+1","floor":38},{"not_picked":["Runesmith:CraftProtectio","Runesmith:CraftSpiculum+1"],"picked":"Runesmith:ElementalConversion+1","floor":39}],"player_experience":679653,"relics_obtained":[{"floor":7.0,"key":"Bottled Flame"},{"floor":9.0,"key":"conspire:TopHat"},{"floor":26,"key":"conspire:DecoderRing"},{"floor":38,"key":"Du-Vu Doll"}],"event_choices":[{"damage_healed":0.0,"max_hp_gain":0.0,"max_hp_loss":0.0,"gold_gain":0.0,"event_name":"Match and Keep!","player_choice":"4 cards matched","floor":2.0,"gold_loss":0.0,"damage_taken":0.0,"cards_obtained":["Runesmith:GrandSlam","Runesmith:NegativeSpace","Madness","Clumsy"]},{"damage_healed":0.0,"max_hp_gain":0.0,"max_hp_loss":0.0,"gold_gain":0.0,"event_name":"Lab","player_choice":"Got Potions","floor":11.0,"gold_loss":0.0,"damage_taken":0.0},{"damage_healed":0,"gold_gain":0,"player_choice":"Ignored","damage_taken":0,"max_hp_gain":0,"max_hp_loss":0,"event_name":"Cursed Tome","floor":24,"gold_loss":0},{"damage_healed":0,"gold_gain":0,"player_choice":"Obtained Relic","damage_taken":0,"relics_obtained":["Kunai"],"max_hp_gain":0,"max_hp_loss":0,"event_name":"Addict","floor":27,"gold_loss":85},{"damage_healed":18,"gold_gain":0,"player_choice":"Writhe","damage_taken":0,"max_hp_gain":0,"max_hp_loss":0,"event_name":"Winding Halls","floor":36,"gold_loss":0,"cards_obtained":["Writhe"]},{"damage_healed":0,"gold_gain":0,"player_choice":"Fight","damage_taken":0,"max_hp_gain":0,"max_hp_loss":0,"event_name":"MindBloom","floor":38,"gold_loss":0}],"is_beta":false,"boss_relics":[{"not_picked":["reliquary:ThirdArm","Astrolabe"],"picked":"conspire:RunicOctahedron"},{"not_picked":["SacredBark","aspiration:RitualDagger"],"picked":"aspiration:SecretTechniqueScroll"}],"items_purged_floors":[19,37],"is_endless":false,"potions_floor_spawned":[1,3,13,16,22,23,38],"killed_by":"Reptomancer","ascension_level":0}}