{"host":"insagfzijja1377g","time":1614392374,"event":{"mods":["BaseMod","Bestiary","Highlight Path","Minty Spire (QoL Compilation)","Relic Stats","Slay the Relics Exporter"],"gold_per_floor":[113,113,130,130,140,165,165,199,199,231,231,256,270,281,281,356,356,376,390,400,400,414,414,439,473,473,505,332,350,383,417,429,518,530,553,580,562,586,610,652,49,82,109,143,173,173,191,204,204,204,204,204,24,59,59],"floor_reached":56,"language":"ENG","playtime":4342,"items_purged":["Strike_P","Defend_P+1"],"score":2955,"play_id":"deaf36bd-ee55-48b5-a986-23bc1de5e31b","local_time":"20210226201934","is_ascension_mode":true,"campfire_choices":[{"data":"WindmillStrike","floor":7,"key":"SMITH"},{"data":"CrushJoints","floor":11,"key":"SMITH"},{"data":"Pray","floor":15,"key":"SMITH"},{"data":"Vault","floor":23,"key":"SMITH"},{"data":"Vault","floor":32,"key":"SMITH"},{"floor":49,"key":"RECALL"},{"data":"ClearTheMind","floor":52,"key":"SMITH"}],"circlet_count":0,"master_deck":["AscendersBane","Strike_P+1","Eruption+1","Vigilance+1","SpiritShield+1","FollowUp+1","WindmillStrike+1","Vault+1","CrushJoints+1","FearNoEvil+1","Indignation","Pray+1","Vault+1","TalkToTheHand+1","Adaptation+1","LessonLearned+1","TalkToTheHand+1","Brilliance+1","Adaptation+1","ThirdEye+1","Scrawl+1","Halt+1","CutThroughFate+1","FlurryOfBlows+1","DeusExMachina+1","SashWhip+1","Scrawl+1","EmptyBody+1","Wallop+1","Perseverance+1","Crescendo+1","ClearTheMind+1","DeceiveReality+1","Nirvana+1","TalkToTheHand+1","Pray+1","JustLucky+1","FollowUp+1"],"relics":["PureWater","Vajra","Du-Vu Doll","Eternal Feather","Yang","TeardropLocket","Damaru","Black Star","WingedGreaves","Bag of Preparation","Bronze Scales","Gremlin Horn","HornCleat","Smiling Mask","Orrery","Pear","Orichalcum","Mummified Hand","MawBank","Astrolabe","StrikeDummy","Toy Ornithopter","TheAbacus","Pen Nib","War Paint","Sundial","The Courier","Lantern","Regal Pillow","Centennial Puzzle","Whetstone","Strange Spoon","Dead Branch","Ornamental Fan"],"acts_visited":["Exordium","TheCity","TheBeyond","TheEnding"],"potions_floor_usage":[10,19,20,27,30,45,55,55],"damage_taken":[{"damage":0,"enemies":"2 Louse","floor":1,"turns":3},{"damage":0,"enemies":"Jaw Worm","floor":3,"turns":5},{"damage":5,"enemies":"Small Slimes","floor":5,"turns":3},{"damage":27,"enemies":"3 Sentries","floor":6,"turns":6},{"damage":0,"enemies":"Gremlin Nob","floor":8,"turns":2},{"damage":2,"enemies":"3 Sentries","floor":10,"turns":5},{"damage":0,"enemies":"Lagavulin","floor":12,"turns":5},{"damage":0,"enemies":"Looter","floor":13,"turns":3},{"damage":0,"enemies":"Red Slaver","floor":14,"turns":1},{"damage":0,"enemies":"Slime Boss","floor":16,"turns":3},{"damage":0,"enemies":"3 Byrds","floor":18,"turns":5},{"damage":4,"enemies":"Shell Parasite","floor":19,"turns":5},{"damage":0,"enemies":"Chosen and Byrds","floor":20,"turns":6},{"damage":9,"enemies":"Centurion and Healer","floor":22,"turns":6},{"damage":7,"enemies":"Slavers","floor":24,"turns":4},{"damage":0,"enemies":"Gremlin Leader","floor":25,"turns":6},{"damage":0,"enemies":"Slavers","floor":27,"turns":3},{"damage":0,"enemies":"Snake Plant","floor":29,"turns":2},{"damage":4,"enemies":"Book of Stabbing","floor":30,"turns":4},{"damage":0,"enemies":"Gremlin Leader","floor":31,"turns":5},{"damage":7,"enemies":"Champ","floor":33,"turns":6},{"damage":0,"enemies":"3 Shapes","floor":35,"turns":5},{"damage":6,"enemies":"3 Darklings","floor":36,"turns":5},{"damage":0,"enemies":"4 Shapes","floor":38,"turns":2},{"damage":3,"enemies":"Writhing Mass","floor":39,"turns":7},{"damage":0,"enemies":"Reptomancer","floor":40,"turns":4},{"damage":0,"enemies":"Nemesis","floor":42,"turns":4},{"damage":0,"enemies":"Giant Head","floor":44,"turns":2},{"damage":0,"enemies":"Nemesis","floor":45,"turns":7},{"damage":0,"enemies":"Sphere and 2 Shapes","floor":47,"turns":3},{"damage":0,"enemies":"3 Darklings","floor":48,"turns":5},{"damage":0,"enemies":"Awakened One","floor":50,"turns":11},{"damage":0,"enemies":"Shield and Spear","floor":54,"turns":2},{"damage":20,"enemies":"The Heart","floor":55,"turns":8}],"seed_played":"-5618364826988038792","potions_obtained":[{"floor":1,"key":"Block Potion"},{"floor":8,"key":"Fire Potion"},{"floor":10,"key":"Weak Potion"},{"floor":12,"key":"LiquidMemories"},{"floor":20,"key":"SkillPotion"},{"floor":25,"key":"AttackPotion"},{"floor":29,"key":"Explosive Potion"},{"floor":31,"key":"Fire Potion"},{"floor":36,"key":"Ancient Potion"},{"floor":45,"key":"Ancient Potion"}],"is_trial":false,"path_per_floor":["M","?","M","T","M","E","R","E","T","E","R","E","M","M","R","B",null,"M","M","M","?","M","R","E","E","T","E","$","M","E","E","R","B",null,"M","M","?","M","M","E","$","E","T","E","E","?","M","M","R","B",null,"R","$","E","B",null],"character_chosen":"WATCHER","items_purchased":["Orrery","TheAbacus","Pen Nib","War Paint","Nirvana","Strange Spoon"],"campfire_rested":0,"item_purchase_floors":[28,41,41,41,41,53],"current_hp_per_floor":[61,66,66,66,61,34,34,34,34,32,41,41,41,41,50,50,67,67,63,63,63,54,66,59,59,59,59,59,59,65,65,83,76,81,81,75,75,75,72,72,72,72,72,72,77,93,93,93,93,93,93,93,93,93,78],"gold":59,"neow_bonus":"TRANSFORM_CARD","is_daily":false,"chose_seed":false,"campfire_upgraded":6,"win_rate":0.0,"timestamp":1614392374,"path_taken":["M","?","M","?","M","E","R","E","T","E","R","E","M","M","R","BOSS","M","M","M","?","M","R","E","E","T","E","$","M","E","E","R","BOSS","M","M","?","M","?","E","$","E","T","E","E","?","M","M","R","BOSS","R","$","E","BOSS"],"items_purchased_type":["Relic","Relic","Relic","Relic","Card","Relic"],"build_version":"2020-12-22","purchased_purges":2,"victory":true,"max_hp_per_floor":[68,73,73,73,73,73,73,73,73,73,73,73,73,73,73,73,73,73,73,73,73,73,73,73,73,73,73,73,73,83,83,83,83,83,83,83,83,83,83,83,83,83,83,83,83,93,93,93,93,93,93,93,93,93,93],"relic_stats":{"Regal Pillow":0,"Gremlin Horn":[24,25],"counters":[34,153],"Astrolabe":["EmptyBody","Wallop","Perseverance"],"Dead Branch":[14],"Eternal Feather":48,"Yang":[324],"Pen Nib":[13],"Bag of Preparation":[38],"Whetstone":["FollowUp","TalkToTheHand"],"Orichalcum":[24],"War Paint":["DeusExMachina","SpiritShield"],"Smiling Mask":55,"MawBank":120,"Strange Spoon":[7],"Centennial Puzzle":[3],"TheAbacus":[42],"Mummified Hand":[44],"Sundial":[4],"Ornamental Fan":[24],"Bronze Scales":[219],"Black Star":10,"obtain_stats":[{"Lantern":43,"Regal Pillow":44,"Gremlin Horn":25,"Vajra":4,"Yang":9,"Bag of Preparation":24,"TeardropLocket":10,"Whetstone":45,"Smiling Mask":27,"Centennial Puzzle":45,"HornCleat":27,"TheAbacus":41,"Mummified Hand":31,"Sundial":42,"WingedGreaves":24,"Pear":30,"Astrolabe":34,"Dead Branch":54,"Damaru":12,"Eternal Feather":8,"Pen Nib":41,"The Courier":42,"Orichalcum":30,"War Paint":41,"MawBank":31,"Du-Vu Doll":6,"Strange Spoon":53,"Ornamental Fan":54,"Bronze Scales":25,"Orrery":28,"Black Star":17,"PureWater":0,"StrikeDummy":40,"Toy Ornithopter":40},{"Lantern":27,"Regal Pillow":28,"Gremlin Horn":16,"Vajra":2,"Yang":5,"Bag of Preparation":15,"TeardropLocket":6,"Whetstone":29,"Smiling Mask":17,"Centennial Puzzle":29,"HornCleat":17,"TheAbacus":26,"Mummified Hand":20,"Sundial":27,"WingedGreaves":15,"Pear":19,"Astrolabe":21,"Dead Branch":33,"Damaru":7,"Eternal Feather":5,"Pen Nib":26,"The Courier":27,"Orichalcum":19,"War Paint":26,"MawBank":20,"Du-Vu Doll":4,"Strange Spoon":32,"Ornamental Fan":33,"Bronze Scales":16,"Orrery":17,"Black Star":10,"PureWater":0,"StrikeDummy":26,"Toy Ornithopter":26},{"Lantern":115,"Regal Pillow":117,"Gremlin Horn":68,"Vajra":8,"Yang":19,"Bag of Preparation":62,"TeardropLocket":24,"Whetstone":124,"Smiling Mask":71,"Centennial Puzzle":124,"HornCleat":71,"TheAbacus":111,"Mummified Hand":82,"Sundial":115,"WingedGreaves":62,"Pear":77,"Astrolabe":88,"Dead Branch":145,"Damaru":29,"Eternal Feather":19,"Pen Nib":111,"The Courier":115,"Orichalcum":77,"War Paint":111,"MawBank":82,"Du-Vu Doll":17,"Strange Spoon":143,"Ornamental Fan":145,"Bronze Scales":68,"Orrery":71,"Black Star":36,"PureWater":0,"StrikeDummy":111,"Toy Ornithopter":111}],"Toy Ornithopter":10},"card_choices":[{"not_picked":["Meditate","Study","EmptyBody"],"picked":"SKIP","floor":1},{"not_picked":["Consecrate","PathToVictory"],"picked":"FollowUp","floor":3},{"not_picked":["JustLucky","Halt"],"picked":"WindmillStrike","floor":5},{"not_picked":["SashWhip","ThirdEye"],"picked":"Vault","floor":6},{"not_picked":["DeceiveReality","Swivel"],"picked":"CrushJoints","floor":8},{"not_picked":["EmptyFist","BowlingBash"],"picked":"FearNoEvil","floor":10},{"not_picked":["Halt","Collect","PathToVictory"],"picked":"SKIP","floor":12},{"not_picked":["Worship","Crescendo"],"picked":"Indignation","floor":13},{"not_picked":["FlyingSleeves","PathToVictory"],"picked":"Pray","floor":14},{"not_picked":["Judgement","MasterReality"],"picked":"Vault","floor":16},{"not_picked":["Halt","Prostrate"],"picked":"TalkToTheHand","floor":18},{"not_picked":["Fasting2+1","Indignation","Protect"],"picked":"SKIP","floor":19},{"not_picked":["JustLucky+1","SignatureMove"],"picked":"Adaptation","floor":20},{"not_picked":["Meditate","SashWhip"],"picked":"Scrawl","floor":22},{"not_picked":["SignatureMove+1","EmptyBody"],"picked":"TalkToTheHand+1","floor":24},{"not_picked":["Protect","FollowUp"],"picked":"Brilliance","floor":25},{"not_picked":["FlyingSleeves","CarveReality","CrushJoints"],"picked":"SKIP","floor":27},{"not_picked":["BowlingBash","EmptyBody+1"],"picked":"Adaptation","floor":28},{"not_picked":["Ragnarok","ReachHeaven+1"],"picked":"ThirdEye+1","floor":28},{"not_picked":["CrushJoints+1","BowlingBash"],"picked":"Scrawl","floor":28},{"not_picked":["CarveReality","SashWhip"],"picked":"Halt+1","floor":28},{"not_picked":["WindmillStrike","DeceiveReality+1"],"picked":"CutThroughFate","floor":28},{"not_picked":["BowlingBash","SashWhip"],"picked":"FlurryOfBlows","floor":29},{"not_picked":["Judgement","JustLucky"],"picked":"DeusExMachina","floor":30},{"not_picked":["Indignation","BowlingBash"],"picked":"SashWhip+1","floor":31},{"not_picked":["Ragnarok","SpiritShield"],"picked":"Scrawl","floor":33},{"not_picked":["EmptyFist+1","FlyingSleeves","DeceiveReality"],"picked":"SKIP","floor":35},{"not_picked":["Consecrate","Perseverance"],"picked":"Crescendo+1","floor":36},{"not_picked":["Weave","Study"],"picked":"ClearTheMind","floor":38},{"not_picked":["Meditate","BattleHymn+1","Halt"],"picked":"SKIP","floor":39},{"not_picked":["BowlingBash","Evaluate+1"],"picked":"DeceiveReality+1","floor":40},{"not_picked":["CrushJoints","Meditate"],"picked":"TalkToTheHand","floor":42},{"not_picked":["Judgement","Indignation"],"picked":"Pray","floor":44},{"not_picked":["Perseverance","Collect","Evaluate"],"picked":"SKIP","floor":45},{"not_picked":["CrushJoints","EmptyFist+1"],"picked":"JustLucky+1","floor":47},{"not_picked":["BowlingBash","Protect+1"],"picked":"FollowUp+1","floor":48},{"not_picked":["ThirdEye","Devotion","ConjureBlade"],"picked":"SKIP","floor":54}],"player_experience":2256646,"relics_obtained":[{"floor":4,"key":"Vajra"},{"floor":6,"key":"Du-Vu Doll"},{"floor":8,"key":"Eternal Feather"},{"floor":9,"key":"Yang"},{"floor":10,"key":"TeardropLocket"},{"floor":12,"key":"Damaru"},{"floor":24,"key":"WingedGreaves"},{"floor":24,"key":"Bag of Preparation"},{"floor":25,"key":"Bronze Scales"},{"floor":25,"key":"Gremlin Horn"},{"floor":27,"key":"HornCleat"},{"floor":27,"key":"Smiling Mask"},{"floor":30,"key":"Pear"},{"floor":30,"key":"Orichalcum"},{"floor":31,"key":"Mummified Hand"},{"floor":31,"key":"MawBank"},{"floor":40,"key":"StrikeDummy"},{"floor":40,"key":"Toy Ornithopter"},{"floor":42,"key":"Sundial"},{"floor":42,"key":"The Courier"},{"floor":43,"key":"Lantern"},{"floor":44,"key":"Regal Pillow"},{"floor":45,"key":"Centennial Puzzle"},{"floor":45,"key":"Whetstone"},{"floor":54,"key":"Dead Branch"},{"floor":54,"key":"Ornamental Fan"}],"event_choices":[{"damage_healed":0,"gold_gain":0,"player_choice":"Donut","damage_taken":0,"max_hp_gain":5,"max_hp_loss":0,"event_name":"Big Fish","floor":2,"gold_loss":0},{"damage_healed":0,"gold_gain":0,"cards_transformed":["Defend_P","Strike_P"],"player_choice":"Became Test Subject","damage_taken":0,"max_hp_gain":0,"max_hp_loss":0,"event_name":"Drug Dealer","floor":21,"gold_loss":0,"cards_obtained":["Fasting2","LessonLearned"]},{"damage_healed":0,"gold_gain":0,"player_choice":"Bought 2 Potions","damage_taken":0,"max_hp_gain":0,"max_hp_loss":0,"event_name":"The Woman in Blue","floor":37,"gold_loss":0},{"cards_removed":["Scrawl"],"damage_healed":6,"gold_gain":0,"player_choice":"Offered Rare","damage_taken":0,"max_hp_gain":10,"max_hp_loss":0,"event_name":"Bonfire Elementals","floor":46,"gold_loss":0}],"is_beta":false,"boss_relics":[{"not_picked":["Sozu","Pandora\u0027s Box"],"picked":"Black Star"},{"not_picked":["SacredBark","Snecko Eye"],"picked":"Astrolabe"}],"items_purged_floors":[41,53],"is_endless":false,"potions_floor_spawned":[1,8,10,12,14,20,25,29,31,36,40,42,45,47,54],"ascension_level":16}}