{"host":"khwpnvgc3av0w6xd","time":1614429783,"event":{"mods":["BaseMod","Block Reminder","Colored Map","DeckTracker","Highlight Path","Minty Spire (QoL Compilation)","Quick Restart"],"gold_per_floor":[113,113,132,132,152,152,188,188,211,248,248,274,20,45,45,45,45],"floor_reached":16,"language":"DEU","playtime":549,"items_purged":[],"score":149,"play_id":"a1885f1b-7801-4a8d-a70c-91d336a907ad","local_time":"20210227134303","is_ascension_mode":true,"campfire_choices":[{"data":"Eruption","floor":6,"key":"SMITH"},{"data":"ClearTheMind","floor":8,"key":"SMITH"},{"data":"Collect","floor":15,"key":"SMITH"}],"circlet_count":0,"master_deck":["Strike_P","Strike_P","Strike_P","Strike_P","Defend_P","Defend_P","Defend_P","Defend_P","Eruption+1","Vigilance","Dramatic Entrance","BowlingBash","Wallop","FlurryOfBlows","ClearTheMind+1","Prostrate","Collect+1","Brilliance"],"relics":["PureWater","CultistMask","CeramicFish","Bird Faced Urn","White Beast Statue","Toxic Egg 2"],"acts_visited":["Exordium"],"potions_floor_usage":[7,16,16],"damage_taken":[{"damage":1,"enemies":"2 Louse","floor":1,"turns":2},{"damage":0,"enemies":"Cultist","floor":3,"turns":2},{"damage":0,"enemies":"Small Slimes","floor":5,"turns":2},{"damage":0,"enemies":"Gremlin Nob","floor":7,"turns":2},{"damage":21,"enemies":"Lagavulin","floor":10,"turns":5},{"damage":0,"enemies":"2 Fungi Beasts","floor":12,"turns":2},{"damage":8,"enemies":"Blue Slaver","floor":14,"turns":2},{"damage":35,"enemies":"The Guardian","floor":16,"turns":8}],"seed_played":"-5136706564615211418","potions_obtained":[{"floor":1,"key":"BlessingOfTheForge"},{"floor":10,"key":"Ancient Potion"},{"floor":12,"key":"Fire Potion"},{"floor":14,"key":"BottledMiracle"}],"is_trial":false,"path_per_floor":["M","?","M","?","M","R","E","R","T","E","?","M","$","M","R","B"],"character_chosen":"WATCHER","items_purchased":["Toxic Egg 2"],"campfire_rested":0,"item_purchase_floors":[13],"current_hp_per_floor":[71,71,71,76,76,76,76,76,76,55,43,43,43,35,35,0,0],"gold":45,"neow_bonus":"RANDOM_COLORLESS","is_daily":false,"chose_seed":false,"campfire_upgraded":3,"win_rate":0.0,"timestamp":1614429783,"path_taken":["M","?","?","?","M","R","E","R","T","E","?","M","?","M","R","BOSS"],"items_purchased_type":["Relic"],"build_version":"2020-12-22","purchased_purges":0,"victory":false,"max_hp_per_floor":[72,72,72,77,77,77,77,77,77,77,77,77,77,77,77,77,77],"card_choices":[{"not_picked":["Discovery","PanicButton"],"picked":"Dramatic Entrance","floor":0},{"not_picked":["SashWhip","Consecrate"],"picked":"BowlingBash","floor":1},{"not_picked":["Pray","Consecrate"],"picked":"Wallop","floor":3},{"not_picked":["FollowUp","Consecrate"],"picked":"FlurryOfBlows","floor":5},{"not_picked":["Wireheading","ReachHeaven"],"picked":"ClearTheMind","floor":7},{"not_picked":["Wallop","Perseverance"],"picked":"Prostrate","floor":10},{"not_picked":["CrushJoints","SashWhip"],"picked":"Collect","floor":12},{"not_picked":["ThirdEye+1","CrushJoints"],"picked":"Brilliance","floor":14}],"player_experience":132171,"relics_obtained":[{"floor":7,"key":"CeramicFish"},{"floor":10,"key":"Bird Faced Urn"}],"event_choices":[{"damage_healed":0,"gold_gain":0,"player_choice":"Trade","damage_taken":0,"relics_obtained":["CultistMask"],"max_hp_gain":0,"max_hp_loss":0,"event_name":"FaceTrader","floor":2,"gold_loss":0},{"damage_healed":0,"gold_gain":0,"player_choice":"Donut","damage_taken":0,"max_hp_gain":5,"max_hp_loss":0,"event_name":"Big Fish","floor":4,"gold_loss":0},{"damage_healed":0,"gold_gain":0,"player_choice":"Success","damage_taken":12,"relics_obtained":["White Beast Statue"],"max_hp_gain":0,"max_hp_loss":0,"event_name":"Scrap Ooze","floor":11,"gold_loss":0}],"is_beta":false,"boss_relics":[],"items_purged_floors":[],"is_endless":false,"potions_floor_spawned":[1,10,12,14],"killed_by":"The Guardian","ascension_level":2}}