{"host":"709e3hc8hvltf42g","time":1614432004,"event":{"mods":["100% Spire Juice","ATMod(°¢èªMod)","Act Like it!","Arknights","Aspiration","BaseMod","CapriCore","Conspire","Downfall","Gensokyo","GungeonMod","Hallownest","Hermit","Library of Ruina","Library of Ruina Extra","Lobotomy","LobotomyExtend","Minty Spire (QoL Compilation)","MostiFishMod","Remilia£¨ÀÙÃ×ÀòÑÇ£©","StSLib","The Alterego","The Blackbeard","The Bug Knight","The Cursed","The Immortal","The Marked","Waifu the Spire","Yakumo Yukari mod","[GremlinLeader]The Maniac","[IsaacMod]ÒÔÈö¼âËþ","¡¾ÒÅÎï¿¨ÅÆ¡¿REMEMod"],"gold_per_floor":[143,179,179,179,242,306,371,410,475,475,475,624,624,738,784,784,990,990,1136,1234,1342,1032,1032,1032,1072,800,800,953,1115,1115,1122,693,693,774,816],"floor_reached":35,"language":"ZHS","playtime":1927,"items_purged":["LightDefense","LightDefense","LightAttack"],"score":626,"play_id":"6fd703f1-0ce2-4513-878a-cede79c46aea","local_time":"20210227212004","is_ascension_mode":true,"campfire_choices":[{"data":"MostiFishMod:SephirahHod","floor":12,"key":"SMITH"},{"floor":15,"key":"REST"},{"floor":23,"key":"DIG"},{"floor":29,"key":"DIG"},{"floor":32,"key":"DIG"}],"circlet_count":0,"master_deck":["Dodge+1","LightDefense","LightAttack","LightAttack","LightDefense+1","ChargeAndCover","FocusedStrikes","MostiFishMod:SephirahHod+1","SunsetBlade","TheRedNotes","Slice_lor","TrashDisposal","SteelKnuckles","ViolentFlame","Unlock1","ViolentFlame","CrackOfDawn","GuardingStance","ViolentFlame+1","TendonChords+1","Madness","Madness"],"relics":["PageOfLibrarian","HushsDoor","AT_ATBox","REME_ComplimentaryCards","DaveBox","AT_MibuBalloonWealth","MostiFishMod:Hod","SteamSale","SynthV:TestCard","SynthV:TestCard","LetterFromLob","Golden Idol","PageOfPorccubus","AT_BladeRuinedKing","Orichalcum","conspire:Dentures","DemoMod:MonsterBlood","Blue Candle","GreenFoldingFan","Shovel","aspiration:AnachronicSnailShell","Eternal Feather","Happy Flower","SalivaCoin","REME_CardOfGreed","Blood Vial","AT_BellDemon","HollowMod:LifeEnderRelic","War Paint","ScarletDevilRocket","PreservedInsect","SynthV","Ginger","DemoMod:PartiallyEatenCheese","PageOfTodaysShyLook"],"acts_visited":["Exordium","TheBeyond"],"potions_floor_usage":[28,28],"damage_taken":[{"damage":0,"enemies":"Jaw Worm","floor":1,"turns":2},{"damage":2,"enemies":"Jaw Worm","floor":1,"turns":3},{"damage":0,"enemies":"Small Slimes","floor":4,"turns":2},{"damage":0,"enemies":"Cultist","floor":5,"turns":4},{"damage":0,"enemies":"Gremlin Nob","floor":6,"turns":2},{"damage":0,"enemies":"Cultist","floor":7,"turns":1},{"damage":10,"enemies":"Lagavulin","floor":8,"turns":3},{"damage":0,"enemies":"3 Sentries","floor":11,"turns":3},{"damage":0,"enemies":"3 Sentries","floor":13,"turns":2},{"damage":0,"enemies":"Large Slime","floor":14,"turns":1},{"damage":3,"enemies":"Slime Boss","floor":16,"turns":3},{"damage":29,"enemies":"3 Darklings","floor":18,"turns":2},{"damage":6,"enemies":"3 Shapes","floor":19,"turns":3},{"damage":37,"enemies":"2 Orb Walkers","floor":20,"turns":3},{"damage":4,"enemies":"Spire Growth","floor":24,"turns":3},{"damage":4,"enemies":"3 Darklings","floor":27,"turns":2},{"damage":50,"enemies":"Nemesis","floor":28,"turns":3},{"damage":21,"enemies":"Time Eater","floor":33,"turns":7}],"seed_played":"-1634948254764778842","potions_obtained":[{"floor":6,"key":"CultistPotion"},{"floor":11,"key":"Ancient Potion"},{"floor":13,"key":"BlessingOfTheForge"}],"is_trial":false,"path_per_floor":["M","?","M","?","?","M","?","E","M","E","T","M","?","R","E","M","R","B",null,"M","M","?","$","?","R","M","$","T","M","E","R","?","$","R","B",null,null],"character_chosen":"Librarian","items_purchased":["aspiration:AnachronicSnailShell","Eternal Feather","SalivaCoin","REME_CardOfGreed","Blood Vial","SynthV","Ginger","DemoMod:PartiallyEatenCheese"],"campfire_rested":1,"item_purchase_floors":[21,21,25,25,25,31,31,31],"current_hp_per_floor":[60,65,48,33,33,35,35,39,31,31,31,42,42,44,44,71,69,69,54,58,35,35,61,61,61,61,61,62,33,45,36,36,48,75,75],"gold":816,"neow_bonus":"RANDOM_COMMON_RELIC","is_daily":false,"chose_seed":false,"campfire_upgraded":1,"win_rate":0.0,"timestamp":1614432004,"path_taken":["M","?","M","?","?","?","?","E","M","E","T","M","?","R","E","M","R","BOSS","M","M","?","$","?","R","?","$","T","M","E","R","?","?","R","BOSS"],"items_purchased_type":["Relic","Relic","Relic","Relic","Relic","Relic","Relic","Relic"],"build_version":"2020-12-22","purchased_purges":3,"victory":true,"max_hp_per_floor":[67,68,68,68,67,63,83,77,77,77,77,74,74,91,77,90,69,69,91,70,70,70,61,61,62,62,62,62,75,75,75,75,75,75,75],"card_choices":[{"not_picked":["FlowOfTheSword","AsThePrescriptOrders","GuardingStance","Decapitation","SnakesPrey","Parry2","FervidEmotions","MultiHit"],"picked":"SunsetBlade","floor":1},{"not_picked":["HandleRequest","Outburst","FleetFootsteps","FrontalAssault","BayonetCombat","CookingPrep","UnforgettableMelody","GuidanceOfTheGears","RushDown","SuppressingShot"],"picked":"TheRedNotes","floor":1},{"not_picked":["UnavoidableGaze","HandleRequest","FaintMemories","FrontalAssault","WillOfThePrescript","RatsGuideToSurvival","Juggling","StructuralAnalysis","BlazingStrike","FleetEdge","SparkingSpear","AsThePrescriptOrders"],"picked":"Slice_lor","floor":4},{"not_picked":["FierceCharge","Brawl","StrongStrike","ExtremeEdge","Faith","PreemptiveStrike","Unlock1","Pound","GrazeTheGrass","HandlingWork","Retaliate","SearingSword"],"picked":"TrashDisposal","floor":5},{"not_picked":["HiddenBlade","Thrust","RushDown","PreemptiveStrike","CutIn","Diversion","RepressedFlesh","BlindFaith","Suppress","ClassAndRespect","YoureTooSlow","WillBeTasty"],"picked":"SteelKnuckles","floor":6},{"not_picked":["Thrust","WaitUp","CoordinatedAssault","SerpentSwordTechnique","HandleRequest","TheArtOfRapidSteps","BlazingStrike","PinpointShot","NightInTheBackstreets","UpbeatPerformance","GatherIntel","EnergyShield"],"picked":"ViolentFlame","floor":7},{"not_picked":["FieryDragonSlash","Wallop_lor","SinglePointStab","Parry","ProselytesBlade","MultiHit","MindWhip","GrazeTheGrass","SerpentSwordTechnique","CircusKnives","Parry2","UnavoidableGaze","EnergyBeam"],"picked":"SKIP","floor":8},{"not_picked":["ProselytesBlade","ExtractFuel","IdentifyWeakpoint","FleetEdge","Gigigig","ConcentratedFire","UncannyStrike","SuanNi","TheWillOfTheCity","StrongStrike","ICanCookAnything","Wallop_lor"],"picked":"Unlock1","floor":11},{"not_picked":["SerpentSwordTechnique","GutHarvesting","WillProduceFineSilk","ShockRound","QuickAttack","SharpSwipe","SteelKnuckles","Endure","HiddenBlade","CleanUp","FleetFootsteps","BackstreetsDash","Standoff"],"picked":"SKIP","floor":13},{"not_picked":["Tttonst","PinpointShot","Ripple","BindingChains","UpbeatPerformance","QuickAttack","SerpentSwordTechnique","Fence","Wallop_lor","Outburst","DesperateStruggle","YoureAHindrance"],"picked":"ViolentFlame","floor":14},{"not_picked":["Cruelty","SavageMode","DaringDecision","RipSpace","Lock","RepressedFlesh"],"picked":"CrackOfDawn","floor":16},{"not_picked":["SilentMist+1","Leap_lor+1","GaleKick","HeavyPeaks+1","FlamingDragonFist","SetFire","EndlessBattle","QuickAttack+1","DarkCloud+1","FleetFootsteps+1","EnergyShield","ClassAndRespect+1"],"picked":"GuardingStance","floor":18},{"not_picked":["GuardingStance","Duel_lor","Leap_lor+1","ShockRound+1","BiAn","GuidanceOfTheGears+1","HighSpeedStabbing","BiXi+1","SharpSwipe","HandleRequest","DesperateStruggle+1","StrongStrike","GroundSmash"],"picked":"SKIP","floor":19},{"not_picked":["IllEndYou+1","Parry+1","EnergyShield+1","StayCalm+1","HighKick+1","Reload","EnergyStrike+1","SerpentineBarrier+1","TrashDisposal","ClassAndRespect+1","StrikeDown","Thrust+1"],"picked":"ViolentFlame+1","floor":20},{"not_picked":["Standoff+1","MultiHit","Leap_lor+1","AGoldenOpportunity+1","Multislash","SpearedSweep+1","Diversion+1","Concentration+1","TheRedNotes+1","Unlock1","ICanCookAnything","StructuralAnalysis","DarkCloud"],"picked":"SKIP","floor":24},{"not_picked":["OpportunitySpotted","TheWillOfTheCity","DesperateStruggle","UpbeatPerformance+1","NightInTheBackstreets","Punishment","SunsetBlade","HardRehearsal+1","MultiHit","QuickSuppression","SharpSwipe+1","EndlessBattle+1"],"picked":"TendonChords+1","floor":27},{"not_picked":["NightInTheBackstreets+1","SunsetBlade+1","RushDown","GreatSerpentsImpact","Parry2+1","Disposal","IdentifyWeakpoint+1","Bvapour","GrazeTheGrass+1","HighKick+1","SturdyDefense","Overpower+1","ViolentFlame"],"picked":"SKIP","floor":28}],"player_experience":279983,"relics_obtained":[{"floor":1,"key":"SynthV:TestCard"},{"floor":1,"key":"LetterFromLob"},{"floor":1,"key":"SynthV:TestCard"},{"floor":1,"key":"LetterFromLob"},{"floor":6,"key":"AT_BladeRuinedKing"},{"floor":8,"key":"Orichalcum"},{"floor":9,"key":"conspire:Dentures"},{"floor":11,"key":"DemoMod:MonsterBlood"},{"floor":13,"key":"Blue Candle"},{"floor":20,"key":"Shovel"},{"floor":23,"key":"Happy Flower"},{"floor":26,"key":"AT_BellDemon"},{"floor":27,"key":"HollowMod:LifeEnderRelic"},{"floor":28,"key":"War Paint"},{"floor":28,"key":"ScarletDevilRocket"},{"floor":29,"key":"PreservedInsect"},{"floor":32,"key":"PageOfTodaysShyLook"}],"event_choices":[{"damage_healed":0,"gold_gain":0,"player_choice":"Take Damage","damage_taken":17,"relics_obtained":["Golden Idol"],"max_hp_gain":0,"max_hp_loss":0,"event_name":"Golden Idol","floor":2,"gold_loss":0},{"damage_healed":0,"gold_gain":30,"player_choice":"Searched \u00272\u0027 times","damage_taken":0,"max_hp_gain":0,"max_hp_loss":0,"event_name":"Dead Adventurer","floor":11,"gold_loss":0},{"damage_healed":0,"gold_gain":0,"player_choice":"Fight","damage_taken":0,"max_hp_gain":0,"max_hp_loss":0,"event_name":"Mysterious Sphere","floor":20,"gold_loss":0},{"damage_healed":61,"gold_gain":0,"player_choice":"Heal","damage_taken":0,"max_hp_gain":0,"max_hp_loss":9,"event_name":"The Moai Head","floor":22,"gold_loss":0},{"damage_healed":0,"gold_gain":0,"player_choice":"Embrace Madness","damage_taken":9,"max_hp_gain":0,"max_hp_loss":0,"event_name":"Winding Halls","floor":30,"gold_loss":0,"cards_obtained":["Madness","Madness"]}],"is_beta":false,"boss_relics":[{"not_picked":["Sozu","EE1DDrone"],"picked":"GreenFoldingFan"},{"not_picked":[]}],"items_purged_floors":[21,25,31],"is_endless":false,"potions_floor_spawned":[6,11,13,14,16,20],"ascension_level":1}}