{"host":"v9oq5ccz01n9mezq","time":1614455878,"event":{"mods":["BaseMod","Colored Map","Minty Spire (QoL Compilation)","Relic Stats"],"gold_per_floor":[111,129,129,148,164,164,178,178,203,221,221,396,425,183,183,285,285,295,313,313,326,344,344,371,371,396,409,409,409],"floor_reached":28,"language":"ENG","playtime":1007,"items_purged":["Strike_B"],"score":254,"play_id":"05d6629b-e99a-4c1b-b471-7ee1ac079856","local_time":"20210227145758","is_ascension_mode":true,"campfire_choices":[{"data":"Defragment","floor":6,"key":"SMITH"},{"data":"Doom and Gloom","floor":8,"key":"SMITH"},{"data":"Genetic Algorithm","floor":11,"key":"SMITH"},{"data":"Apotheosis","floor":15,"key":"SMITH"},{"floor":23,"key":"REST"},{"floor":25,"key":"REST"}],"circlet_count":0,"master_deck":["Strike_B","Defend_B","Defend_B","Defend_B","Defend_B","Zap+1","Dualcast","Defragment+1","Streamline","Machine Learning","Lockon","Doom and Gloom+1","Genetic Algorithm+1","Doubt","Core Surge","Apotheosis+1","Rainbow","Compile Driver+1","Consume+1","Self Repair","Fission","Loop+1","Turbo+1","Meteor Strike","Loop"],"relics":["Cracked Core","Lantern","Happy Flower","Bronze Scales","Fusion Hammer","Omamori","Anchor"],"acts_visited":["Exordium","TheCity"],"potions_floor_usage":[16,16,19,22,28],"damage_taken":[{"damage":0,"enemies":"Small Slimes","floor":1,"turns":3},{"damage":0,"enemies":"2 Louse","floor":2,"turns":4},{"damage":1,"enemies":"Jaw Worm","floor":4,"turns":2},{"damage":9,"enemies":"Exordium Thugs","floor":5,"turns":4},{"damage":8,"enemies":"Red Slaver","floor":7,"turns":3},{"damage":7,"enemies":"Blue Slaver","floor":10,"turns":2},{"damage":25,"enemies":"Lagavulin","floor":13,"turns":5},{"damage":2,"enemies":"Hexaghost","floor":16,"turns":6},{"damage":7,"enemies":"Shell Parasite","floor":18,"turns":5},{"damage":11,"enemies":"2 Thieves","floor":19,"turns":3},{"damage":21,"enemies":"Snake Plant","floor":21,"turns":3},{"damage":12,"enemies":"Snecko","floor":22,"turns":5},{"damage":44,"enemies":"Slavers","floor":24,"turns":6},{"damage":21,"enemies":"3 Cultists","floor":27,"turns":5},{"damage":36,"enemies":"Gremlin Leader","floor":28,"turns":4}],"seed_played":"3997735831597758708","potions_obtained":[{"floor":1,"key":"DuplicationPotion"},{"floor":4,"key":"Dexterity Potion"},{"floor":10,"key":"SteroidPotion"},{"floor":13,"key":"CultistPotion"},{"floor":18,"key":"Fire Potion"},{"floor":27,"key":"ColorlessPotion"}],"is_trial":false,"path_per_floor":["M","M","?","M","M","R","M","R","T","M","R","?","E","$","R","B",null,"M","M","?","M","M","R","E","R","T","M","E"],"character_chosen":"DEFECT","items_purchased":["Apotheosis"],"campfire_rested":2,"item_purchase_floors":[14],"current_hp_per_floor":[75,75,75,74,65,65,57,57,57,50,50,50,25,25,25,23,75,68,57,57,36,31,53,19,41,41,27,0,0],"gold":409,"neow_bonus":"RANDOM_COMMON_RELIC","is_daily":false,"chose_seed":false,"campfire_upgraded":4,"win_rate":0.0,"timestamp":1614455878,"path_taken":["M","M","?","M","M","R","M","R","T","M","R","?","E","$","R","BOSS","M","M","?","M","M","R","E","R","T","M","E"],"items_purchased_type":["Card"],"build_version":"2020-12-22","purchased_purges":1,"victory":false,"max_hp_per_floor":[75,75,75,75,75,75,75,75,75,75,75,75,75,75,75,75,75,75,75,75,75,75,75,75,75,75,75,75,75],"relic_stats":{"Happy Flower":[14],"counters":[15,58],"Bronze Scales":[153],"obtain_stats":[{"Lantern":0,"Anchor":26,"Happy Flower":9,"Bronze Scales":13,"Fusion Hammer":17,"Omamori":24,"Cracked Core":0},{"Lantern":0,"Anchor":13,"Happy Flower":5,"Bronze Scales":7,"Fusion Hammer":8,"Omamori":13,"Cracked Core":0},{"Lantern":0,"Anchor":50,"Happy Flower":16,"Bronze Scales":23,"Fusion Hammer":29,"Omamori":50,"Cracked Core":0}]},"card_choices":[{"not_picked":["Coolheaded","Leap"],"picked":"Defragment","floor":1},{"not_picked":["Capacitor","Conserve Battery"],"picked":"Streamline","floor":2},{"not_picked":["Stack","Double Energy"],"picked":"Machine Learning","floor":4},{"not_picked":["Blizzard","Static Discharge"],"picked":"Lockon","floor":5},{"not_picked":["Recycle","Hologram"],"picked":"Doom and Gloom","floor":7},{"not_picked":["Ball Lightning","Stack"],"picked":"Genetic Algorithm","floor":10},{"not_picked":["Aggregate","Auto Shields"],"picked":"Core Surge","floor":13},{"not_picked":["Fission","Buffer"],"picked":"Rainbow","floor":16},{"not_picked":["Steam+1","Doom and Gloom"],"picked":"Compile Driver+1","floor":18},{"not_picked":["Go for the Eyes","Redo"],"picked":"Consume+1","floor":19},{"not_picked":["Conserve Battery","Redo"],"picked":"Loop+1","floor":21},{"not_picked":["Conserve Battery+1","Rebound"],"picked":"Turbo+1","floor":22},{"not_picked":["Cold Snap+1","Fusion"],"picked":"Meteor Strike","floor":24},{"not_picked":["Turbo+1","Beam Cell"],"picked":"Loop","floor":27}],"player_experience":152125,"relics_obtained":[{"floor":9,"key":"Happy Flower"},{"floor":13,"key":"Bronze Scales"},{"floor":24,"key":"Omamori"},{"floor":26,"key":"Anchor"}],"event_choices":[{"damage_healed":0,"gold_gain":0,"player_choice":"Grow","damage_taken":0,"max_hp_gain":0,"max_hp_loss":0,"event_name":"Living Wall","floor":3,"gold_loss":0,"cards_upgraded":["Zap"]},{"damage_healed":0,"gold_gain":175,"player_choice":"AGREE","damage_taken":0,"max_hp_gain":0,"max_hp_loss":0,"event_name":"Liars Game","floor":12,"gold_loss":0,"cards_obtained":["Doubt"]},{"damage_healed":0,"gold_gain":0,"cards_transformed":["Strike_B","Strike_B"],"player_choice":"Became Test Subject","damage_taken":0,"max_hp_gain":0,"max_hp_loss":0,"event_name":"Drug Dealer","floor":20,"gold_loss":0,"cards_obtained":["Self Repair","Fission"]}],"is_beta":false,"boss_relics":[{"not_picked":["Nuclear Battery","Sozu"],"picked":"Fusion Hammer"}],"items_purged_floors":[14],"is_endless":false,"potions_floor_spawned":[1,4,10,13,18,27],"killed_by":"Gremlin Leader","ascension_level":1}}