{"host":"d73an99q9oevilk5","time":1614441622,"event":{"mods":["2.2 Compatiblity","AchievementEnabler","Act Like it!","Aspiration","BaseMod","Beaked The Cultist","Better Third Choice","BetterRewards","Bossed Relics","Colored Map","Colored Powertips","Conspire","Downfall","GifTheSpireLib","GungeonMod","Halation","Hubris","Infinite Spire","Marisa????????","Mimic Mod","Minty Spire (QoL Compilation)","MostiFishMod","Quick Restart","Relic Sorter","Reliquary","Replay The Spire","Shop Mod","Spikes Relics","StSLib","Stuff the Spire","The Cursed","The Jungle","The Necromancer","The Saiyan","TheHero","Waifu the Spire","egg","slay the spire mod where everything is the same but ironclad has a cowboy hat"],"gold_per_floor":[0,11,24,34,3,71,94,94,94,94,148,166,166,79,104,243,243,243,316,316,167,245,245,245,312,338,338,338,381,400,400,444,571,571,571,623,713,727,727,627,653,396,396,296,296,310,392,292,307,307,307,397,253,253,255,275],"floor_reached":57,"language":"ENG","playtime":2347,"items_purged":[],"score":1710,"play_id":"066c5146-9773-4e56-baf0-01d83b50a76c","local_time":"20210227090022","is_ascension_mode":false,"campfire_choices":[{"floor":1,"key":"DIG"},{"data":"WitchOfGreed","floor":9,"key":"SMITH"},{"floor":13,"key":"REST"},{"data":"EnergyFlow","floor":18,"key":"SMITH"},{"data":"ChargingUp","floor":23,"key":"SMITH"},{"data":"PropBag","floor":28,"key":"SMITH"},{"floor":35,"key":"RECALL"},{"data":"FinalSpark","floor":40,"key":"SMITH"},{"data":"MysteriousBeam","floor":44,"key":"SMITH"},{"data":"GalacticHalo","floor":48,"key":"SMITH"},{"data":"DeepEcoloBomb","floor":54,"key":"SMITH"}],"circlet_count":0,"master_deck":["Strike_MRS","Strike_MRS","Defend_MRS","Defend_MRS","Defend_MRS","Defend_MRS","MasterSpark","UpSweep","TreasureHunter","MilkyWay","Robbery","GalacticHalo+1","WitchOfGreed+1","PropBag+1","EnergyFlow+1","ChargingUp+1","AsteroidBelt","MachineGunSpark","FinalSpark+1","MysteriousBeam+1","expansioncontent:GuardianWhirl","MagicAbsorber+1","Magnetism+1","DeepEcoloBomb+1"],"relics":["MiniHakkero","DaveBox","BirthdayGift-Icosahedron","Replay:Baseball","hubris:TinFlute","Blood Vial","Blue Doll","halation:IllGainedPizza","StuffTheSpire:SapphireSignet","ReplayTheSpireMod:Ninjato","ClockworkSouvenir","Mummified Hand","halation:VictoryRuler","hubris:RunicObelisk","MutagenicStrength","Omamori","Bottled Flame","Strange Spoon","aspiration:HatOfInfinitePower","reliquary:OuijaBoard","downfall:HeartBlessingRed","beaked:ShinyBauble","downfall:HeartBlessingBlue","hubris:PeanutButter","downfall:HeartBlessingGreen","aspiration:Lifesprig"],"acts_visited":[],"potions_floor_usage":[5,5,11,14,14,25,32,47,55,55,55],"damage_taken":[{"damage":0,"enemies":"Small Slimes","floor":2,"turns":2},{"damage":0,"enemies":"Jaw Worm","floor":3,"turns":2},{"damage":0,"enemies":"Cultist","floor":4,"turns":2},{"damage":0,"enemies":"downfall:FleeingMerchant","floor":5,"turns":4},{"damage":0,"enemies":"3 Sentries","floor":6,"turns":6},{"damage":0,"enemies":"Lagavulin","floor":11,"turns":5},{"damage":0,"enemies":"Blue Slaver","floor":12,"turns":2},{"damage":0,"enemies":"downfall:FleeingMerchant","floor":14,"turns":4},{"damage":0,"enemies":"3 Louse","floor":15,"turns":2},{"damage":0,"enemies":"IC_STATUS_ARCHETYPE","floor":16,"turns":7},{"damage":0,"enemies":"3 Byrds","floor":19,"turns":2},{"damage":0,"enemies":"Chosen","floor":22,"turns":3},{"damage":0,"enemies":"Gremlin Leader","floor":25,"turns":3},{"damage":0,"enemies":"Snake Plant","floor":26,"turns":3},{"damage":0,"enemies":"3 Cultists","floor":29,"turns":3},{"damage":0,"enemies":"Shelled Parasite and Fungi","floor":30,"turns":2},{"damage":0,"enemies":"Centurion and Healer","floor":32,"turns":3},{"damage":0,"enemies":"DF_ARCHETYPE_CLAW","floor":33,"turns":5},{"damage":0,"enemies":"3 Shapes","floor":36,"turns":2},{"damage":0,"enemies":"2 Orb Walkers","floor":37,"turns":4},{"damage":0,"enemies":"Orb Walker","floor":38,"turns":1},{"damage":0,"enemies":"Sphere and 2 Shapes","floor":46,"turns":1},{"damage":0,"enemies":"Nightmare","floor":47,"turns":4},{"damage":0,"enemies":"3 Darklings","floor":49,"turns":2},{"damage":0,"enemies":"WA_ARCHETYPE_DIVINITY","floor":50,"turns":3},{"damage":0,"enemies":"downfall:CharBossMerchant","floor":52,"turns":4},{"damage":0,"enemies":"downfall:NeowBoss","floor":55,"turns":7},{"damage":16,"enemies":"downfall:NeowBossFinal","floor":56,"turns":7}],"seed_played":"4251452777439319810","potions_obtained":[{"floor":3,"key":"DistilledChaos"},{"floor":4,"key":"Fire Potion"},{"floor":6,"key":"hexamod:SoulburnPotion"},{"floor":6,"key":"sneckomod:MuddlingPotion"},{"floor":12,"key":"Energy Potion"},{"floor":19,"key":"BlessingOfTheForge"},{"floor":19,"key":"sneckomod:MuddlingPotion"},{"floor":22,"key":"Elixir"},{"floor":25,"key":"sneckomod:MuddlingPotion"},{"floor":27,"key":"ShroomBrew"},{"floor":27,"key":"Weak Potion"},{"floor":32,"key":"Weak Potion"},{"floor":47,"key":"LiquidMemories"},{"floor":47,"key":"PowerPotion"}],"is_trial":false,"path_per_floor":["R_BF","M","M","M","$","E","T","?","R","?","E","M","R","$","M","B",null,"R","M","?","$","M","R","T","E","M","?","R","M","M","AVR","M","B",null,"R","M","?","M","?","R","T","$","?","R","?","M","NM","R","M","B",null,"E","$","R","B","B",null],"character_chosen":"MARISA","items_purchased":["WitchOfGreed","ClockworkSouvenir","Mummified Hand","Omamori","beaked:ShinyBauble","Magnetism+1","DeepEcoloBomb"],"campfire_rested":1,"item_purchase_floors":[5,14,14,21,42,53,53],"current_hp_per_floor":[75,75,75,75,75,75,75,75,75,35,38,41,63,66,69,72,75,75,75,75,75,75,75,75,75,75,75,75,75,75,75,75,75,75,75,75,75,75,75,75,75,75,75,85,85,85,85,85,85,85,85,85,85,85,85,70],"gold":275,"neow_bonus":"THREE_RARE_CARDS","is_daily":false,"chose_seed":false,"campfire_upgraded":8,"win_rate":0.0,"timestamp":1614441622,"path_taken":["R_BF","M","M","M","$","E","T","?","R","?","E","M","R","?","M","BOSS","R","M","?","$","M","R","T","E","M","?","R","M","?","AVR","M","BOSS","R","M","?","M","?","R","T","$","?","R","?","M","NM","R","M","BOSS","E","$","R","BOSS","BOSS"],"items_purchased_type":["Card","Relic","Relic","Relic","Relic","Card","Card"],"build_version":"2020-12-22","purchased_purges":0,"victory":true,"max_hp_per_floor":[75,75,75,75,75,75,75,75,75,75,75,75,75,75,75,75,75,75,75,75,75,75,75,75,75,75,75,75,75,75,75,75,75,75,75,75,75,75,75,75,75,75,75,85,85,85,85,85,85,85,85,85,85,85,85,85],"card_choices":[{"not_picked":["MaximisePower","ManaRampage"],"picked":"TreasureHunter","floor":0},{"not_picked":["SprinkleStarSeal","OrrerysSun"],"picked":"MilkyWay","floor":2},{"not_picked":["MeteoricShower","EventHorizon","SuperPerseids"],"picked":"SKIP","floor":3},{"not_picked":["DoubleSpark","6A"],"picked":"Robbery","floor":4},{"not_picked":["DoubleSpark","Robbery"],"picked":"GalacticHalo","floor":5},{"not_picked":["WitchOfGreed","DragonMeteor"],"picked":"PropBag","floor":6},{"not_picked":["Robbery","CollectingQuirk"],"picked":"EnergyFlow","floor":11},{"not_picked":["WitchOfGreed","GravityBeat","WitchLeyline"],"picked":"SKIP","floor":12},{"not_picked":["IllusionStar","AbsoluteMagnitude","UnstableBomb"],"picked":"SKIP","floor":14},{"not_picked":["RefractionSpark","SuperPerseids"],"picked":"ChargingUp","floor":15},{"not_picked":["UnstableBomb","DC+1","Orbital"],"picked":"SKIP","floor":19},{"not_picked":["LuminesStrike","GrandCross"],"picked":"AsteroidBelt","floor":22},{"not_picked":["MilkyWay","Occultation"],"picked":"MachineGunSpark","floor":25},{"not_picked":["MilkyWay","BinaryStars","MagicAbsorber"],"picked":"SKIP","floor":26},{"not_picked":["StarBarrage","Occultation","6A"],"picked":"SKIP","floor":29},{"not_picked":["ShootingEcho","OpenUniverse+1"],"picked":"FinalSpark","floor":30},{"not_picked":["ChargeUpSpray","6A"],"picked":"MysteriousBeam","floor":32},{"not_picked":["WitchOfGreed","PowerUp+1","MilkyWay+1"],"picked":"SKIP","floor":36},{"not_picked":["PowerUp+1","AsteroidBelt","ShootingEcho"],"picked":"SKIP","floor":38},{"not_picked":["expansioncontent:HyperBeam","expansioncontent:PrepareCrush"],"picked":"expansioncontent:GuardianWhirl","floor":43},{"not_picked":["Robbery","GasGiant+1"],"picked":"MagicAbsorber+1","floor":46},{"not_picked":["ManaConvection","MilkyWay+1","BigCrunch"],"picked":"SKIP","floor":47},{"not_picked":["GalacticHalo","Occultation+1","SporeBomb"],"picked":"SKIP","floor":49},{"not_picked":["Orbital+1","GalacticHalo","UnstableBomb+1"],"picked":"SKIP","floor":52}],"player_experience":2021342,"relics_obtained":[{"floor":1,"key":"Replay:Baseball"},{"floor":6,"key":"hubris:TinFlute"},{"floor":6,"key":"Blood Vial"},{"floor":7,"key":"Blue Doll"},{"floor":11,"key":"StuffTheSpire:SapphireSignet"},{"floor":11,"key":"ReplayTheSpireMod:Ninjato"},{"floor":16,"key":"halation:VictoryRuler"},{"floor":24,"key":"Bottled Flame"},{"floor":33,"key":"aspiration:HatOfInfinitePower"},{"floor":37,"key":"reliquary:OuijaBoard"},{"floor":47,"key":"hubris:PeanutButter"},{"floor":52,"key":"aspiration:Lifesprig"}],"event_choices":[{"damage_healed":0,"gold_gain":1,"player_choice":"Relic ","damage_taken":40,"max_hp_gain":0,"max_hp_loss":0,"event_name":"betterThird:BetterScrap","floor":10,"gold_loss":0,"cards_obtained":["Phantasmal Killer"]},{"damage_healed":0,"gold_gain":0,"player_choice":"Inject Mutagens","damage_taken":0,"relics_obtained":["MutagenicStrength"],"max_hp_gain":0,"max_hp_loss":0,"event_name":"Drug Dealer","floor":20,"gold_loss":0},{"damage_healed":0,"gold_gain":0,"player_choice":"Got Potions","damage_taken":0,"max_hp_gain":0,"max_hp_loss":0,"event_name":"Lab","floor":27,"gold_loss":0},{"damage_healed":0,"gold_gain":0,"player_choice":"Fight","damage_taken":0,"max_hp_gain":0,"max_hp_loss":0,"event_name":"Mysterious Sphere","floor":37,"gold_loss":0}],"is_beta":false,"boss_relics":[{"not_picked":["halation:ForbiddenBikini","conspire:RoyalGoblet"],"picked":"hubris:RunicObelisk"},{"not_picked":["Pandora\u0027s Box","GuanYuAspect","Replay:Drink Me"]}],"items_purged_floors":[],"is_endless":false,"potions_floor_spawned":[3,4,6,12,22,25,29,30,36,46,47],"ascension_level":0}}