{"host":"yobtt7pjhlphl8u1","time":1614433625,"event":{"mods":["AchievementEnabler","Act Like it!","BaseMod","Colored Powertips","Minty Spire (QoL Compilation)","MostiFishMod","Quick Restart","StSLib","UnlockEverythingMod","Weighted Paths","[IsaacMod]ÒÔÈö¼âËþ"],"gold_per_floor":[118,118,118,193,211,245,263,275,275,290,310,310,321,321,321,398,398,411,511,529,338,338,338,23,23,23,56,72,101,38,128,128,200,200,211,230,230,244,269,294,307,317,317,335,335,-1065,-1033,-1023,-1023,-1009,-1009,-1009,-1009,-974,-855,-855],"floor_reached":55,"language":"ZHS","playtime":2429,"items_purged":["Strike_G","Strike_G","Strike_G","Defend_G","MostiFishMod:VineMother"],"score":1908,"play_id":"bab737c4-dc6d-4b45-8a41-58c13d9beac3","local_time":"20210227214704","is_ascension_mode":true,"campfire_choices":[{"data":"Cloak And Dagger","floor":12.0,"key":"SMITH"},{"data":"Neutralize","floor":15.0,"key":"SMITH"},{"data":"Accuracy","floor":23.0,"key":"SMITH"},{"data":"Storm of Steel","floor":32.0,"key":"SMITH"},{"floor":49.0,"key":"RECALL"},{"data":"After Image","floor":52.0,"key":"SMITH"}],"circlet_count":0,"master_deck":["AscendersBane","Survivor","EpicFetus+1","Backflip","Cloak And Dagger+1","Backstab","Storm of Steel+1","MostiFishMod:Kaleido","Accuracy+1","Acrobatics","MostiFishMod:LethalBlade","MostiFishMod:Kaleido","Backflip","After Image+1","Tactician","Terror","Prepared","MostiFishMod:WinterMarkForm","Doppelganger","Envenom","MostiFishMod:OneDayCity","Acrobatics+1"],"relics":["Ring of the Snake","DaveBox","HushsDoor","SteamSale","PatriotShield","NeowsBlessing","SynthV:TestCard","HowToJump","Matryoshka","BloodWine","GuppysCollar","ImprovedEquipment","Civilization","TheBean","Vajra","DeadEye","Pocketwatch","Letter Opener","Pandora\u0027s Box","Unceasing Top","Juzu Bracelet","SalivaCoin","SynthV:MejaisSoulstealer","Potion Belt","Mummified Hand"],"acts_visited":["Exordium","TheCity","TheBeyond","TheEnding"],"potions_floor_usage":[55,55,55,55,55,55],"damage_taken":[{"damage":0.0,"enemies":"Small Slimes","floor":1.0,"turns":2.0},{"damage":0.0,"enemies":"2 Louse","floor":5.0,"turns":1.0},{"damage":0.0,"enemies":"Lagavulin","floor":6.0,"turns":1.0},{"damage":0.0,"enemies":"Jaw Worm","floor":7.0,"turns":2.0},{"damage":0.0,"enemies":"Large Slime","floor":8.0,"turns":3.0},{"damage":3.0,"enemies":"Blue Slaver","floor":10.0,"turns":2.0},{"damage":0.0,"enemies":"Red Slaver","floor":11.0,"turns":1.0},{"damage":0.0,"enemies":"2 Fungi Beasts","floor":13.0,"turns":1.0},{"damage":10.0,"enemies":"The Guardian","floor":16.0,"turns":5.0},{"damage":0.0,"enemies":"3 Byrds","floor":18.0,"turns":2.0},{"damage":0.0,"enemies":"Shell Parasite","floor":20.0,"turns":2.0},{"damage":0.0,"enemies":"Slavers","floor":27.0,"turns":2.0},{"damage":0.0,"enemies":"Snake Plant","floor":28.0,"turns":1.0},{"damage":0.0,"enemies":"Gremlin Leader","floor":29.0,"turns":3.0},{"damage":0.0,"enemies":"Collector","floor":33.0,"turns":3.0},{"damage":0.0,"enemies":"3 Shapes","floor":35.0,"turns":2.0},{"damage":0.0,"enemies":"Orb Walker","floor":36.0,"turns":2.0},{"damage":0.0,"enemies":"Transient","floor":38.0,"turns":5.0},{"damage":0.0,"enemies":"Mind Bloom Boss Battle","floor":39.0,"turns":1.0},{"damage":0.0,"enemies":"Reptomancer","floor":40.0,"turns":1.0},{"damage":0.0,"enemies":"Spire Growth","floor":41.0,"turns":2.0},{"damage":0.0,"enemies":"Sphere and 2 Shapes","floor":42.0,"turns":2.0},{"damage":0.0,"enemies":"4 Shapes","floor":44.0,"turns":1.0},{"damage":0.0,"enemies":"Giant Head","floor":47.0,"turns":1.0},{"damage":0.0,"enemies":"3 Darklings","floor":48.0,"turns":2.0},{"damage":0.0,"enemies":"Time Eater","floor":50.0,"turns":5.0},{"damage":0.0,"enemies":"Shield and Spear","floor":54.0,"turns":2.0},{"damage":321,"enemies":"Delirium","floor":55,"turns":9}],"seed_played":"9121273816790848122","potions_obtained":[{"floor":1.0,"key":"ColorlessPotion"},{"floor":6.0,"key":"Strength Potion"},{"floor":7.0,"key":"Fruit Juice"},{"floor":16.0,"key":"EntropicBrew"},{"floor":47.0,"key":"GamblersBrew"},{"floor":48.0,"key":"PowerPotion"}],"is_trial":false,"path_per_floor":["M","?","?","?","M","E","M","M","T","M","M","R","M","?","R","B",null,"M","?","M","$","?","R","$","?","T","E","M","E","$","?","R","B",null,"M","M","?","M","?","E","M","M","T","M","?","$","E","M","R","B",null,"R","$","E","B"],"character_chosen":"THE_SILENT","items_purchased":["GhostInAJar","GuppysCollar","MostiFishMod:Kaleido","ImprovedEquipment","Acrobatics","Civilization","TheBean","MostiFishMod:Kaleido","Backflip","Envenom","SynthV:MejaisSoulstealer"],"campfire_rested":0,"item_purchase_floors":[17,17,17,21,21,24,24,24,24,34,46],"current_hp_per_floor":[59,59,39,28,28,28,33,33,33,30,30,30,30,30,30,20,39,39,39,39,39,39,39,39,39,39,42,46,51,51,39,39,44,49,54,59,59,64,69,74,79,84,84,89,89,89,94,99,99,104,106,106,106,111,0,0],"gold":-855,"neow_bonus":"THREE_ENEMY_KILL","is_daily":false,"chose_seed":false,"campfire_upgraded":5,"win_rate":0.0,"timestamp":1614433624,"path_taken":["M","?","?","?","M","E","M","?","T","M","M","R","M","?","R","BOSS","M","?","?","$","?","R","$","?","T","E","M","E","$","?","R","BOSS","M","M","?","M","?","E","M","M","T","M","?","?","E","M","R","BOSS","R","$","E","BOSS"],"items_purchased_type":["Potion","Relic","Card","Relic","Card","Relic","Relic","Card","Card","Card","Relic"],"build_version":"2020-12-22","purchased_purges":5,"victory":false,"max_hp_per_floor":[66,66,66,66,66,66,71,71,71,71,71,71,71,71,71,71,45,45,45,45,45,45,45,45,45,45,48,52,57,57,57,57,62,51,56,61,61,66,71,76,81,86,86,91,91,91,96,101,101,106,106,106,106,111,111,111],"card_choices":[{"not_picked":[],"picked":"EpicFetus","floor":0.0},{"not_picked":["MostiFishMod:PerfectParry","Masterful Stab","Expertise"],"picked":"SKIP","floor":1.0},{"not_picked":["Eviscerate","PiercingWail","Finisher","Dash"],"picked":"Backflip","floor":5.0},{"not_picked":["Tools of the Trade","Quick Slash","Noxious Fumes","Dagger Throw"],"picked":"Cloak And Dagger","floor":6.0},{"not_picked":["Outmaneuver","Cloak And Dagger","Flying Knee","Blade Dance"],"picked":"MostiFishMod:VineMother","floor":7.0},{"not_picked":["Bane","Dagger Throw","Poisoned Stab","Prepared","MostiFishMod:PreservedThorns"],"picked":"SKIP","floor":8.0},{"not_picked":["Skewer","Glass Knife","Blade Dance","Terror"],"picked":"Backstab","floor":10.0},{"not_picked":["Outmaneuver","Choke","Bomb","Bouncing Flask","Quick Slash"],"picked":"SKIP","floor":11.0},{"not_picked":["Dagger Spray","Choke","All Out Attack","Bomb","MostiFishMod:PoisonShield"],"picked":"SKIP","floor":13.0},{"not_picked":["Malaise","Unload","After Image","MostiFishMod:HiddenBlade"],"picked":"Storm of Steel","floor":16.0},{"not_picked":["MostiFishMod:PoisonShield","MostiFishMod:PreservedThorns","Blade Dance","Slice","Outmaneuver"],"picked":"SKIP","floor":18.0},{"not_picked":["Cloak And Dagger","MostiFishMod:Opportunism","MostiFishMod:PerfectParry","All Out Attack"],"picked":"Accuracy","floor":19.0},{"not_picked":["Prepared","Flying Knee","Dagger Throw","PiercingWail","Cloak And Dagger"],"picked":"SKIP","floor":20.0},{"not_picked":["Bouncing Flask","MostiFishMod:PreservedThorns+1","MostiFishMod:ThornCasing","Sucker Punch+1","Terror"],"picked":"SKIP","floor":27.0},{"not_picked":["Flying Knee","Prepared","Dagger Throw","Distraction+1","Eviscerate"],"picked":"SKIP","floor":28.0},{"not_picked":["Footwork","Prepared","Caltrops+1","Calculated Gamble+1","Choke"],"picked":"SKIP","floor":29.0},{"not_picked":["Doppelganger","Storm of Steel","MostiFishMod:Neurotoxin","Glass Knife"],"picked":"After Image","floor":33.0},{"not_picked":["Expertise","Underhanded Strike","Bane","MostiFishMod:ThornCasing","Sucker Punch"],"picked":"SKIP","floor":35.0},{"not_picked":["Backflip","Poisoned Stab","Dagger Spray","Cloak And Dagger","Noxious Fumes"],"picked":"SKIP","floor":36.0},{"not_picked":["SuicideKing","Forethought","Enlightenment","Jack Of All Trades"],"picked":"MostiFishMod:OneDayCity","floor":37.0},{"not_picked":["Flying Knee+1","Slice","MostiFishMod:VineMother","Dagger Throw+1","Deadly Poison"],"picked":"SKIP","floor":38.0},{"not_picked":["MostiFishMod:ThornCasing+1","Prepared","Endless Agony","Cloak And Dagger","Reflex"],"picked":"SKIP","floor":40.0},{"not_picked":["Bouncing Flask","Predator+1","Blade Dance","Deadly Poison"],"picked":"Acrobatics+1","floor":41.0},{"not_picked":["Prepared","Deadly Poison","Cloak And Dagger","Eviscerate","Blade Dance+1"],"picked":"SKIP","floor":42.0},{"not_picked":["Acrobatics+1","Underhanded Strike","Poisoned Stab","Flechettes","Infinite Blades"],"picked":"SKIP","floor":44.0},{"not_picked":["Skewer","Leg Sweep","Heel Hook+1","MostiFishMod:Neurotoxin","MostiFishMod:InvigoratingSolution+1"],"picked":"SKIP","floor":47.0},{"not_picked":["Eviscerate+1","Quick Slash","Deadly Poison","Terror","Deflect"],"picked":"SKIP","floor":48.0},{"not_picked":["Terror","Dagger Spray","Noxious Fumes","Backflip","Blade Dance+1"],"picked":"SKIP","floor":54.0}],"player_experience":6498,"relics_obtained":[{"floor":1.0,"key":"SynthV:TestCard"},{"floor":6.0,"key":"HowToJump"},{"floor":9.0,"key":"Matryoshka"},{"floor":26.0,"key":"Vajra"},{"floor":26.0,"key":"DeadEye"},{"floor":27.0,"key":"Pocketwatch"},{"floor":29.0,"key":"Letter Opener"},{"floor":39.0,"key":"Unceasing Top"},{"floor":40.0,"key":"Juzu Bracelet"},{"floor":43.0,"key":"SalivaCoin"},{"floor":47.0,"key":"Potion Belt"},{"floor":54.0,"key":"Mummified Hand"}],"event_choices":[{"damage_healed":0.0,"max_hp_gain":0.0,"max_hp_loss":0.0,"gold_gain":0.0,"event_name":"Liars Game","player_choice":"Ignored","floor":2.0,"gold_loss":0.0,"damage_taken":0.0},{"damage_healed":0.0,"max_hp_gain":0.0,"max_hp_loss":0.0,"gold_gain":0.0,"event_name":"Shining Light","player_choice":"Entered Light","floor":3.0,"gold_loss":0.0,"damage_taken":20.0,"cards_upgraded":["Defend_G","EpicFetus"]},{"damage_healed":0.0,"max_hp_gain":0.0,"max_hp_loss":0.0,"gold_gain":75.0,"event_name":"World of Goop","player_choice":"Gather Gold","floor":4.0,"gold_loss":0.0,"damage_taken":11.0},{"cards_removed":["Strike_G"],"damage_healed":0.0,"max_hp_gain":0.0,"max_hp_loss":0.0,"gold_gain":0.0,"event_name":"Golden Wing","player_choice":"Card Removal","floor":14.0,"gold_loss":0.0,"damage_taken":7.0},{"damage_healed":0.0,"max_hp_gain":0.0,"max_hp_loss":0.0,"gold_gain":0.0,"event_name":"The Library","player_choice":"Read","floor":22.0,"gold_loss":0.0,"damage_taken":0.0,"cards_obtained":["MostiFishMod:LethalBlade"]},{"damage_healed":0.0,"max_hp_gain":0.0,"max_hp_loss":0.0,"gold_gain":0.0,"event_name":"The Mausoleum","player_choice":"Ignored","floor":25.0,"gold_loss":0.0,"damage_taken":0.0},{"damage_healed":0.0,"max_hp_gain":0.0,"max_hp_loss":0.0,"gold_gain":90.0,"event_name":"Knowing Skull","player_choice":"GOLD ","floor":31.0,"potions_obtained":[],"gold_loss":0.0,"damage_taken":12.0,"cards_obtained":[]},{"damage_healed":0.0,"max_hp_gain":0.0,"max_hp_loss":0.0,"gold_gain":0.0,"event_name":"SensoryStone","player_choice":"Memory 1","floor":37.0,"gold_loss":0.0,"damage_taken":0.0},{"damage_healed":0.0,"max_hp_gain":0.0,"max_hp_loss":0.0,"gold_gain":0.0,"event_name":"MindBloom","player_choice":"Fight","floor":39.0,"gold_loss":0.0,"damage_taken":0.0},{"cards_removed":["Neutralize"],"damage_healed":0.0,"max_hp_gain":0.0,"max_hp_loss":0.0,"gold_gain":0.0,"event_name":"Falling","player_choice":"Removed Attack","floor":45.0,"gold_loss":0.0,"damage_taken":0.0}],"is_beta":false,"boss_relics":[{"not_picked":["EE1DDrone","Runic Pyramid"],"picked":"BloodWine"},{"not_picked":[]},{"not_picked":["Fusion Hammer","Runic Dome"],"picked":"Pandora\u0027s Box"},{"not_picked":[]}],"items_purged_floors":[17,21,24,30,34],"is_endless":false,"potions_floor_spawned":[1,6,7,16,18,20,33,35,36,40,42,47,48],"killed_by":"Delirium","ascension_level":15}}