{"host":"ul3z8ex5o8l5j7mh","time":1614448569,"event":{"mods":["2.2 Compatiblity","AchievementEnabler","BaseMod","Bestiary","Colored Map","Colored Powertips","Curses Come First","DeckTracker","Highlight Path","Keyboard Shortcuts","Minty Spire (QoL Compilation)","Relic Sorter","Relic Stats","StSLib","SuperFastMode"],"gold_per_floor":[115,115,130,130,41,75,75,103,103,103,116,138,49,59,59,59,59],"floor_reached":16,"language":"ENG","playtime":896,"items_purged":[],"score":149,"play_id":"c73a008a-2ed0-4e1c-a20a-762f5948444c","local_time":"20210227185609","is_ascension_mode":true,"campfire_choices":[{"floor":7,"key":"REST"},{"data":"Forethought","floor":10,"key":"SMITH"},{"data":"Forethought","floor":15,"key":"SMITH"}],"circlet_count":0,"master_deck":["Strike_R","Strike_R+1","Strike_R","Strike_R","Strike_R","Defend_R","Defend_R","Defend_R","Defend_R+1","Bash","Shrug It Off","Intimidate","Forethought+1","Impervious","Rage","Thunderclap","Forethought+1"],"relics":["Burning Blood","Pocketwatch","Meat on the Bone","PreservedInsect","CeramicFish"],"acts_visited":["Exordium"],"potions_floor_usage":[6,16],"damage_taken":[{"damage":16,"enemies":"2 Louse","floor":1,"turns":2},{"damage":0,"enemies":"Jaw Worm","floor":3,"turns":5},{"damage":16,"enemies":"3 Sentries","floor":6,"turns":8},{"damage":18,"enemies":"Lagavulin","floor":8,"turns":8},{"damage":0,"enemies":"Cultist","floor":11,"turns":5},{"damage":5,"enemies":"3 Louse","floor":12,"turns":4},{"damage":2,"enemies":"Blue Slaver","floor":14,"turns":7},{"damage":61,"enemies":"Hexaghost","floor":16,"turns":11}],"seed_played":"-3129642234945758314","potions_obtained":[{"floor":3,"key":"CultistPotion"},{"floor":8,"key":"Block Potion"},{"floor":11,"key":"Dexterity Potion"}],"is_trial":false,"path_per_floor":["M","?","M","?","$","E","R","E","T","R","M","M","$","M","R","B"],"character_chosen":"IRONCLAD","items_purchased":["Forethought","Forethought"],"campfire_rested":1,"item_purchase_floors":[5,13],"current_hp_per_floor":[41,41,47,31,31,21,45,45,45,45,51,52,52,56,56,0,0],"gold":59,"neow_bonus":"ONE_RARE_RELIC","is_daily":false,"chose_seed":false,"campfire_upgraded":2,"win_rate":0.0,"timestamp":1614448569,"path_taken":["M","?","M","?","?","E","R","E","T","R","?","M","$","M","R","BOSS"],"items_purchased_type":["Card","Card"],"build_version":"2020-12-22","purchased_purges":0,"victory":false,"max_hp_per_floor":[80,80,80,80,80,80,80,80,80,80,80,80,80,80,80,80,80],"relic_stats":{"counters":[8,50],"CeramicFish":18,"PreservedInsect":0,"obtain_stats":[{"CeramicFish":9,"PreservedInsect":8,"Burning Blood":0,"Pocketwatch":0,"Meat on the Bone":6},{"CeramicFish":4,"PreservedInsect":4,"Burning Blood":0,"Pocketwatch":0,"Meat on the Bone":3},{"CeramicFish":23,"PreservedInsect":23,"Burning Blood":0,"Pocketwatch":0,"Meat on the Bone":15}],"Burning Blood":42,"Pocketwatch":[63],"Meat on the Bone":12},"card_choices":[{"not_picked":["Clothesline","Metallicize"],"picked":"Shrug It Off","floor":1},{"not_picked":["Havoc","True Grit"],"picked":"Intimidate","floor":3},{"not_picked":["Disarm","Cleave"],"picked":"Impervious","floor":6},{"not_picked":["Second Wind","Sword Boomerang"],"picked":"Rage","floor":8},{"not_picked":["Metallicize","Battle Trance","Body Slam"],"picked":"SKIP","floor":11},{"not_picked":["Heavy Blade","Battle Trance"],"picked":"Thunderclap","floor":12},{"not_picked":["Dark Embrace","Sword Boomerang","Dual Wield"],"picked":"SKIP","floor":14}],"player_experience":455390,"relics_obtained":[{"floor":6,"key":"Meat on the Bone"},{"floor":8,"key":"PreservedInsect"},{"floor":9,"key":"CeramicFish"}],"event_choices":[{"damage_healed":0,"gold_gain":0,"player_choice":"Ignored","damage_taken":0,"max_hp_gain":0,"max_hp_loss":0,"event_name":"Liars Game","floor":2,"gold_loss":0},{"damage_healed":0,"gold_gain":0,"player_choice":"Entered Light","damage_taken":16,"max_hp_gain":0,"max_hp_loss":0,"event_name":"Shining Light","floor":4,"gold_loss":0,"cards_upgraded":["Defend_R","Strike_R"]}],"is_beta":false,"boss_relics":[],"items_purged_floors":[],"is_endless":false,"potions_floor_spawned":[3,8,11],"killed_by":"Hexaghost","ascension_level":7}}