{"host":"Christian","time":1614455495,"event":{"mods":["BaseMod","Bestiary","Block Reminder","DeckTracker","Minty Spire (QoL Compilation)","Relic Stats","StSLib"],"gold_per_floor":[117,117,117,127,39,72,72,106,106,106,150,180,216,74,74,154,190,218,250,200,16,16,47,47,72,72,72,116,147,147,147],"floor_reached":30,"language":"ENG","playtime":1439,"items_purged":["Dualcast","Zap"],"score":722,"play_id":"7e886d4b-6edc-4768-af81-45e0f73c2213","local_time":"20210227135135","is_ascension_mode":true,"campfire_choices":[{"data":"Scrape","floor":10,"key":"SMITH"},{"data":"Hologram","floor":15,"key":"SMITH"},{"data":"Reprogram","floor":24,"key":"SMITH"}],"circlet_count":0,"master_deck":["AscendersBane","Buffer+1","Gash+1","Beam Cell+1","Gash+1","Compile Driver","Sweeping Beam","Go for the Eyes","Hyperbeam+1","Scrape+1","Conserve Battery","Genetic Algorithm","Reprogram+1","Hologram+1","Melter","All For One","Machine Learning+1","Seek","Compile Driver","Tempest","Auto Shields","Leap","BootSequence","Go for the Eyes","Conserve Battery","Amplify","Fusion","Rebound"],"relics":["Astrolabe","Prayer Wheel","Pantograph","Pocketwatch","CeramicFish","Pandora\u0027s Box","Dream Catcher","Emotion Chip"],"acts_visited":["Exordium","TheCity"],"potions_floor_usage":[19,23,28],"damage_taken":[{"damage":0.0,"enemies":"Small Slimes","floor":1.0,"turns":4.0},{"damage":0.0,"enemies":"2 Louse","floor":4.0,"turns":3.0},{"damage":0.0,"enemies":"Gremlin Nob","floor":6.0,"turns":4.0},{"damage":0,"enemies":"3 Sentries","floor":8,"turns":3},{"damage":0,"enemies":"Gremlin Nob","floor":11,"turns":3},{"damage":0,"enemies":"Cultist","floor":12,"turns":2},{"damage":7,"enemies":"Looter","floor":13,"turns":3},{"damage":16,"enemies":"Hexaghost","floor":16,"turns":6},{"damage":0,"enemies":"Spheric Guardian","floor":18,"turns":4},{"damage":6,"enemies":"3 Byrds","floor":19,"turns":2},{"damage":5,"enemies":"Book of Stabbing","floor":23,"turns":5},{"damage":17,"enemies":"Snake Plant","floor":25,"turns":4},{"damage":30,"enemies":"Gremlin Leader","floor":28,"turns":5},{"damage":0,"enemies":"Centurion and Healer","floor":29,"turns":4},{"damage":13,"enemies":"Slavers","floor":30,"turns":1}],"seed_played":"-251919487648683071","potions_obtained":[{"floor":4.0,"key":"Ancient Potion"},{"floor":6.0,"key":"AttackPotion"},{"floor":8,"key":"Dexterity Potion"},{"floor":23,"key":"FocusPotion"},{"floor":25,"key":"Block Potion"}],"is_trial":false,"path_per_floor":["M","?","?","M","$","E","?","E","T","R","E","M","M","$","R","B",null,"M","M","?","$","$","E","R","M","T","$","E","M","E"],"character_chosen":"DEFECT","items_purchased":["Sweeping Beam","Go for the Eyes","All For One","DistilledChaos"],"campfire_rested":0,"item_purchase_floors":[5,5,14,21],"current_hp_per_floor":[64,43,36,36,36,36,36,36,36,36,36,36,29,29,29,38,63,63,57,57,57,57,52,52,35,35,35,5,5,0,0],"gold":147,"neow_bonus":"BOSS_RELIC","is_daily":false,"chose_seed":false,"campfire_upgraded":3,"win_rate":0.0,"timestamp":1614455495,"path_taken":["M","?","?","M","$","E","?","E","T","R","E","M","M","$","R","BOSS","M","M","?","?","$","E","R","M","T","$","E","M","E"],"items_purchased_type":["Card","Card","Card","Potion"],"build_version":"2020-12-18","purchased_purges":2,"victory":false,"max_hp_per_floor":[71,71,71,71,71,71,71,71,71,71,71,71,71,71,71,71,71,71,71,71,71,71,71,71,71,71,71,71,71,71,71],"relic_stats":{"Dream Catcher":0,"Emotion Chip":[0,0,0,0,0],"counters":[15,53],"Astrolabe":["Buffer","Gash","Beam Cell"],"Pantograph":25,"CeramicFish":162,"Prayer Wheel":6,"Pandora\u0027s Box":["Seek","Compile Driver","Tempest","Auto Shields"],"obtain_stats":[{"Dream Catcher":23,"Emotion Chip":28,"Astrolabe":0,"Pantograph":8,"CeramicFish":11,"Prayer Wheel":6,"Pandora\u0027s Box":17,"Cracked Core":0,"Pocketwatch":9},{"Dream Catcher":11,"Emotion Chip":13,"Astrolabe":0,"Pantograph":4,"CeramicFish":5,"Prayer Wheel":3,"Pandora\u0027s Box":8,"Cracked Core":0,"Pocketwatch":4},{"Dream Catcher":39,"Emotion Chip":48,"Astrolabe":0,"Pantograph":14,"CeramicFish":17,"Prayer Wheel":11,"Pandora\u0027s Box":28,"Cracked Core":0,"Pocketwatch":14}],"Pocketwatch":[18]},"card_choices":[{"not_picked":["Barrage","Conserve Battery"],"picked":"Gash","floor":1.0},{"not_picked":["Cold Snap","Heatsinks"],"picked":"Compile Driver","floor":4.0},{"not_picked":["Ball Lightning","Barrage"],"picked":"Hyperbeam","floor":6.0},{"not_picked":["Steam","Go for the Eyes"],"picked":"Scrape","floor":8},{"not_picked":["White Noise","Barrage"],"picked":"Conserve Battery","floor":11},{"not_picked":["Sweeping Beam","Self Repair"],"picked":"Genetic Algorithm","floor":12},{"not_picked":["Barrage","Auto Shields"],"picked":"Reprogram","floor":12},{"not_picked":["Doom and Gloom","White Noise"],"picked":"Hologram","floor":13},{"not_picked":["Recycle","Go for the Eyes"],"picked":"Melter","floor":13},{"not_picked":["Electrodynamics","Core Surge"],"picked":"Machine Learning","floor":16},{"not_picked":["Glacier","Streamline"],"picked":"Leap","floor":18},{"not_picked":["Storm","Lockon","Doom and Gloom"],"picked":"SKIP","floor":18},{"not_picked":["Thunder Strike","Glacier"],"picked":"BootSequence","floor":19},{"not_picked":["Cold Snap","Reprogram"],"picked":"Go for the Eyes","floor":19},{"not_picked":["Coolheaded","Reprogram","Ball Lightning"],"picked":"SKIP","floor":23},{"not_picked":["Cold Snap","Rip and Tear"],"picked":"Conserve Battery","floor":25},{"not_picked":["Beam Cell","Streamline","Lockon"],"picked":"SKIP","floor":25},{"not_picked":["Redo","Compile Driver+1"],"picked":"Amplify","floor":28},{"not_picked":["Sweeping Beam","Streamline"],"picked":"Fusion","floor":29},{"not_picked":["Coolheaded+1","Darkness+1"],"picked":"Rebound","floor":29}],"player_experience":126269,"relics_obtained":[{"floor":6.0,"key":"Prayer Wheel"},{"floor":8,"key":"Pantograph"},{"floor":9,"key":"Pocketwatch"},{"floor":11,"key":"CeramicFish"},{"floor":23,"key":"Dream Catcher"},{"floor":28,"key":"Emotion Chip"}],"event_choices":[{"damage_healed":0.0,"max_hp_gain":0.0,"max_hp_loss":0.0,"gold_gain":0.0,"event_name":"Shining Light","player_choice":"Entered Light","floor":2.0,"gold_loss":0.0,"damage_taken":21.0,"cards_upgraded":["Strike_B","Gash"]},{"cards_removed":["Strike_B"],"damage_healed":0.0,"max_hp_gain":0.0,"max_hp_loss":0.0,"gold_gain":0.0,"event_name":"Golden Wing","player_choice":"Card Removal","floor":3.0,"gold_loss":0.0,"damage_taken":7.0},{"damage_healed":0.0,"max_hp_gain":0.0,"max_hp_loss":0.0,"gold_gain":0.0,"event_name":"Living Wall","player_choice":"Grow","floor":7.0,"gold_loss":0.0,"damage_taken":0.0,"cards_upgraded":["Hyperbeam"]},{"damage_healed":0,"gold_gain":0,"player_choice":"Upgrade","damage_taken":0,"max_hp_gain":0,"max_hp_loss":0,"event_name":"Designer","floor":20,"gold_loss":50,"cards_upgraded":["Machine Learning"]}],"is_beta":true,"boss_relics":[{"not_picked":["Sozu","Empty Cage"],"picked":"Pandora\u0027s Box"}],"items_purged_floors":[14,21],"is_endless":false,"potions_floor_spawned":[4,6,8,13,23,25],"killed_by":"Slavers","ascension_level":20}}