{"host":"28wgp68li8o525n6","time":1614459947,"event":{"mods":["BaseMod","Minty Spire (QoL Compilation)","Reliquary","StSLib","The Marked","Trackpad"],"gold_per_floor":[113,113,131,149,74,74,107,107,175,175,193,206,220,254,254,349,349,364,117,131,46,65,65,97,97,174,174,107,107,120,132,132,236,236,251,251,264,279,73,105,105,105,185,185,203,203,203,213,213,213,213],"floor_reached":50,"language":"ENG","playtime":2794,"items_purged":["theMarked:Strike","theMarked:Strike","theMarked:Strike+1"],"score":627,"play_id":"e2bd4b41-3ce7-4f03-9afc-642c27ff1713","local_time":"20210227220547","is_ascension_mode":true,"campfire_choices":[{"data":"theMarked:TurnInvisible","floor":6,"key":"SMITH"},{"data":"theMarked:AttractMetal","floor":8,"key":"SMITH"},{"data":"theMarked:SoldierOfQuellstein","floor":10,"key":"SMITH"},{"data":"1","floor":15,"key":"LIFT"},{"data":"theMarked:Abjuration","floor":23,"key":"SMITH"},{"data":"2","floor":25,"key":"LIFT"},{"data":"3","floor":27,"key":"LIFT"},{"data":"theMarked:StartUp","floor":32,"key":"SMITH"},{"floor":41,"key":"REST"},{"data":"theMarked:MysticalArsenal","floor":44,"key":"SMITH"},{"floor":47,"key":"REST"},{"floor":49,"key":"REST"}],"circlet_count":0,"master_deck":["theMarked:Strike+1","theMarked:Defend+1","theMarked:Defend+1","theMarked:Defend+1","theMarked:Defend+1","theMarked:SoldierOfQuellstein+1","theMarked:TurnInvisible+1","theMarked:BanishingStrike","theMarked:AttractMetal+1","theMarked:WardOff","theMarked:BanishingStrike","theMarked:WardOff","theMarked:Abjuration+1","theMarked:Abjuration","theMarked:Friction","theMarked:StartUp+1","theMarked:RepellingDischarge+1","theMarked:BindingBlade","theMarked:MysticalArsenal+1"],"relics":["theMarked:ArtifactOfAir","Akabeko","Mercury Hourglass","Girya","Sozu","Medical Kit","Mercury Hourglass","trackpad:SneckoScepter","Pear","theMarked:Eyepatch","Singing Bowl","Shuriken"],"acts_visited":["Exordium","TheCity","TheBeyond"],"potions_floor_usage":[7,48,50],"damage_taken":[{"damage":1,"enemies":"Small Slimes","floor":1,"turns":4},{"damage":0,"enemies":"2 Louse","floor":3,"turns":3},{"damage":9,"enemies":"Jaw Worm","floor":4,"turns":4},{"damage":10,"enemies":"Lagavulin","floor":7,"turns":6},{"damage":0,"enemies":"3 Louse","floor":11,"turns":2},{"damage":0,"enemies":"Lots of Slimes","floor":12,"turns":3},{"damage":0,"enemies":"Blue Slaver","floor":13,"turns":3},{"damage":3,"enemies":"Gremlin Nob","floor":14,"turns":4},{"damage":21,"enemies":"The Guardian","floor":16,"turns":10},{"damage":9,"enemies":"Shell Parasite","floor":18,"turns":3},{"damage":7,"enemies":"2 Thieves","floor":20,"turns":4},{"damage":0,"enemies":"Snecko","floor":22,"turns":2},{"damage":27,"enemies":"Slavers","floor":24,"turns":5},{"damage":4,"enemies":"Cultist and Chosen","floor":30,"turns":3},{"damage":0,"enemies":"Sentry and Sphere","floor":31,"turns":2},{"damage":25,"enemies":"Automaton","floor":33,"turns":9},{"damage":3,"enemies":"3 Shapes","floor":35,"turns":4},{"damage":0,"enemies":"Orb Walker","floor":37,"turns":3},{"damage":1,"enemies":"Sphere and 2 Shapes","floor":38,"turns":3},{"damage":66,"enemies":"Reptomancer","floor":40,"turns":7},{"damage":12,"enemies":"Maw","floor":45,"turns":6},{"damage":43,"enemies":"Writhing Mass","floor":48,"turns":5},{"damage":76,"enemies":"Donu and Deca","floor":50,"turns":9}],"seed_played":"-8417243070076281178","potions_obtained":[{"floor":3,"key":"theMarked:ChargePotion"},{"floor":7,"key":"Regen Potion"},{"floor":13,"key":"theMarked:HoverShot"},{"floor":16,"key":"LiquidBronze"}],"is_trial":false,"path_per_floor":["M","?","M","M","$","R","E","R","T","R","M","M","M","E","R","B",null,"M","$","M","?","M","R","E","R","T","R","$","?","M","M","R","B",null,"M","?","M","M","$","E","R","$","T","R","M","?","R","M","R","B"],"character_chosen":"THE_DEFAULT","items_purchased":["Medical Kit","theMarked:StartUp","theMarked:MysticalArsenal"],"campfire_rested":3,"item_purchase_floors":[19,28,39],"current_hp_per_floor":[71,76,76,67,67,67,57,57,57,57,57,57,57,54,54,33,77,68,68,61,61,61,61,34,34,44,44,44,44,40,40,40,15,87,84,84,84,83,83,19,45,45,45,45,35,35,60,33,59,0,0],"gold":213,"neow_bonus":"ONE_RANDOM_RARE_CARD","is_daily":false,"chose_seed":false,"campfire_upgraded":6,"win_rate":0.0,"timestamp":1614459947,"path_taken":["M","?","M","M","$","R","E","R","T","R","M","M","M","E","R","BOSS","M","$","M","?","M","R","E","R","T","R","$","?","M","M","R","BOSS","M","?","M","M","$","E","R","$","T","R","M","?","R","M","R","BOSS"],"items_purchased_type":["Relic","Card","Card"],"build_version":"2020-12-22","purchased_purges":3,"victory":false,"max_hp_per_floor":[72,77,77,77,77,77,77,77,77,77,77,77,77,77,77,77,77,77,77,77,77,77,77,77,77,87,87,87,87,87,87,87,87,87,87,87,87,87,87,89,89,89,89,89,91,86,86,88,88,88,88],"card_choices":[{"not_picked":["theMarked:ChainLightning","theMarked:ResourceFulStrike"],"picked":"theMarked:BanishingStrike","floor":1},{"not_picked":["theMarked:HeightenedSenses","theMarked:RepellingDischarge"],"picked":"theMarked:AttractMetal","floor":3},{"not_picked":["theMarked:Parkour","theMarked:ContemptForTheProud"],"picked":"theMarked:WardOff","floor":4},{"not_picked":["theMarked:TakeCover","theMarked:TwofoldDefense"],"picked":"theMarked:BanishingStrike","floor":7},{"not_picked":["theMarked:EnhanceMovement","theMarked:Standoff"],"picked":"theMarked:WardOff","floor":11},{"not_picked":["theMarked:EnhanceMovement","theMarked:TakeCover","theMarked:CreepingChasm"],"picked":"SKIP","floor":12},{"not_picked":["theMarked:Frustration","theMarked:GodGivenPower","theMarked:Overcharge"],"picked":"SKIP","floor":13},{"not_picked":["theMarked:WastefulAttack","theMarked:SelfDefenseTraining","theMarked:TwofoldDefense"],"picked":"SKIP","floor":14},{"not_picked":["theMarked:Challenge","theMarked:MagusForm"],"picked":"theMarked:Abjuration","floor":16},{"not_picked":["theMarked:ChainLightning","theMarked:ElectricStrings+1","theMarked:WastefulAttack+1"],"picked":"SKIP","floor":18},{"not_picked":["theMarked:WastefulAttack","theMarked:RepellingDischarge"],"picked":"theMarked:Abjuration","floor":20},{"not_picked":["theMarked:OneWithTheBlade+1","theMarked:BanishingStrike","theMarked:ElectricStrings"],"picked":"SKIP","floor":22},{"not_picked":["theMarked:ElectricStrings","theMarked:ChainLightning+1"],"picked":"theMarked:Friction","floor":24},{"not_picked":["theMarked:SwordAndMagic","theMarked:Aftermath+1"],"picked":"theMarked:RepellingDischarge+1","floor":30},{"not_picked":["theMarked:UnarmedFury","theMarked:Aftermath+1","theMarked:SwordAndMagic"],"picked":"SKIP","floor":31},{"not_picked":["theMarked:TurnInvisible","theMarked:Defy"],"picked":"theMarked:BindingBlade","floor":33},{"not_picked":["theMarked:EmpowerWeapon","theMarked:TwofoldDefense+1","theMarked:TakeCover"],"picked":"SKIP","floor":35},{"not_picked":["theMarked:AttractMetal","theMarked:TheMission","theMarked:Frustration+1"],"picked":"SKIP","floor":37},{"not_picked":["theMarked:BanishingStrike","theMarked:Improvise+1","theMarked:OneWithTheBlade"],"picked":"SKIP","floor":38},{"not_picked":["theMarked:ChainLightning+1","theMarked:SelfDefenseTraining+1","theMarked:Levitate"],"picked":"Singing Bowl","floor":40},{"not_picked":["theMarked:ShockingTouch+1","theMarked:ParalyzingBlade+1","theMarked:BanishingStrike"],"picked":"Singing Bowl","floor":45},{"not_picked":["theMarked:Static+1","theMarked:ChainLightning","theMarked:Improvise+1"],"picked":"Singing Bowl","floor":48}],"player_experience":805612,"relics_obtained":[{"floor":7,"key":"Akabeko"},{"floor":9,"key":"Mercury Hourglass"},{"floor":14,"key":"Girya"},{"floor":24,"key":"trackpad:SneckoScepter"},{"floor":26,"key":"Pear"},{"floor":40,"key":"Singing Bowl"},{"floor":43,"key":"Shuriken"}],"event_choices":[{"damage_healed":0,"gold_gain":0,"player_choice":"Donut","damage_taken":0,"max_hp_gain":5,"max_hp_loss":0,"event_name":"Big Fish","floor":2,"gold_loss":0},{"damage_healed":0,"gold_gain":0,"player_choice":"Obtained Relic","damage_taken":0,"relics_obtained":["reliquary:SculptingSteel"],"max_hp_gain":0,"max_hp_loss":0,"event_name":"Addict","floor":21,"gold_loss":85},{"damage_healed":0,"gold_gain":0,"player_choice":"Simplicity","damage_taken":0,"max_hp_gain":0,"max_hp_loss":0,"event_name":"Back to Basics","floor":29,"gold_loss":0,"cards_upgraded":["theMarked:Strike","theMarked:Strike","theMarked:Strike","theMarked:Defend","theMarked:Defend","theMarked:Defend","theMarked:Defend"]},{"cards_removed":["theMarked:Strike"],"damage_healed":0,"gold_gain":0,"player_choice":"Removed Attack","damage_taken":0,"max_hp_gain":0,"max_hp_loss":0,"event_name":"Falling","floor":36,"gold_loss":0},{"damage_healed":0,"gold_gain":0,"player_choice":"Max HP","damage_taken":0,"max_hp_gain":0,"max_hp_loss":5,"event_name":"Winding Halls","floor":46,"gold_loss":0}],"is_beta":false,"boss_relics":[{"not_picked":["Coffee Dripper","trackpad:Coffee"],"picked":"Sozu"},{"not_picked":["reliquary:Craggleroot","Velvet Choker"],"picked":"theMarked:Eyepatch"}],"items_purged_floors":[5,19,39],"is_endless":false,"potions_floor_spawned":[3,7,13,16,18,20,22,33,37,38,48],"killed_by":"Donu and Deca","ascension_level":4}}