{"host":"5tnftuc8o0gay6lt","time":1614387404,"event":{"mods":["BaseMod","Better Match","Better Note","Better Sensory Stone","Better Skull","Better Third Choice","BetterRewards","Colored Powertips","Conspire","Downfall","Marisa£®ÏF”Í°°ƒß¿Ì…≥£©","Minty Spire (QoL Compilation)","Permanent Neow","Relic Filter Mod","Remilia£®¿Ÿ√◊¿Ú—«£©","Replay The Spire","Spicy Shops","StSLib","SuperFastMode","Td1madao Mod","The Gatherer","The Runesmith","°æ“≈ŒÔø®≈∆°øREMEMod"],"gold_per_floor":[117,136,148,161,176,176,204,204,204,204,204,272,286,302,302,403,403,423,404,454,454],"floor_reached":20,"language":"ZHS","playtime":1689,"items_purged":["expansioncontent:DashGenerateEvil","Runesmith:Strike_RS"],"score":280,"play_id":"051b80e0-c78c-4997-bc08-b7aa95de0ed8","local_time":"20210227085644","is_ascension_mode":false,"campfire_choices":[{"data":"Runesmith:PoweredAnvil","floor":6.0,"key":"SMITH"},{"data":"Runesmith:Permafrost","floor":8.0,"key":"SMITH"},{"data":"Runesmith:CraftFirestone","floor":10.0,"key":"SMITH"},{"data":"Runesmith:HammerThrow","floor":15.0,"key":"SMITH"}],"circlet_count":0,"master_deck":["Runesmith:Strike_RS","Runesmith:Strike_RS","Runesmith:Strike_RS","Runesmith:Defend_RS","Runesmith:Defend_RS","Runesmith:Defend_RS","Runesmith:Defend_RS","Runesmith:CraftFirestone+1","Runesmith:Fortify","Runesmith:PoweredAnvil+1","Runesmith:Grindstone","Runesmith:HammerThrow+1","Runesmith:Permafrost+1","Runesmith:GrandSlam","Runesmith:CraftMagma"],"relics":["Runesmith:BrokenRuby","REME_ComplimentaryCards","Ancient Tea Set","PreservedInsect","Omamori","SsserpentHead","Painkiller Herb"],"acts_visited":["Exordium","TheCity"],"potions_floor_usage":[],"damage_taken":[{"damage":2.0,"enemies":"Cultist","floor":1.0,"turns":5.0},{"damage":0.0,"enemies":"2 Louse","floor":2.0,"turns":2.0},{"damage":0.0,"enemies":"Jaw Worm","floor":3.0,"turns":4.0},{"damage":9.0,"enemies":"Lots of Slimes","floor":4.0,"turns":6.0},{"damage":6.0,"enemies":"Large Slime","floor":5.0,"turns":7.0},{"damage":9.0,"enemies":"3 Sentries","floor":7.0,"turns":8.0},{"damage":1.0,"enemies":"Gremlin Gang","floor":12.0,"turns":5.0},{"damage":5.0,"enemies":"Looter","floor":13.0,"turns":4.0},{"damage":1.0,"enemies":"Exordium Thugs","floor":14.0,"turns":5.0},{"damage":26.0,"enemies":"Slime Boss","floor":16.0,"turns":14.0},{"damage":2.0,"enemies":"Spheric Guardian","floor":18.0,"turns":4.0},{"damage":5.0,"enemies":"2 Thieves","floor":19.0,"turns":4.0}],"seed_played":"8937265567630016650","potions_obtained":[{"floor":3.0,"key":"Energy Potion"},{"floor":4.0,"key":"FearPotion"},{"floor":5.0,"key":"bronze:BurnAndBuffPotion"},{"floor":12.0,"key":"Energy Potion"}],"is_trial":false,"path_per_floor":["M","M","M","M","M","R","E","R","T","R","?","M","M","M","R","B",null,"?","?","?"],"character_chosen":"RUNESMITH_CLASS","items_purchased":["Runesmith:PoweredAnvil","Ancient Tea Set"],"campfire_rested":0,"item_purchase_floors":[0,0],"current_hp_per_floor":[59,59,59,50,44,44,35,35,35,35,35,34,29,28,28,2,70,68,63,63,63],"gold":454,"neow_bonus":"","is_daily":false,"chose_seed":false,"campfire_upgraded":4,"win_rate":0.0,"timestamp":1614387404,"path_taken":["M","M","?","M","?","R","E","R","T","R","?","?","M","M","R","BOSS","?","?","?"],"items_purchased_type":["Card","Relic"],"build_version":"2020-12-22","purchased_purges":2,"victory":false,"max_hp_per_floor":[70,70,70,70,70,70,70,70,70,70,70,70,70,70,70,70,70,70,70,70,70],"card_choices":[{"not_picked":["Runesmith:BackupBattery","Runesmith:Accelerate"],"picked":"Runesmith:Grindstone","floor":1.0},{"not_picked":["Runesmith:Malloc","Runesmith:Repurpose"],"picked":"Runesmith:HammerThrow","floor":2.0},{"not_picked":["Runesmith:StaticCage","Runesmith:HammerThrow","Runesmith:MakeshiftArmor"],"picked":"SKIP","floor":3.0},{"not_picked":["Runesmith:Prism","Runesmith:HeatedChisel","Runesmith:Retool"],"picked":"SKIP","floor":4.0},{"not_picked":["Runesmith:CraftMagma","Runesmith:Terraform"],"picked":"Runesmith:Permafrost","floor":5.0},{"not_picked":["Runesmith:BackupBattery","Runesmith:Reinforce","Runesmith:FieryHammer"],"picked":"SKIP","floor":7.0},{"not_picked":["Runesmith:Empowerment","Runesmith:FrozenChisel","Runesmith:HeatExchange"],"picked":"SKIP","floor":12.0},{"not_picked":["Runesmith:UnstableHammer","Runesmith:HammerThrow","Runesmith:PerfectChisel"],"picked":"SKIP","floor":13.0},{"not_picked":["Runesmith:NegativeSpace","Runesmith:Overpower","Runesmith:Duplicate"],"picked":"SKIP","floor":14.0},{"not_picked":["Runesmith:CraftMedicinae","Runesmith:Supernova"],"picked":"Runesmith:GrandSlam","floor":16.0},{"not_picked":["Runesmith:Superposition+1","Runesmith:Overpower","Runesmith:ShiftingStrike"],"picked":"SKIP","floor":18.0},{"not_picked":["Runesmith:PerfectChisel","Runesmith:Overpower"],"picked":"Runesmith:CraftMagma","floor":19.0}],"player_experience":643417,"relics_obtained":[{"floor":7.0,"key":"PreservedInsect"},{"floor":9.0,"key":"Omamori"}],"event_choices":[{"damage_healed":0.0,"max_hp_gain":0.0,"max_hp_loss":0.0,"gold_gain":0.0,"event_name":"FaceTrader","player_choice":"Trade","floor":11.0,"gold_loss":0.0,"damage_taken":0.0,"relics_obtained":["SsserpentHead"]},{"damage_healed":0,"gold_gain":0,"player_choice":"Ignored","damage_taken":0,"max_hp_gain":0,"max_hp_loss":0,"event_name":"betterNote:BetterNote","floor":20,"gold_loss":0,"cards_obtained":["Gatherer:TacticalStrike"]}],"is_beta":false,"boss_relics":[{"not_picked":["Runesmith:PocketReactor","Ring of Chaos"],"picked":"Painkiller Herb"}],"items_purged_floors":[0,0],"is_endless":false,"potions_floor_spawned":[3,4,5,12,13,14],"ascension_level":0}}