{"host":"ekdm9k8smkjw8x9v","time":1614448857,"event":{"mods":["BaseMod","Hermit","Minty Spire (QoL Compilation)","Relic Stats","StSLib"],"gold_per_floor":[115,125,300,78,78,78,97,97,146,160,176,201,218,231,231,331,331,343,343,353,386,386,386,397,408,408,423,423,522,539,539,539],"floor_reached":31,"language":"RUS","playtime":1566,"items_purged":["Doubt"],"score":233,"play_id":"0c2c3f5c-87b0-4d8e-8f21-5a1be893a8ac","local_time":"20210228010057","is_ascension_mode":false,"campfire_choices":[{"data":"hermit:Snapshot","floor":6,"key":"SMITH"},{"data":"hermit:Reprieve","floor":8,"key":"SMITH"},{"data":"hermit:CalledShot","floor":15,"key":"SMITH"},{"floor":23,"key":"REST"},{"floor":28,"key":"REST"}],"circlet_count":0,"master_deck":["hermit:Strike_Hermit","hermit:Strike_Hermit","hermit:Strike_Hermit","hermit:Defend_Hermit","hermit:Defend_Hermit","hermit:Defend_Hermit","hermit:Snapshot+1","hermit:Covet","hermit:CalledShot+1","hermit:HighCaliber","hermit:Virtue","hermit:Gestalt","Decay","hermit:Reprieve+1","hermit:WideOpen","hermit:Determination","hermit:Dive","hermit:Feint","hermit:Misfire","hermit:FromBeyond","hermit:TrackingShot","hermit:Ricochet","hermit:Deadeye","hermit:Headshot+1","hermit:SprayPray+1","hermit:CursedWeapon+1","hermit:Spite","hermit:Snipe+1","hermit:Manifest"],"relics":["hermit:Momento","Bronze Scales","Odd Mushroom","hermit:BartenderGlass","Red Mask","Molten Egg 2"],"acts_visited":["Exordium","TheCity"],"potions_floor_usage":[16,16,16,18,18,20,20,20,21,21,22,25,25,25,27,27,30],"damage_taken":[{"damage":0,"enemies":"Cultist","floor":1,"turns":4},{"damage":1,"enemies":"Jaw Worm","floor":2,"turns":4},{"damage":0,"enemies":"Small Slimes","floor":7,"turns":4},{"damage":9,"enemies":"Blue Slaver","floor":10,"turns":4},{"damage":2,"enemies":"Large Slime","floor":11,"turns":6},{"damage":19,"enemies":"The Mushroom Lair","floor":12,"turns":5},{"damage":0,"enemies":"3 Louse","floor":13,"turns":3},{"damage":2,"enemies":"2 Fungi Beasts","floor":14,"turns":3},{"damage":29,"enemies":"Hexaghost","floor":16,"turns":9},{"damage":10,"enemies":"3 Byrds","floor":18,"turns":3},{"damage":12,"enemies":"2 Thieves","floor":20,"turns":3},{"damage":36,"enemies":"Masked Bandits","floor":21,"turns":5},{"damage":0,"enemies":"3 Cultists","floor":22,"turns":2},{"damage":10,"enemies":"Snake Plant","floor":24,"turns":3},{"damage":8,"enemies":"Chosen and Byrds","floor":25,"turns":2},{"damage":18,"enemies":"Centurion and Healer","floor":27,"turns":5},{"damage":35,"enemies":"3 Cultists","floor":30,"turns":6}],"seed_played":"-3251767662275887243","potions_obtained":[{"floor":2,"key":"Dexterity Potion"},{"floor":7,"key":"ColorlessPotion"},{"floor":14,"key":"BlessingOfTheForge"},{"floor":16,"key":"AttackPotion"},{"floor":18,"key":"Swift Potion"},{"floor":25,"key":"BlessingOfTheForge"},{"floor":30,"key":"Regen Potion"}],"is_trial":false,"path_per_floor":["M","M","?","$","?","R","M","R","T","M","M","?","M","M","R","B",null,"M","?","M","?","M","R","M","M","T","M","R","?","M","?"],"character_chosen":"HERMIT","items_purchased":["hermit:Virtue","hermit:Gestalt"],"campfire_rested":2,"item_purchase_floors":[4,4],"current_hp_per_floor":[75,74,74,74,74,74,74,74,74,65,63,44,52,54,54,33,75,69,69,61,29,29,51,41,33,33,15,37,37,6,0,0],"gold":539,"neow_bonus":"TRANSFORM_CARD","is_daily":false,"chose_seed":false,"campfire_upgraded":3,"win_rate":0.0,"timestamp":1614448857,"path_taken":["M","M","?","$","?","R","M","R","T","?","M","?","M","M","R","BOSS","M","?","M","?","M","R","M","M","T","M","R","?","M","?"],"items_purchased_type":["Card","Card"],"build_version":"2020-12-22","purchased_purges":1,"victory":false,"max_hp_per_floor":[75,75,75,75,75,75,75,75,75,75,75,75,75,75,75,75,75,75,75,75,75,75,75,75,75,75,75,75,75,75,75,75],"relic_stats":{"counters":[17,71],"Bronze Scales":[260],"obtain_stats":[{"Bronze Scales":9,"hermit:BartenderGlass":17,"Molten Egg 2":26,"Red Mask":21,"Odd Mushroom":12,"hermit:Momento":0},{"Bronze Scales":3,"hermit:BartenderGlass":9,"Molten Egg 2":15,"Red Mask":12,"Odd Mushroom":6,"hermit:Momento":0},{"Bronze Scales":12,"hermit:BartenderGlass":42,"Molten Egg 2":60,"Red Mask":53,"Odd Mushroom":27,"hermit:Momento":0}]},"card_choices":[{"not_picked":["hermit:Manifest","hermit:LowProfile"],"picked":"hermit:DeadMansHand","floor":1},{"not_picked":["hermit:Cheat","hermit:LowProfile"],"picked":"hermit:HighCaliber","floor":2},{"not_picked":["hermit:FullyLoaded","hermit:Glare"],"picked":"hermit:Reprieve","floor":7},{"not_picked":["hermit:BodyArmor","hermit:Manifest"],"picked":"hermit:WideOpen","floor":10},{"not_picked":["hermit:ItchyTrigger","hermit:Snipe"],"picked":"hermit:Determination","floor":11},{"not_picked":["hermit:DeadMansHand","hermit:BodyArmor"],"picked":"hermit:Dive","floor":12},{"not_picked":["hermit:Ricochet","hermit:Desperado"],"picked":"hermit:Feint","floor":13},{"not_picked":["hermit:Virtue","hermit:Ricochet"],"picked":"hermit:Misfire","floor":14},{"not_picked":["hermit:RoundhouseKick","hermit:HeroicBravado"],"picked":"hermit:FromBeyond","floor":16},{"not_picked":["hermit:HoleUp+1","hermit:Dive"],"picked":"hermit:TrackingShot","floor":18},{"not_picked":["hermit:Dive","hermit:HoleUp"],"picked":"hermit:Headshot+1","floor":20},{"not_picked":["hermit:Vantage","hermit:Feint"],"picked":"hermit:SprayPray+1","floor":21},{"not_picked":["hermit:Quickdraw","hermit:OverwhelmingPower"],"picked":"hermit:CursedWeapon+1","floor":24},{"not_picked":["hermit:Scavenge+1","hermit:Headshot+1"],"picked":"hermit:Spite","floor":25},{"not_picked":["hermit:TakeAim","hermit:TakeCover+1"],"picked":"hermit:Snipe+1","floor":27},{"not_picked":["hermit:TrackingShot+1","hermit:NoHoldsBarred+1"],"picked":"hermit:Manifest","floor":30}],"player_experience":258037,"relics_obtained":[{"floor":9,"key":"Bronze Scales"},{"floor":12,"key":"Odd Mushroom"},{"floor":21,"key":"Red Mask"},{"floor":26,"key":"Molten Egg 2"}],"event_choices":[{"damage_healed":0,"gold_gain":175,"player_choice":"AGREE","damage_taken":0,"max_hp_gain":0,"max_hp_loss":0,"event_name":"Liars Game","floor":3,"gold_loss":0,"cards_obtained":["Doubt"]},{"damage_healed":0,"gold_gain":0,"player_choice":"Cursed","damage_taken":0,"max_hp_gain":0,"max_hp_loss":0,"event_name":"Wheel of Change","floor":5,"gold_loss":0,"cards_obtained":["Decay"]},{"damage_healed":0,"gold_gain":0,"player_choice":"Fought Mushrooms","damage_taken":0,"max_hp_gain":0,"max_hp_loss":0,"event_name":"Mushrooms","floor":12,"gold_loss":0},{"damage_healed":0,"gold_gain":0,"cards_transformed":["hermit:Defend_Hermit","hermit:DeadMansHand"],"player_choice":"Became Test Subject","damage_taken":0,"max_hp_gain":0,"max_hp_loss":0,"event_name":"Drug Dealer","floor":19,"gold_loss":0,"cards_obtained":["hermit:Ricochet","hermit:Deadeye"]},{"damage_healed":0,"gold_gain":0,"player_choice":"Fought Bandits","damage_taken":0,"max_hp_gain":0,"max_hp_loss":0,"event_name":"Masked Bandits","floor":21,"gold_loss":0},{"damage_healed":0,"gold_gain":99,"player_choice":"Stole From Cult","damage_taken":0,"max_hp_gain":0,"max_hp_loss":0,"event_name":"Nest","floor":29,"gold_loss":0}],"is_beta":false,"boss_relics":[{"not_picked":["Velvet Choker","Cursed Key"],"picked":"hermit:BartenderGlass"}],"items_purged_floors":[4],"is_endless":false,"potions_floor_spawned":[2,7,14,16,18,22,25,30],"ascension_level":0}}