{"host":"liu","time":1614412772,"event":{"mods":["100% Spire Juice","ATMod(∞¢Ë™Mod)","Act Like it!","Arknights","BaseMod","KinomotoSakuraMod(ƒæ÷Æ±æ”£)","Lobotomy","Marisa£®ÏF”Í°°ƒß¿Ì…≥£©","Minty Spire (QoL Compilation)","Reimu£®≤©¿ˆ¡È√Œ£©","Remilia£®¿Ÿ√◊¿Ú—«£©","StSLib","TestMod","The Construct","The Senshi","Youmu£®ªÍ∆«—˝√Œ£©","°æ“≈ŒÔø®≈∆°øREMEMod"],"gold_per_floor":[10,10,10,26,41,41,72,72,72,72,105,105,133,151,151,229,229,244,256,268,268,58,58,90,108,108,139,156,156,156,106,106,180,180,194,205,224,236,18,43,43,77,77,77,97,143,143,172,172,172,172,172,25,59,59,59],"floor_reached":55,"language":"ZHS","playtime":2427,"items_purged":["Writhe","Strike_G","Defend_G"],"score":1585,"play_id":"44c76889-e606-4bd4-a107-420f863b22c8","local_time":"20210227155932","is_ascension_mode":true,"campfire_choices":[{"data":"Twilight","floor":6.0,"key":"SMITH"},{"data":"AT_KneejerkReflex","floor":8.0,"key":"SMITH"},{"data":"Neutralize","floor":12.0,"key":"SMITH"},{"floor":15.0,"key":"RECALL"},{"data":"testmod-SelfRegulatingSystem","floor":23.0,"key":"SMITH"},{"data":"Footwork","floor":32.0,"key":"SMITH"},{"floor":41.0,"key":"REST"},{"data":"testmod-Wormhole","floor":44.0,"key":"SMITH"},{"data":"testmod-AutoReboundSystem","floor":47.0,"key":"SMITH"},{"floor":49.0,"key":"REST"},{"data":"REME_MawOfCthun","floor":52.0,"key":"SMITH"}],"circlet_count":0,"master_deck":["AscendersBane","Strike_G","Strike_G","Defend_G","Defend_G","Defend_G","Survivor","Neutralize+1","Twilight+1","AT_KneejerkReflex+1","AT_WindFlip","AT_EmpoweredMortalDraw","Footwork+1","Poisoned Stab","Caltrops","testmod-SelfRegulatingSystem+1","REME_MawOfCthun+1","REME_PuzzleBox","AT_ThistleTea+1","testmod-Wormhole+1","Parasite","testmod-AutoReboundSystem+1","testmod-ComboMaster"],"relics":["Ring of the Snake","AT_ATBox","testmod-TestBox","REME_ComplimentaryCards","testmod-NegativeEmotionEnhancer","construct:BoolHorns","CrazyTorch:ReiMu","testmod-BalancedPeriapt","Potion Belt","AT_MortalBlade","AT_RedTearstoneRing","Mastiff:ReiMu","AT_SunfireAegis","Smiling Mask","REME_LowDesire","AT_ChloranthyRing","testmod-TurbochargingSystem","REME_HandOfSuture","White Beast Statue","Lantern","AntiCross","CatCart","Bag of Preparation","ScarletDevilRocket"],"acts_visited":["Exordium","TheCity","TheBeyond","TheEnding"],"potions_floor_usage":[55],"damage_taken":[{"damage":16.0,"enemies":"Small Slimes","floor":1.0,"turns":4.0},{"damage":0.0,"enemies":"Cultist","floor":4.0,"turns":3.0},{"damage":0.0,"enemies":"2 Louse","floor":5.0,"turns":3.0},{"damage":3.0,"enemies":"Lagavulin","floor":7.0,"turns":7.0},{"damage":0.0,"enemies":"Gremlin Nob","floor":11.0,"turns":4.0},{"damage":6.0,"enemies":"Lagavulin","floor":13.0,"turns":5.0},{"damage":0.0,"enemies":"Lots of Slimes","floor":14.0,"turns":2.0},{"damage":18.0,"enemies":"The Guardian","floor":16.0,"turns":9.0},{"damage":0.0,"enemies":"Spheric Guardian","floor":18.0,"turns":1.0},{"damage":0.0,"enemies":"3 Byrds","floor":19.0,"turns":2.0},{"damage":0.0,"enemies":"Snecko","floor":20.0,"turns":3.0},{"damage":27.0,"enemies":"Slavers","floor":24.0,"turns":2.0},{"damage":0.0,"enemies":"3 Cultists","floor":25.0,"turns":1.0},{"damage":18.0,"enemies":"Book of Stabbing","floor":27.0,"turns":3.0},{"damage":6.0,"enemies":"Centurion and Healer","floor":28.0,"turns":3.0},{"damage":21.0,"enemies":"Champ","floor":33.0,"turns":7.0},{"damage":1.0,"enemies":"3 Darklings","floor":35.0,"turns":2.0},{"damage":23.0,"enemies":"3 Shapes","floor":36.0,"turns":3.0},{"damage":0.0,"enemies":"Maw","floor":37.0,"turns":4.0},{"damage":32.0,"enemies":"Transient","floor":38.0,"turns":6.0},{"damage":0.0,"enemies":"Nemesis","floor":40.0,"turns":5.0},{"damage":23.0,"enemies":"Reptomancer","floor":42.0,"turns":5.0},{"damage":3.0,"enemies":"Writhing Mass","floor":45.0,"turns":4.0},{"damage":13.0,"enemies":"Orin","floor":46.0,"turns":7.0},{"damage":18.0,"enemies":"Nemesis","floor":48.0,"turns":4.0},{"damage":29.0,"enemies":"Awakened One","floor":50.0,"turns":6.0},{"damage":34.0,"enemies":"Shield and Spear","floor":54.0,"turns":5.0},{"damage":74,"enemies":"The Heart","floor":55,"turns":5}],"seed_played":"1435395056808184653","potions_obtained":[{"floor":1.0,"key":"Swift Potion"},{"floor":5.0,"key":"Dexterity Potion"},{"floor":13.0,"key":"SteroidPotion"},{"floor":16.0,"key":"testmod-EscapePotion"},{"floor":33.0,"key":"SkillPotion"},{"floor":36.0,"key":"Swift Potion"},{"floor":42.0,"key":"CunningPotion"},{"floor":45.0,"key":"SkillPotion"},{"floor":46.0,"key":"Block Potion"},{"floor":48.0,"key":"GrandPatriotsElixir:ReiMu"}],"is_trial":false,"path_per_floor":["M","?","$","M","M","R","E","R","T","?","E","R","E","M","R","B",null,"M","M","M","?","$","R","E","M","T","E","M","?","?","$","R","B",null,"M","M","M","M","$","E","R","E","T","R","M","?","R","E","R","B",null,"R","$","E","B"],"character_chosen":"THE_SILENT","items_purchased":["testmod-SelfRegulatingSystem","REME_HandOfSuture","testmod-ComboMaster"],"campfire_rested":2,"item_purchase_floors":[22,39,53],"current_hp_per_floor":[46,46,46,48,51,51,50,50,50,50,52,52,50,58,58,44,64,68,71,71,71,71,71,49,55,55,41,40,40,40,40,40,23,59,67,50,54,26,26,30,51,36,36,36,37,36,36,22,43,22,59,59,59,30,0,0],"gold":59,"neow_bonus":"ONE_RARE_RELIC","is_daily":false,"chose_seed":false,"campfire_upgraded":8,"win_rate":0.0,"timestamp":1614412772,"path_taken":["M","?","$","M","?","R","E","R","T","?","E","R","E","?","R","BOSS","M","M","M","?","$","R","E","M","T","E","M","?","?","?","R","BOSS","M","M","M","M","$","E","R","E","T","R","?","?","R","E","R","BOSS","R","$","E","BOSS"],"items_purchased_type":["Card","Relic","Card"],"build_version":"2020-12-18","purchased_purges":3,"victory":false,"max_hp_per_floor":[67,67,67,68,69,69,70,70,70,70,71,71,71,71,71,71,71,71,71,71,71,71,71,71,71,71,71,71,71,71,71,71,71,71,71,71,71,71,71,71,71,71,71,71,71,71,71,71,71,71,71,71,71,71,71,71],"card_choices":[{"not_picked":["Crippling Poison","Distraction","Deadly Poison"],"picked":"SKIP","floor":1.0},{"not_picked":["Flechettes","Distraction","REME_ShadowStrike"],"picked":"SKIP","floor":4.0},{"not_picked":["REME_GreenPollution","Backflip","Cloak And Dagger"],"picked":"SKIP","floor":5.0},{"not_picked":["Dash","PiercingWail","Glass Knife"],"picked":"SKIP","floor":7.0},{"not_picked":["Underhanded Strike","Blade Dance"],"picked":"AT_WindFlip","floor":11.0},{"not_picked":["Tactician","PiercingWail","Storm of Steel"],"picked":"SKIP","floor":13.0},{"not_picked":["Bane","Predator","Dagger Spray"],"picked":"SKIP","floor":14.0},{"not_picked":["Deflect","Endless Agony","Dash"],"picked":"SKIP","floor":18.0},{"not_picked":["Infinite Blades","Slice"],"picked":"Footwork","floor":19.0},{"not_picked":["All Out Attack","Prepared","Backflip"],"picked":"SKIP","floor":20.0},{"not_picked":["Cloak And Dagger","Dagger Spray+1","Bane"],"picked":"SKIP","floor":24.0},{"not_picked":["Eviscerate","Blur+1","Poisoned Stab+1"],"picked":"SKIP","floor":25.0},{"not_picked":["Prepared","Expertise","PiercingWail"],"picked":"SKIP","floor":27.0},{"not_picked":["Dodge and Roll","Acrobatics","Quick Slash"],"picked":"SKIP","floor":28.0},{"not_picked":["Dagger Spray","Flying Knee","AT_WindFlip+1"],"picked":"REME_MawOfCthun","floor":35.0},{"not_picked":["AT_ArcaneSupremacy","AT_WindRun","Quick Slash"],"picked":"REME_PuzzleBox","floor":36.0},{"not_picked":["Bane","Flechettes","All Out Attack+1","REME_HeartOfCthun"],"picked":"SKIP","floor":37.0},{"not_picked":["AT_WindFlip+1","REME_GreenPollution","Blade Dance","Transmutation"],"picked":"SKIP","floor":38.0},{"not_picked":["Die Die Die","Deflect","testmod-BackupPower"],"picked":"AT_ThistleTea+1","floor":40.0},{"not_picked":["Quick Slash","Venomology","Masterful Stab"],"picked":"testmod-Wormhole","floor":42.0},{"not_picked":["Dash+1","Noxious Fumes","AT_WindFlip+1","Metamorphosis"],"picked":"SKIP","floor":45.0},{"not_picked":["Concentrate","Slice","Tactician"],"picked":"testmod-AutoReboundSystem","floor":46.0},{"not_picked":["Distraction","Night Terror","Flying Knee+1","Jack Of All Trades"],"picked":"SKIP","floor":48.0},{"not_picked":["Backflip","Die Die Die","Prepared","Secret Weapon"],"picked":"SKIP","floor":54.0}],"player_experience":422694,"relics_obtained":[{"floor":7.0,"key":"CrazyTorch:ReiMu"},{"floor":11.0,"key":"testmod-BalancedPeriapt"},{"floor":13.0,"key":"Potion Belt"},{"floor":24.0,"key":"AT_RedTearstoneRing"},{"floor":26.0,"key":"Mastiff:ReiMu"},{"floor":27.0,"key":"AT_SunfireAegis"},{"floor":34.0,"key":"AT_ChloranthyRing"},{"floor":34.0,"key":"testmod-TurbochargingSystem"},{"floor":40.0,"key":"White Beast Statue"},{"floor":42.0,"key":"Lantern"},{"floor":43.0,"key":"AntiCross"},{"floor":46.0,"key":"CatCart"},{"floor":48.0,"key":"Bag of Preparation"},{"floor":54.0,"key":"ScarletDevilRocket"}],"event_choices":[{"cards_removed":["Strike_G"],"damage_healed":0.0,"max_hp_gain":0.0,"max_hp_loss":0.0,"gold_gain":0.0,"event_name":"Wheel of Change","player_choice":"Card Removal","floor":2.0,"gold_loss":0.0,"damage_taken":0.0},{"damage_healed":0.0,"max_hp_gain":0.0,"max_hp_loss":0.0,"gold_gain":0.0,"event_name":"Lab","player_choice":"Got Potions","floor":10.0,"gold_loss":0.0,"damage_taken":0.0},{"damage_healed":0.0,"max_hp_gain":0.0,"max_hp_loss":0.0,"gold_gain":0.0,"cards_transformed":["Strike_G","Defend_G"],"event_name":"Drug Dealer","player_choice":"Became Test Subject","floor":21.0,"gold_loss":0.0,"damage_taken":0.0,"cards_obtained":["Poisoned Stab","Caltrops"]},{"damage_healed":0.0,"max_hp_gain":0.0,"max_hp_loss":0.0,"gold_gain":0.0,"event_name":"Ghosts","player_choice":"Ignored","floor":29.0,"gold_loss":0.0,"damage_taken":0.0},{"damage_healed":0.0,"max_hp_gain":0.0,"max_hp_loss":0.0,"gold_gain":0.0,"event_name":"The Mausoleum","player_choice":"Opened","floor":30.0,"gold_loss":0.0,"damage_taken":0.0,"relics_obtained":["Smiling Mask"],"cards_obtained":["Writhe"]},{"damage_healed":0.0,"max_hp_gain":0.0,"max_hp_loss":0.0,"gold_gain":0.0,"event_name":"OrinTheCat","player_choice":"Fight","floor":46.0,"gold_loss":0.0,"damage_taken":0.0}],"is_beta":true,"boss_relics":[{"not_picked":["SacredBark","REME_DuelDisc"],"picked":"AT_MortalBlade"},{"not_picked":["WristBlade","Astrolabe"],"picked":"REME_LowDesire"}],"items_purged_floors":[31,39,53],"is_endless":false,"potions_floor_spawned":[1,5,7,13,16,20,24,25,33,36,42,45,46,48,54],"killed_by":"The Heart","ascension_level":19}}