{"host":"x73jdofm2fk9hsud","time":1614451174,"event":{"mods":["BaseMod","Bestiary","Minty Spire (QoL Compilation)","Relic Stats","ojb\u0027s Better Paths Mod","ojb\u0027s Info Mod"],"gold_per_floor":[118,193,112,112,262,262,289,289,315,76,76,76,107,124,124,198,198,213,233,264,314,324,324,324],"floor_reached":23,"language":"ENG","playtime":550,"items_purged":["Doubt"],"score":490,"play_id":"95bb0b46-74d6-4a7a-a099-0914235c6b6c","local_time":"20210227133934","is_ascension_mode":true,"campfire_choices":[{"data":"Defragment","floor":6,"key":"SMITH"},{"data":"Buffer","floor":8,"key":"SMITH"},{"data":"Zap","floor":11,"key":"SMITH"},{"data":"Consume","floor":15,"key":"SMITH"}],"circlet_count":0,"master_deck":["AscendersBane","Strike_B","Strike_B","Strike_B","Strike_B","Defend_B+1","Defend_B+1","Defend_B","Defend_B","Zap+1","Dualcast","Defragment+1","Core Surge","Buffer+1","Consume+1","Amplify","Hologram","Doom and Gloom+1","Coolheaded","Stack+1"],"relics":["Cracked Core","NeowsBlessing","War Paint","Nunchaku","Bronze Scales","Happy Flower","Centennial Puzzle","Cursed Key","Red Mask"],"acts_visited":["Exordium","TheCity"],"potions_floor_usage":[16,19,23,23],"damage_taken":[{"damage":0,"enemies":"Small Slimes","floor":1,"turns":1},{"damage":0,"enemies":"3 Sentries","floor":7,"turns":1},{"damage":0,"enemies":"Gremlin Nob","floor":13,"turns":1},{"damage":7,"enemies":"Jaw Worm","floor":14,"turns":3},{"damage":43,"enemies":"Slime Boss","floor":16,"turns":10},{"damage":0,"enemies":"Chosen","floor":18,"turns":4},{"damage":0,"enemies":"Spheric Guardian","floor":19,"turns":6},{"damage":19,"enemies":"Masked Bandits","floor":20,"turns":3},{"damage":0,"enemies":"Centurion and Healer","floor":22,"turns":8},{"damage":46,"enemies":"Slavers","floor":23,"turns":3}],"seed_played":"1738082061137193366","potions_obtained":[{"floor":1,"key":"SkillPotion"},{"floor":7,"key":"FocusPotion"},{"floor":18,"key":"SkillPotion"},{"floor":22,"key":"Explosive Potion"}],"is_trial":false,"path_per_floor":["M","?","$","?","?","R","E","R","T","$","R","?","E","M","R","B",null,"M","M","?","?","M","E"],"character_chosen":"DEFECT","items_purchased":["Core Surge","Happy Flower"],"campfire_rested":0,"item_purchase_floors":[3,10],"current_hp_per_floor":[64,53,53,42,42,42,42,42,42,42,42,65,65,58,58,15,57,57,57,38,38,38,0,0],"gold":324,"neow_bonus":"THREE_ENEMY_KILL","is_daily":false,"chose_seed":false,"campfire_upgraded":4,"win_rate":0.0,"timestamp":1614451174,"path_taken":["M","?","$","?","?","R","E","R","T","$","R","?","E","M","R","BOSS","M","M","?","?","?","E"],"items_purchased_type":["Card","Relic"],"build_version":"2020-12-22","purchased_purges":1,"victory":false,"max_hp_per_floor":[71,71,71,71,71,71,71,71,71,71,71,71,71,71,71,71,71,71,71,71,71,71,71,71],"relic_stats":{"Nunchaku":[4],"Centennial Puzzle":[12],"Happy Flower":[12],"counters":[10,40],"Bronze Scales":[78],"War Paint":["Defend_B","Defend_B"],"Cursed Key":0,"obtain_stats":[{"Nunchaku":7,"Centennial Puzzle":13,"NeowsBlessing":0,"Happy Flower":10,"Bronze Scales":9,"Red Mask":20,"War Paint":4,"Cracked Core":0,"Cursed Key":17},{"Nunchaku":2,"Centennial Puzzle":3,"NeowsBlessing":0,"Happy Flower":2,"Bronze Scales":2,"Red Mask":8,"War Paint":1,"Cracked Core":0,"Cursed Key":5},{"Nunchaku":2,"Centennial Puzzle":3,"NeowsBlessing":0,"Happy Flower":2,"Bronze Scales":2,"Red Mask":29,"War Paint":1,"Cracked Core":0,"Cursed Key":16}]},"card_choices":[{"not_picked":["Leap","Aggregate"],"picked":"Defragment","floor":1},{"not_picked":["Double Energy","Sweeping Beam"],"picked":"Buffer","floor":7},{"not_picked":["Cold Snap","Turbo"],"picked":"Consume","floor":13},{"not_picked":["Redo","Beam Cell","Gash"],"picked":"SKIP","floor":14},{"not_picked":["Thunder Strike","Meteor Strike"],"picked":"Amplify","floor":16},{"not_picked":["Aggregate","Fusion"],"picked":"Hologram","floor":18},{"not_picked":["Ball Lightning","Compile Driver+1"],"picked":"Doom and Gloom+1","floor":19},{"not_picked":["Recycle","Ball Lightning"],"picked":"Coolheaded","floor":20},{"not_picked":["Hologram","Barrage"],"picked":"Stack+1","floor":22}],"player_experience":5447659,"relics_obtained":[{"floor":7,"key":"Nunchaku"},{"floor":9,"key":"Bronze Scales"},{"floor":13,"key":"Centennial Puzzle"},{"floor":20,"key":"Red Mask"}],"event_choices":[{"damage_healed":0,"gold_gain":75,"player_choice":"Gather Gold","damage_taken":11,"max_hp_gain":0,"max_hp_loss":0,"event_name":"World of Goop","floor":2,"gold_loss":0},{"damage_healed":0,"gold_gain":0,"player_choice":"Success","damage_taken":11,"relics_obtained":["War Paint"],"max_hp_gain":0,"max_hp_loss":0,"event_name":"Scrap Ooze","floor":4,"gold_loss":0},{"damage_healed":0,"gold_gain":150,"player_choice":"AGREE","damage_taken":0,"max_hp_gain":0,"max_hp_loss":0,"event_name":"Liars Game","floor":5,"gold_loss":0,"cards_obtained":["Doubt"]},{"damage_healed":23,"gold_gain":0,"player_choice":"Banana","damage_taken":0,"max_hp_gain":0,"max_hp_loss":0,"event_name":"Big Fish","floor":12,"gold_loss":0},{"damage_healed":0,"gold_gain":0,"player_choice":"Fought Bandits","damage_taken":0,"max_hp_gain":0,"max_hp_loss":0,"event_name":"Masked Bandits","floor":20,"gold_loss":0},{"damage_healed":0,"gold_gain":50,"player_choice":"Pray","damage_taken":0,"max_hp_gain":0,"max_hp_loss":0,"event_name":"Golden Shrine","floor":21,"gold_loss":0}],"is_beta":false,"boss_relics":[{"not_picked":["SlaversCollar","Tiny House"],"picked":"Cursed Key"}],"items_purged_floors":[10],"is_endless":false,"potions_floor_spawned":[1,7,18,22],"killed_by":"Slavers","ascension_level":20}}