{"host":"7cp3z5w0tcrrm8ys","time":1614428250,"event":{"mods":["AchievementEnabler","BaseMod","DeckTracker","Minty Spire (QoL Compilation)","StSLib","SuperFastMode"],"gold_per_floor":[109,126,141,155,155,155,168,182,182,182,200,230,230,245,245,245,245],"floor_reached":16,"language":"KOR","playtime":345,"items_purged":[],"score":212,"play_id":"479b07a3-8a7e-4ed0-9a62-c37ef83bd661","local_time":"20210227211730","is_ascension_mode":true,"campfire_choices":[{"data":"Bash","floor":6,"key":"SMITH"},{"data":"Carnage","floor":10,"key":"SMITH"},{"floor":15,"key":"REST"}],"circlet_count":0,"master_deck":["AscendersBane","Strike_R","Strike_R","Strike_R","Defend_R","Defend_R","Defend_R","Defend_R","Bash+1","Second Wind","Clash","Wild Strike","Cleave","Rage","Carnage+1","Evolve","Feel No Pain","Seeing Red"],"relics":["Burning Blood","Pantograph","Prayer Wheel","Golden Idol"],"acts_visited":["Exordium"],"potions_floor_usage":[12,14,16],"damage_taken":[{"damage":2,"enemies":"Jaw Worm","floor":1,"turns":4},{"damage":2,"enemies":"Cultist","floor":2,"turns":4},{"damage":7,"enemies":"2 Louse","floor":3,"turns":3},{"damage":6,"enemies":"Blue Slaver","floor":4,"turns":3},{"damage":7,"enemies":"Exordium Wildlife","floor":7,"turns":3},{"damage":8,"enemies":"2 Fungi Beasts","floor":8,"turns":3},{"damage":7,"enemies":"Large Slime","floor":11,"turns":4},{"damage":34,"enemies":"Gremlin Nob","floor":12,"turns":4},{"damage":6,"enemies":"Looter","floor":14,"turns":2},{"damage":86,"enemies":"The Guardian","floor":16,"turns":9}],"seed_played":"-1219329031636007411","potions_obtained":[{"floor":2,"key":"Regen Potion"},{"floor":7,"key":"Swift Potion"},{"floor":12,"key":"SkillPotion"}],"is_trial":false,"path_per_floor":["M","M","M","M","?","R","M","M","T","R","M","E","?","M","R","B"],"character_chosen":"IRONCLAD","items_purchased":[],"campfire_rested":1,"item_purchase_floors":[],"current_hp_per_floor":[72,75,74,74,74,74,73,71,71,71,70,42,16,16,38,0,0],"gold":245,"neow_bonus":"TRANSFORM_CARD","is_daily":false,"chose_seed":false,"campfire_upgraded":2,"win_rate":0.0,"timestamp":1614428250,"path_taken":["M","M","M","M","?","R","M","?","T","R","M","E","?","M","R","BOSS"],"items_purchased_type":[],"build_version":"2020-12-22","purchased_purges":0,"victory":false,"max_hp_per_floor":[75,75,75,75,75,75,75,75,75,75,75,75,75,75,75,75,75],"card_choices":[{"not_picked":["Warcry","Rupture"],"picked":"Clash","floor":1},{"not_picked":["Rampage","Heavy Blade"],"picked":"Wild Strike","floor":2},{"not_picked":["Second Wind","Demon Form"],"picked":"Cleave","floor":3},{"not_picked":["Inflame","Heavy Blade","Twin Strike"],"picked":"SKIP","floor":4},{"not_picked":["Body Slam","Heavy Blade"],"picked":"Carnage","floor":7},{"not_picked":["Cleave","Iron Wave","Heavy Blade"],"picked":"SKIP","floor":8},{"not_picked":["Intimidate","Blood for Blood"],"picked":"Evolve","floor":11},{"not_picked":["Exhume","Whirlwind"],"picked":"Feel No Pain","floor":12},{"not_picked":["Spot Weakness","Headbutt"],"picked":"Seeing Red","floor":14},{"not_picked":["Clash","Havoc","Whirlwind"],"picked":"SKIP","floor":14}],"player_experience":839474,"relics_obtained":[{"floor":9,"key":"Pantograph"},{"floor":12,"key":"Prayer Wheel"}],"event_choices":[{"damage_healed":0,"gold_gain":0,"cards_transformed":["Strike_R"],"player_choice":"Transformed","damage_taken":0,"max_hp_gain":0,"max_hp_loss":0,"event_name":"Transmorgrifier","floor":5,"gold_loss":0,"cards_obtained":["Rage"]},{"damage_healed":0,"gold_gain":0,"player_choice":"Take Damage","damage_taken":26,"relics_obtained":["Golden Idol"],"max_hp_gain":0,"max_hp_loss":0,"event_name":"Golden Idol","floor":13,"gold_loss":0}],"is_beta":false,"boss_relics":[],"items_purged_floors":[],"is_endless":false,"potions_floor_spawned":[2,7,8,11,12],"killed_by":"The Guardian","ascension_level":20}}