{"host":"o7j6aatxjwpw1421","time":1614388662,"event":{"mods":["2.2 Compatiblity","AchievementEnabler","BaseMod","Colored Map","DeckTracker","Highlight Path","Keyboard Shortcuts","Minty Spire (QoL Compilation)","Permanent Neow","Quick Restart","StSLib","SuperFastMode","everything is the same but u backflip on backflip"],"gold_per_floor":[16,32,32,45,45,45,56,66,116,116,131,131,141,141,141,214,214,232,247,70,70,70],"floor_reached":21,"language":"KOR","playtime":734,"items_purged":[],"score":346,"play_id":"c8cbc1b0-a521-4853-b6d6-d56cde19fc98","local_time":"20210227101742","is_ascension_mode":true,"campfire_choices":[{"data":"Adrenaline","floor":6.0,"key":"SMITH"},{"data":"Footwork","floor":10.0,"key":"SMITH"},{"data":"Deadly Poison","floor":12.0,"key":"SMITH"},{"data":"Dagger Spray","floor":15.0,"key":"SMITH"}],"circlet_count":0,"master_deck":["AscendersBane","Strike_G+1","Defend_G","Defend_G","Defend_G","Defend_G","Defend_G","Survivor","Neutralize","Adrenaline+1","Backflip","Escape Plan+1","Dagger Throw","Footwork+1","Deadly Poison+1","Dagger Spray+1","Adrenaline","Venomology"],"relics":["Ring of the Snake","Bronze Scales","Empty Cage"],"acts_visited":["Exordium","TheCity"],"potions_floor_usage":[16,21],"damage_taken":[{"damage":0.0,"enemies":"Small Slimes","floor":1.0,"turns":4.0},{"damage":0.0,"enemies":"2 Louse","floor":2.0,"turns":5.0},{"damage":0.0,"enemies":"Jaw Worm","floor":4.0,"turns":4.0},{"damage":0.0,"enemies":"Looter","floor":7.0,"turns":3.0},{"damage":0.0,"enemies":"Blue Slaver","floor":8.0,"turns":4.0},{"damage":2.0,"enemies":"Gremlin Gang","floor":11.0,"turns":5.0},{"damage":3.0,"enemies":"Exordium Wildlife","floor":13.0,"turns":2.0},{"damage":17,"enemies":"The Guardian","floor":16,"turns":10},{"damage":0,"enemies":"Shell Parasite","floor":18,"turns":5},{"damage":10,"enemies":"Spheric Guardian","floor":19,"turns":6},{"damage":26,"enemies":"Chosen and Byrds","floor":21,"turns":6}],"seed_played":"2799430575878114466","potions_obtained":[{"floor":4.0,"key":"GamblersBrew"},{"floor":8.0,"key":"CultistPotion"},{"floor":18,"key":"DuplicationPotion"}],"is_trial":false,"path_per_floor":["M","M","?","M","?","R","M","M","T","R","M","R","M","?","R","B",null,"M","M","$","M"],"character_chosen":"THE_SILENT","items_purchased":["Venomology"],"campfire_rested":0,"item_purchase_floors":[20],"current_hp_per_floor":[59,59,59,59,39,39,39,39,39,39,37,37,34,27,27,10,52,52,42,42,16,16],"gold":70,"neow_bonus":"THREE_RARE_CARDS","is_daily":false,"chose_seed":false,"campfire_upgraded":4,"win_rate":0.0,"timestamp":1614388662,"path_taken":["M","M","?","M","?","R","M","M","T","R","M","R","M","?","R","BOSS","M","M","$","M"],"items_purchased_type":["Card"],"build_version":"2020-12-22","purchased_purges":0,"victory":false,"max_hp_per_floor":[66,66,66,66,66,66,66,66,66,66,66,66,66,66,66,66,66,66,66,66,66,66],"card_choices":[{"not_picked":["Venomology","Tools of the Trade"],"picked":"Adrenaline","floor":0.0},{"not_picked":["Acrobatics","Sucker Punch"],"picked":"Backflip","floor":1.0},{"not_picked":["Infinite Blades","Dodge and Roll"],"picked":"Escape Plan","floor":2.0},{"not_picked":["Caltrops","PiercingWail"],"picked":"Dagger Throw","floor":4.0},{"not_picked":["Underhanded Strike","Deflect","Quick Slash"],"picked":"SKIP","floor":7.0},{"not_picked":["Underhanded Strike","Quick Slash"],"picked":"Footwork","floor":8.0},{"not_picked":["Underhanded Strike","Deflect"],"picked":"Deadly Poison","floor":11.0},{"not_picked":["Flying Knee","Deadly Poison"],"picked":"Dagger Spray","floor":13.0},{"not_picked":["Night Terror","Glass Knife"],"picked":"Adrenaline","floor":16},{"not_picked":["Finisher","Setup","Dagger Throw"],"picked":"SKIP","floor":18},{"not_picked":["Slice","Cloak And Dagger","Outmaneuver"],"picked":"SKIP","floor":19}],"player_experience":628376,"relics_obtained":[{"floor":9.0,"key":"Bronze Scales"}],"event_choices":[{"cards_removed":["Strike_G"],"damage_healed":0.0,"max_hp_gain":0.0,"max_hp_loss":0.0,"gold_gain":0.0,"event_name":"Living Wall","player_choice":"Forget","floor":3.0,"gold_loss":0.0,"damage_taken":0.0},{"damage_healed":0.0,"max_hp_gain":0.0,"max_hp_loss":0.0,"gold_gain":0.0,"event_name":"Shining Light","player_choice":"Entered Light","floor":5.0,"gold_loss":0.0,"damage_taken":20.0,"cards_upgraded":["Escape Plan","Strike_G"]},{"cards_removed":["Strike_G"],"damage_healed":0.0,"max_hp_gain":0.0,"max_hp_loss":0.0,"gold_gain":0.0,"event_name":"Golden Wing","player_choice":"Card Removal","floor":14.0,"gold_loss":0.0,"damage_taken":7.0}],"is_beta":false,"boss_relics":[{"not_picked":["Philosopher\u0027s Stone","Black Star"],"picked":"Empty Cage"}],"items_purged_floors":[],"is_endless":false,"potions_floor_spawned":[4,8,11,13,18],"killed_by":"Chosen and Byrds","ascension_level":20}}