{"host":"vqun63pi4q2xs0ca","time":1614444931,"event":{"mods":["BaseMod","Minty Spire (QoL Compilation)","Relic Stats","StSLib"],"gold_per_floor":[118,118,131,146,161,161,192,192,192,192,208,52,52,95,95,194,194,215,233,78,78,128,128,128,128],"floor_reached":24,"language":"ENG","playtime":745,"items_purged":["Strike_R"],"score":454,"play_id":"e14bb56a-07a8-48b0-9ecd-7196ed997d1f","local_time":"20210227165531","is_ascension_mode":true,"campfire_choices":[{"data":"Demon Form","floor":6,"key":"SMITH"},{"floor":8,"key":"REST"},{"floor":13,"key":"REST"},{"data":"Heavy Blade","floor":15,"key":"SMITH"},{"data":"Flame Barrier","floor":23,"key":"SMITH"}],"circlet_count":0,"master_deck":["AscendersBane","Strike_R+1","Strike_R","Defend_R","Defend_R","Defend_R","Defend_R","Bash","Demon Form+1","Pommel Strike","Twin Strike+1","Heavy Blade+1","Sword Boomerang","Shrug It Off","Ghostly Armor","Reaper","Clothesline","Metallicize","Flame Barrier+1"],"relics":["Burning Blood","Golden Idol","Nunchaku","CeramicFish","Ornamental Fan","Sozu"],"acts_visited":["Exordium","TheCity"],"potions_floor_usage":[11,14,16],"damage_taken":[{"damage":14,"enemies":"Jaw Worm","floor":1,"turns":6},{"damage":1,"enemies":"2 Louse","floor":3,"turns":3},{"damage":12,"enemies":"Small Slimes","floor":4,"turns":3},{"damage":17,"enemies":"Looter","floor":5,"turns":3},{"damage":35,"enemies":"3 Sentries","floor":7,"turns":6},{"damage":14,"enemies":"Blue Slaver","floor":11,"turns":4},{"damage":8,"enemies":"Gremlin Nob","floor":14,"turns":3},{"damage":4,"enemies":"The Guardian","floor":16,"turns":9},{"damage":13,"enemies":"Spheric Guardian","floor":18,"turns":5},{"damage":76,"enemies":"Gremlin Leader","floor":24,"turns":4}],"seed_played":"-8985856208203642797","potions_obtained":[{"floor":4,"key":"BloodPotion"},{"floor":7,"key":"Fire Potion"},{"floor":11,"key":"Swift Potion"},{"floor":14,"key":"LiquidBronze"}],"is_trial":false,"path_per_floor":["M","?","M","M","M","R","E","R","T","?","M","$","R","E","R","B",null,"M","?","$","?","?","R","E"],"character_chosen":"IRONCLAD","items_purchased":["Shrug It Off","HeartOfIron","Flame Barrier"],"campfire_rested":2,"item_purchase_floors":[12,12,20],"current_hp_per_floor":[60,60,62,56,45,45,16,34,34,15,19,19,37,35,35,37,56,61,61,61,61,61,61,0,0],"gold":128,"neow_bonus":"THREE_RARE_CARDS","is_daily":false,"chose_seed":false,"campfire_upgraded":3,"win_rate":0.0,"timestamp":1614444931,"path_taken":["M","?","M","M","M","R","E","R","T","?","M","$","R","E","R","BOSS","M","?","$","?","?","R","E"],"items_purchased_type":["Card","Potion","Card"],"build_version":"2020-12-22","purchased_purges":1,"victory":false,"max_hp_per_floor":[68,62,62,62,62,62,62,62,62,62,62,62,62,62,62,62,62,62,62,62,62,62,62,62,62],"relic_stats":{"Sozu":1,"Nunchaku":[3],"counters":[10,46],"Golden Idol":47,"Ornamental Fan":[4],"CeramicFish":54,"obtain_stats":[{"Sozu":17,"Nunchaku":7,"Golden Idol":2,"Ornamental Fan":14,"CeramicFish":9,"Burning Blood":0},{"Sozu":8,"Nunchaku":5,"Golden Idol":1,"Ornamental Fan":7,"CeramicFish":5,"Burning Blood":0},{"Sozu":37,"Nunchaku":21,"Golden Idol":6,"Ornamental Fan":28,"CeramicFish":21,"Burning Blood":0}],"Burning Blood":51},"card_choices":[{"not_picked":["Juggernaut","Corruption"],"picked":"Demon Form","floor":0},{"not_picked":["Thunderclap","True Grit"],"picked":"Pommel Strike","floor":1},{"not_picked":["Dark Embrace","Havoc"],"picked":"Twin Strike","floor":3},{"not_picked":["Perfected Strike","Armaments"],"picked":"Heavy Blade","floor":4},{"not_picked":["Carnage","Sever Soul","Anger"],"picked":"SKIP","floor":5},{"not_picked":["Pummel","Corruption"],"picked":"Sword Boomerang","floor":7},{"not_picked":["Thunderclap","Rampage","Body Slam"],"picked":"SKIP","floor":11},{"not_picked":["Sword Boomerang","Searing Blow"],"picked":"Ghostly Armor","floor":14},{"not_picked":["Brutality","Offering"],"picked":"Reaper","floor":16},{"not_picked":["Twin Strike+1","Burning Pact","Wild Strike"],"picked":"SKIP","floor":18}],"player_experience":1655595,"relics_obtained":[{"floor":7,"key":"Nunchaku"},{"floor":9,"key":"CeramicFish"},{"floor":14,"key":"Ornamental Fan"}],"event_choices":[{"damage_healed":0,"gold_gain":0,"player_choice":"Lose Max HP","damage_taken":0,"relics_obtained":["Golden Idol"],"max_hp_gain":0,"max_hp_loss":6,"event_name":"Golden Idol","floor":2,"gold_loss":0},{"damage_healed":0,"gold_gain":0,"player_choice":"Entered Light","damage_taken":19,"max_hp_gain":0,"max_hp_loss":0,"event_name":"Shining Light","floor":10,"gold_loss":0,"cards_upgraded":["Strike_R","Twin Strike"]},{"damage_healed":0,"gold_gain":0,"cards_transformed":["Strike_R","Strike_R"],"player_choice":"Became Test Subject","damage_taken":0,"max_hp_gain":0,"max_hp_loss":0,"event_name":"Drug Dealer","floor":19,"gold_loss":0,"cards_obtained":["Clothesline","Metallicize"]},{"damage_healed":0,"gold_gain":50,"player_choice":"Stole From Cult","damage_taken":0,"max_hp_gain":0,"max_hp_loss":0,"event_name":"Nest","floor":22,"gold_loss":0}],"is_beta":false,"boss_relics":[{"not_picked":["Black Star","Runic Cube"],"picked":"Sozu"}],"items_purged_floors":[20],"is_endless":false,"potions_floor_spawned":[4,7,11,14,18],"killed_by":"Gremlin Leader","ascension_level":20}}