{"host":"mvz90ilxx8epviq1","time":1614460864,"event":{"mods":["2.2 Compatiblity","AchievementEnabler","Act Like it!","Bartender","BaseMod","Better Note","Better Third Choice","Better Vampires","Clockwork Mod","Colored Map","Colored Powertips","Downfall","Hermit","Hubris","Koishi","Marisa????????","Minty Spire (QoL Compilation)","Replay The Spire","SIMod","Shop Mod","Spicy Shops","StSLib","The Alterego","The Blackbeard","The Bug Knight","The Construct","The Cursed","The Mystic","The Poker Player","The Senshi","The Servant 0.9.4","The Wild Card","slay the spire mod where everything is the same but ironclad has a cowboy hat"],"gold_per_floor":[119,79,95,112,132,143,170,170,170,200,214,214,224,238,238,335,335,350,350,369,369,386,386,283,308,308,308,67,67,67],"floor_reached":29,"language":"ENG","playtime":1651,"items_purged":[],"score":322,"play_id":"70be278d-7373-41b2-a514-a09fca92c323","local_time":"20210227162104","is_ascension_mode":true,"campfire_choices":[{"data":"hubris:CleavingFinish","floor":12,"key":"SMITH"},{"data":"Sever Soul","floor":12,"key":"SMITH"},{"data":"Eclipse","floor":15,"key":"SMITH"},{"data":"Rage","floor":15,"key":"SMITH"},{"data":"Double Tap","floor":23,"key":"SMITH"},{"data":"Sword Boomerang","floor":23,"key":"SMITH"},{"floor":27,"key":"REST"}],"circlet_count":0,"master_deck":["Strike_R","Strike_R","Strike_R","Strike_R","Strike_R","Defend_R","Defend_R","Defend_R","Defend_R","Bash","Replay:Undeath\u0027s Touch","Replay:Undeath\u0027s Touch","hubris:SharpeningStone","Sever Soul+1","hubris:CleavingFinish+1","Heavy Blade","Dropkick","Inflame","Rage+1","Eclipse+1","ReplayTheSpireMod:Strike From Hell","Double Tap+1","Clash+1","Sword Boomerang+1","Sword Boomerang+1","Inflame","ReplayTheSpireMod:Strike From Hell+1"],"relics":["Burning Blood","Replay:Arrowhead","Kunai","Bottled Flame","Runic Dome","Anchor","hubris:Towel","theSenshi:SuperSailorFukuRelic","White_Cape","Molten Egg 2"],"acts_visited":["Exordium","TheCity"],"potions_floor_usage":[6,7,10,16,16],"damage_taken":[{"damage":11,"enemies":"Jaw Worm","floor":1,"turns":2},{"damage":0,"enemies":"Cultist","floor":3,"turns":3},{"damage":4,"enemies":"Small Slimes","floor":4,"turns":4},{"damage":7,"enemies":"Exordium Wildlife","floor":5,"turns":4},{"damage":9,"enemies":"2 Fungi Beasts","floor":6,"turns":2},{"damage":15,"enemies":"Gremlin Nob","floor":7,"turns":4},{"damage":24,"enemies":"HollowMod:MossKnight","floor":10,"turns":8},{"damage":13,"enemies":"Exordium Thugs","floor":11,"turns":4},{"damage":10,"enemies":"Exordium Wildlife","floor":13,"turns":3},{"damage":5,"enemies":"Looter","floor":14,"turns":3},{"damage":0,"enemies":"Slime Boss","floor":16,"turns":7},{"damage":16,"enemies":"3 Byrds","floor":18,"turns":5},{"damage":2,"enemies":"Chosen","floor":20,"turns":3},{"damage":18,"enemies":"Sentry and Sphere","floor":22,"turns":4},{"damage":41,"enemies":"Book of Stabbing","floor":25,"turns":4},{"damage":43,"enemies":"Slavers","floor":29,"turns":4}],"seed_played":"-4623689270437454991","potions_obtained":[{"floor":2,"key":"Cursed Concoction"},{"floor":2,"key":"Languid Potion"},{"floor":2,"key":"LiquidMemories"},{"floor":5,"key":"AttackPotion"},{"floor":7,"key":"SneckoOil"},{"floor":13,"key":"ElixirPotion"},{"floor":14,"key":"sneckomod:MuddlingPotion"},{"floor":18,"key":"Adrenaline Potion"},{"floor":20,"key":"Elixir"}],"is_trial":false,"path_per_floor":["M","?","M","M","M","M","E","T","T","E","M","R","M","M","R","B",null,"M","?","M","?","M","R","$","E","T","R","$","E"],"character_chosen":"IRONCLAD","items_purchased":["Inflame","Molten Egg 2"],"campfire_rested":1,"item_purchase_floors":[24,28],"current_hp_per_floor":[75,75,80,80,79,76,67,67,67,49,42,42,38,39,39,45,80,70,62,66,66,54,54,54,19,19,43,43,0,0],"gold":67,"neow_bonus":"THREE_CARDS","is_daily":false,"chose_seed":false,"campfire_upgraded":6,"win_rate":0.0,"timestamp":1614460864,"path_taken":["M","?","?","M","M","M","E","?","T","E","?","R","M","M","R","BOSS","M","?","M","?","M","R","?","E","T","R","$","E"],"items_purchased_type":["Card","Relic"],"build_version":"2020-12-22","purchased_purges":0,"victory":false,"max_hp_per_floor":[80,80,80,80,80,80,80,80,80,80,80,80,80,80,80,80,80,80,80,80,80,80,80,80,80,80,80,80,80,80],"card_choices":[{"not_picked":["Anger","Reckless Charge"],"picked":"Replay:Undeath\u0027s Touch","floor":0},{"not_picked":["Twin Strike","Anger"],"picked":"Replay:Undeath\u0027s Touch","floor":1},{"not_picked":["Shrug It Off","Perfected Strike"],"picked":"hubris:SharpeningStone","floor":3},{"not_picked":["Run Through","Ghostly Armor"],"picked":"Sever Soul","floor":4},{"not_picked":["Iron Wave","Twin Strike"],"picked":"hubris:CleavingFinish","floor":5},{"not_picked":["Twin Strike","Shrug It Off"],"picked":"Heavy Blade","floor":6},{"not_picked":["Shockwave","Dual Wield"],"picked":"Dropkick","floor":7},{"not_picked":["Hemokinesis","Warcry"],"picked":"Inflame","floor":10},{"not_picked":["Sword Boomerang","Warcry"],"picked":"Rage","floor":11},{"not_picked":["Wild Strike","Intimidate"],"picked":"Eclipse","floor":13},{"not_picked":["Iron Wave","Sever Soul"],"picked":"ReplayTheSpireMod:Strike From Hell","floor":14},{"not_picked":["Juggernaut","Reaper"],"picked":"Double Tap","floor":16},{"not_picked":["Cleave","Iron Wave"],"picked":"Clash+1","floor":18},{"not_picked":["Replay:Undeath\u0027s Touch","Defy Death"],"picked":"Sword Boomerang+1","floor":20},{"not_picked":["Abandon","Sever Soul"],"picked":"Sword Boomerang","floor":22},{"not_picked":["True Grit","ReplayTheSpireMod:LeadingStrike"],"picked":"ReplayTheSpireMod:Strike From Hell+1","floor":25}],"player_experience":528433,"relics_obtained":[{"floor":7,"key":"Replay:Arrowhead"},{"floor":9,"key":"Kunai"},{"floor":10,"key":"Bottled Flame"},{"floor":25,"key":"theSenshi:SuperSailorFukuRelic"},{"floor":26,"key":"White_Cape"}],"event_choices":[{"damage_healed":0,"gold_gain":0,"player_choice":"Bought 3 Potions","damage_taken":0,"max_hp_gain":0,"max_hp_loss":0,"event_name":"The Woman in Blue","floor":2,"gold_loss":0},{"damage_healed":0,"gold_gain":0,"player_choice":"Anchor","damage_taken":0,"relics_obtained":["Anchor"],"max_hp_gain":0,"max_hp_loss":0,"event_name":"blackbeard:ShipwreckEvent","floor":19,"gold_loss":0}],"is_beta":false,"boss_relics":[{"not_picked":["Runic Cube","Velvet Choker"],"picked":"Runic Dome"}],"items_purged_floors":[],"is_endless":false,"potions_floor_spawned":[5,7,13,14,18,20],"killed_by":"Slavers","ascension_level":1}}