{"host":"sav7uxregyirlf69","time":1614440946,"event":{"mods":["AchievementEnabler","BaseMod","Colored Map","DeckTracker","Keyboard Shortcuts","Minty Spire (QoL Compilation)","READ ME - Guardian Mod","StSLib","SuperFastMode"],"gold_per_floor":[13,29,43,43,53,53,64,79,79,4,4,44,44,44,44,44,44],"floor_reached":16,"language":"KOR","playtime":239,"items_purged":[],"score":204,"play_id":"16eae26e-0861-4f30-9baa-8a8fecd7706f","local_time":"20210228004906","is_ascension_mode":true,"campfire_choices":[{"data":"Neutralize","floor":6,"key":"SMITH"},{"data":"Well Laid Plans","floor":15,"key":"SMITH"}],"circlet_count":0,"master_deck":["AscendersBane","Strike_G","Strike_G","Strike_G","Strike_G","Defend_G","Defend_G","Defend_G","Defend_G","Defend_G","Survivor+1","Neutralize+1","Masterful Stab","Well Laid Plans+1","Dagger Spray+1","Adrenaline","Dagger Throw","Adrenaline+1"],"relics":["Ring of the Snake","PreservedInsect","CeramicFish","Juzu Bracelet"],"acts_visited":["Exordium"],"potions_floor_usage":[12,16],"damage_taken":[{"damage":0,"enemies":"Small Slimes","floor":1,"turns":4},{"damage":1,"enemies":"Cultist","floor":2,"turns":4},{"damage":0,"enemies":"2 Louse","floor":3,"turns":2},{"damage":4,"enemies":"Large Slime","floor":5,"turns":5},{"damage":8,"enemies":"3 Louse","floor":7,"turns":2},{"damage":8,"enemies":"Looter","floor":8,"turns":3},{"damage":2,"enemies":"3 Sentries","floor":12,"turns":2},{"damage":14,"enemies":"The Guardian","floor":16,"turns":11}],"seed_played":"-8006635383790097290","potions_obtained":[{"floor":1,"key":"LiquidMemories"},{"floor":3,"key":"Fire Potion"},{"floor":12,"key":"ColorlessPotion"}],"is_trial":false,"path_per_floor":["M","M","M","?","M","R","M","M","T","?","?","E","?","?","R","B"],"character_chosen":"THE_SILENT","items_purchased":[],"campfire_rested":0,"item_purchase_floors":[],"current_hp_per_floor":[71,70,70,70,66,66,58,50,50,50,55,53,48,23,23,9,9],"gold":44,"neow_bonus":"TWENTY_PERCENT_HP_BONUS","is_daily":false,"chose_seed":false,"campfire_upgraded":2,"win_rate":0.0,"timestamp":1614440946,"path_taken":["M","M","M","?","M","R","M","?","T","?","?","E","?","?","R","BOSS"],"items_purchased_type":[],"build_version":"2020-12-22","purchased_purges":0,"victory":false,"max_hp_per_floor":[78,78,78,78,78,78,78,78,78,78,83,83,83,83,83,83,83],"card_choices":[{"not_picked":["Caltrops","Deadly Poison"],"picked":"Masterful Stab","floor":1},{"not_picked":["Outmaneuver","Slice"],"picked":"Well Laid Plans","floor":2},{"not_picked":["Sucker Punch","Underhanded Strike"],"picked":"Dagger Spray","floor":3},{"not_picked":["Slice","Dagger Throw"],"picked":"Adrenaline","floor":5},{"not_picked":["Slice","Bane","Acrobatics"],"picked":"SKIP","floor":7},{"not_picked":["Predator","Dodge and Roll"],"picked":"Dagger Throw","floor":8},{"not_picked":["Leg Sweep","Quick Slash"],"picked":"Adrenaline","floor":12}],"player_experience":1722150,"relics_obtained":[{"floor":9,"key":"PreservedInsect"},{"floor":12,"key":"CeramicFish"}],"event_choices":[{"damage_healed":0,"gold_gain":0,"player_choice":"Upgraded","damage_taken":0,"max_hp_gain":0,"max_hp_loss":0,"event_name":"Upgrade Shrine","floor":4,"gold_loss":0,"cards_upgraded":["Dagger Spray"]},{"cards_removed":["Strike_G"],"damage_healed":0,"gold_gain":0,"player_choice":"Card Removal","damage_taken":0,"max_hp_gain":0,"max_hp_loss":0,"event_name":"The Cleric","floor":10,"gold_loss":75},{"damage_healed":0,"gold_gain":0,"player_choice":"Donut","damage_taken":0,"max_hp_gain":5,"max_hp_loss":0,"event_name":"Big Fish","floor":11,"gold_loss":0},{"damage_healed":0,"gold_gain":0,"player_choice":"Success","damage_taken":5,"relics_obtained":["Juzu Bracelet"],"max_hp_gain":0,"max_hp_loss":0,"event_name":"Scrap Ooze","floor":13,"gold_loss":0},{"damage_healed":0,"gold_gain":0,"player_choice":"Entered Light","damage_taken":25,"max_hp_gain":0,"max_hp_loss":0,"event_name":"Shining Light","floor":14,"gold_loss":0,"cards_upgraded":["Survivor","Adrenaline"]}],"is_beta":false,"boss_relics":[],"items_purged_floors":[],"is_endless":false,"potions_floor_spawned":[1,3,7,12],"killed_by":"The Guardian","ascension_level":20}}