{"host":"fhwr1fuluf6086fh","time":1614437168,"event":{"mods":["2.2 Compatiblity","Act Like it!","BaseMod","Colored Map","Elementarium","Minty Spire (QoL Compilation)","StSLib"],"gold_per_floor":[117,117,136,152,77,77,107,122,122,122,157,171,186,197,197,269,269,289,301,64,64,82,82,111,146,146,178,191,204,204,40,40,114,114,130,130,130,130,130,130,130],"floor_reached":40,"language":"ENG","playtime":78982,"items_purged":["Strike_R"],"score":875,"play_id":"8f97df53-64d3-4d63-8b8d-d0b8a2bf8479","local_time":"20210227094608","is_ascension_mode":true,"campfire_choices":[{"data":"Iron Wave","floor":6,"key":"SMITH"},{"data":"Evolve","floor":10,"key":"SMITH"},{"data":"Shrug It Off","floor":15,"key":"SMITH"},{"data":"Double Tap","floor":23,"key":"SMITH"},{"data":"Double Tap","floor":30,"key":"SMITH"},{"data":"Rampage","floor":32,"key":"SMITH"}],"circlet_count":0,"master_deck":["AscendersBane","Strike_R","Strike_R","Strike_R","Defend_R","Defend_R","Defend_R","Defend_R","Bash","Double Tap+1","Power Through","Iron Wave+1","Blood for Blood","Cleave","Battle Trance","Evolve+1","Heavy Blade","Immolate","Seeing Red","Shrug It Off+1","Double Tap+1","Twin Strike+1","Carnage","Evolve","Reckless Charge","Rage","Rampage+1","Shrug It Off+1","Double Tap","CurseOfTheBell","Anger","Madness","Transmutation+1"],"relics":["Burning Blood","Akabeko","Dream Catcher","Singing Bowl","Mark of Pain","PreservedInsect","Sundial","Red Mask","Meat on the Bone","Bronze Scales","Medical Kit","Calling Bell","Juzu Bracelet","Mercury Hourglass","Ice Cream"],"acts_visited":["Exordium","TheCity","TheBeyond"],"potions_floor_usage":[7,7,11,19,27,40],"damage_taken":[{"damage":10,"enemies":"2 Louse","floor":1,"turns":3},{"damage":5,"enemies":"Cultist","floor":3,"turns":4},{"damage":0,"enemies":"Small Slimes","floor":4,"turns":4},{"damage":13,"enemies":"Lagavulin","floor":7,"turns":10},{"damage":1,"enemies":"3 Louse","floor":8,"turns":4},{"damage":0,"enemies":"3 Sentries","floor":11,"turns":6},{"damage":12,"enemies":"Exordium Thugs","floor":12,"turns":3},{"damage":0,"enemies":"Red Slaver","floor":13,"turns":2},{"damage":0,"enemies":"3 Louse","floor":14,"turns":2},{"damage":20,"enemies":"The Guardian","floor":16,"turns":11},{"damage":0,"enemies":"Spheric Guardian","floor":18,"turns":3},{"damage":0,"enemies":"3 Byrds","floor":19,"turns":3},{"damage":20,"enemies":"Sentry and Sphere","floor":22,"turns":5},{"damage":0,"enemies":"Slavers","floor":24,"turns":1},{"damage":0,"enemies":"Masked Bandits","floor":25,"turns":1},{"damage":17,"enemies":"Book of Stabbing","floor":27,"turns":6},{"damage":12,"enemies":"Cultist and Chosen","floor":28,"turns":4},{"damage":3,"enemies":"Chosen and Byrds","floor":29,"turns":4},{"damage":46,"enemies":"Champ","floor":33,"turns":12},{"damage":15,"enemies":"Orb Walker","floor":35,"turns":4},{"damage":80,"enemies":"Nemesis","floor":40,"turns":4}],"seed_played":"-4431489903084672315","potions_obtained":[{"floor":1,"key":"EssenceOfSteel"},{"floor":4,"key":"EssenceOfSteel"},{"floor":7,"key":"Weak Potion"},{"floor":8,"key":"Explosive Potion"},{"floor":14,"key":"BloodPotion"},{"floor":16,"key":"Block Potion"},{"floor":19,"key":"ElixirPotion"},{"floor":24,"key":"Regen Potion"},{"floor":29,"key":"Fire Potion"}],"is_trial":false,"path_per_floor":["M","?","M","M","$","R","E","M","T","R","E","M","M","M","R","B",null,"M","M","$","?","M","R","E","?","T","E","M","M","R","$","R","B",null,"M","?","?","?","?","E"],"character_chosen":"IRONCLAD","items_purchased":["PreservedInsect","Evolve","Medical Kit"],"campfire_rested":0,"item_purchase_floors":[20,20,31],"current_hp_per_floor":[64,64,65,71,71,71,64,69,69,69,75,69,75,75,75,61,72,75,75,75,75,63,63,69,75,75,76,72,75,75,75,75,47,71,62,57,57,57,57,0,0],"gold":130,"neow_bonus":"ONE_RANDOM_RARE_CARD","is_daily":false,"chose_seed":false,"campfire_upgraded":6,"win_rate":0.0,"timestamp":1614437168,"path_taken":["M","?","M","M","$","R","E","M","T","R","E","M","?","M","R","BOSS","M","M","$","?","M","R","E","?","T","E","M","M","R","$","R","BOSS","M","?","?","?","?","E"],"items_purchased_type":["Relic","Card","Relic"],"build_version":"2020-12-22","purchased_purges":1,"victory":false,"max_hp_per_floor":[75,75,75,75,75,75,75,75,75,75,75,75,75,75,75,75,75,75,75,75,75,77,77,77,77,77,77,79,79,79,79,79,79,79,79,79,79,79,79,79,79],"card_choices":[{"not_picked":["Iron Wave","Shrug It Off"],"picked":"Power Through","floor":1},{"not_picked":["Pommel Strike","Dark Embrace"],"picked":"Cleave","floor":3},{"not_picked":["Cleave","Clash"],"picked":"Battle Trance","floor":4},{"not_picked":["Anger","Brutality"],"picked":"Evolve","floor":7},{"not_picked":["Disarm","Battle Trance"],"picked":"Heavy Blade","floor":8},{"not_picked":["Bloodletting","Body Slam"],"picked":"Immolate","floor":11},{"not_picked":["Perfected Strike","Pommel Strike"],"picked":"Seeing Red","floor":12},{"not_picked":["True Grit","Headbutt"],"picked":"Shrug It Off","floor":13},{"not_picked":["Iron Wave","Headbutt"],"picked":"Clothesline","floor":14},{"not_picked":["Exhume","Feed"],"picked":"Double Tap","floor":16},{"not_picked":["Entrench","Headbutt"],"picked":"Twin Strike+1","floor":18},{"not_picked":["Headbutt","Battle Trance"],"picked":"Carnage","floor":19},{"not_picked":["Twin Strike","Sword Boomerang","Warcry"],"picked":"Singing Bowl","floor":22},{"not_picked":["Iron Wave","Headbutt"],"picked":"Reckless Charge","floor":24},{"not_picked":["Reckless Charge","Fiend Fire"],"picked":"Rage","floor":25},{"not_picked":["Warcry","Flex"],"picked":"Rampage","floor":27},{"not_picked":["Combust","Perfected Strike+1","Sword Boomerang"],"picked":"Singing Bowl","floor":28},{"not_picked":["Cleave","Sever Soul"],"picked":"Shrug It Off+1","floor":29},{"not_picked":["Exhume","Reaper"],"picked":"Double Tap","floor":33},{"not_picked":["Dual Wield+1","Heavy Blade"],"picked":"Anger","floor":35},{"not_picked":["Blind","Jack Of All Trades"],"picked":"Madness","floor":36},{"not_picked":["Jack Of All Trades","Dramatic Entrance"],"picked":"Transmutation","floor":36}],"player_experience":909201,"relics_obtained":[{"floor":7,"key":"Akabeko"},{"floor":9,"key":"Dream Catcher"},{"floor":11,"key":"Singing Bowl"},{"floor":24,"key":"Sundial"},{"floor":25,"key":"Red Mask"},{"floor":26,"key":"Meat on the Bone"},{"floor":27,"key":"Bronze Scales"},{"floor":34,"key":"Juzu Bracelet"},{"floor":34,"key":"Mercury Hourglass"},{"floor":34,"key":"Ice Cream"}],"event_choices":[{"damage_healed":0,"gold_gain":0,"player_choice":"2 cards matched","damage_taken":0,"max_hp_gain":0,"max_hp_loss":0,"event_name":"Match and Keep!","floor":2,"gold_loss":0,"cards_obtained":["Iron Wave","Blood for Blood"]},{"damage_healed":0,"gold_gain":0,"player_choice":"Ignored","damage_taken":0,"max_hp_gain":0,"max_hp_loss":0,"event_name":"Ghosts","floor":21,"gold_loss":0},{"damage_healed":0,"gold_gain":0,"player_choice":"Fought Bandits","damage_taken":0,"max_hp_gain":0,"max_hp_loss":0,"event_name":"Masked Bandits","floor":25,"gold_loss":0},{"damage_healed":0,"gold_gain":0,"player_choice":"Memory 2","damage_taken":5,"max_hp_gain":0,"max_hp_loss":0,"event_name":"SensoryStone","floor":36,"gold_loss":0},{"cards_removed":["Clothesline"],"damage_healed":0,"gold_gain":0,"player_choice":"Removed Attack","damage_taken":0,"max_hp_gain":0,"max_hp_loss":0,"event_name":"Falling","floor":37,"gold_loss":0},{"damage_healed":0,"gold_gain":0,"player_choice":"Upgraded","damage_taken":0,"max_hp_gain":0,"max_hp_loss":0,"event_name":"Upgrade Shrine","floor":38,"gold_loss":0,"cards_upgraded":["Transmutation"]},{"cards_removed":["Strike_R"],"damage_healed":0,"gold_gain":0,"player_choice":"Offered Basic","damage_taken":0,"max_hp_gain":0,"max_hp_loss":0,"event_name":"Bonfire Elementals","floor":39,"gold_loss":0}],"is_beta":false,"boss_relics":[{"not_picked":["Coffee Dripper","Pandora\u0027s Box"],"picked":"Mark of Pain"},{"not_picked":["SacredBark","Runic Pyramid"],"picked":"Calling Bell"}],"items_purged_floors":[5],"is_endless":false,"potions_floor_spawned":[1,4,7,8,14,16,18,19,24,25,29,33],"killed_by":"Nemesis","ascension_level":16}}