{"host":"8piv3t5bmy3h6dgk","time":1614396242,"event":{"mods":["AchievementEnabler","Astrologer","Bard","BaseMod","Better Altar","Better Match","BetterRewards","Colored Map","Colored Powertips","Faster Ascension Climbing","Gold Saver","Hermit","Minty Spire (QoL Compilation)","Remove Card Discount Mod","StSLib","The Bug Knight","The Cursed","The Disciple","The Hierophant","The Marked","The Necromancer","The Problem Sleuth","The Valiant","The Wild Card"],"gold_per_floor":[746,763,77,77,91,117,117,136,136,166,73,89,116,134,134,235,235,249,262,262,279,279,279,305,305,305,321,333,333,186,203,203,306,306,322,322,341,341,367,381,136,146,146,146,159,159,159,173,173,173],"floor_reached":51,"language":"ENG","playtime":2149,"items_purged":["Defend_P","Defend_P","Defend_P","Defend_P"],"score":1216,"play_id":"c421038b-2782-4641-ab8e-d4c4684448f7","local_time":"20210226222402","is_ascension_mode":false,"campfire_choices":[{"floor":7,"key":"DIG"},{"floor":15,"key":"DIG"},{"floor":23,"key":"DIG"},{"floor":25,"key":"DIG"},{"floor":29,"key":"RECALL"},{"floor":32,"key":"REST"},{"data":"Apotheosis","floor":44,"key":"SMITH"},{"data":"SandsOfTime","floor":47,"key":"SMITH"},{"floor":49,"key":"REST"}],"circlet_count":0,"master_deck":["Strike_P","Strike_P","Strike_P","Strike_P","Eruption+1","Vigilance","FlurryOfBlows","Blasphemy+1","FlurryOfBlows","Wireheading","Weave","Apotheosis+1","FlyingSleeves","Consecrate","Crescendo","CutThroughFate","CrushJoints","ClearTheMind","FlurryOfBlows","SandsOfTime+1","Conclude","SashWhip","LessonLearned","Consecrate+1","ForeignInfluence+1","FlurryOfBlows","FearNoEvil+1","Consecrate","Wish","Protect+1","MentalFortress+1","Enlightenment","Dramatic Entrance","FlurryOfBlows+1","FlurryOfBlows","Consecrate+1","FlurryOfBlows+1"],"relics":["PureWater","Melange","Ancient Tea Set","Shovel","Bag of Marbles","Pear","InkBottle","Bottled Tornado","Anchor","PreservedInsect","Boot","MutagenicStrength","Bag of Preparation","Darkstone Periapt","Prayer Wheel","Shuriken","Strawberry","VioletLotus","Bottled Lightning","TungstenRod"],"acts_visited":["Exordium","TheCity","TheBeyond"],"potions_floor_usage":[10,12,16,16,31],"damage_taken":[{"damage":0,"enemies":"2 Louse","floor":1,"turns":1},{"damage":0,"enemies":"Cultist","floor":2,"turns":2},{"damage":11,"enemies":"Jaw Worm","floor":5,"turns":2},{"damage":0,"enemies":"HollowMod:MossKnight","floor":6,"turns":2},{"damage":0,"enemies":"Exordium Wildlife","floor":8,"turns":1},{"damage":0,"enemies":"Gremlin Nob","floor":10,"turns":2},{"damage":0,"enemies":"Looter","floor":12,"turns":1},{"damage":0,"enemies":"HollowMod:MossKnight","floor":13,"turns":2},{"damage":2,"enemies":"Blue Slaver","floor":14,"turns":2},{"damage":0,"enemies":"Slime Boss","floor":16,"turns":3},{"damage":0,"enemies":"Chosen","floor":18,"turns":1},{"damage":10,"enemies":"Spheric Guardian","floor":19,"turns":3},{"damage":15,"enemies":"Snecko","floor":21,"turns":3},{"damage":0,"enemies":"Slavers","floor":24,"turns":1},{"damage":0,"enemies":"Shelled Parasite and Fungi","floor":27,"turns":1},{"damage":5,"enemies":"Snake Plant","floor":28,"turns":2},{"damage":2,"enemies":"Centurion and Healer","floor":31,"turns":2},{"damage":0,"enemies":"Champ","floor":33,"turns":3},{"damage":6,"enemies":"3 Shapes","floor":35,"turns":2},{"damage":0,"enemies":"Orb Walker","floor":37,"turns":2},{"damage":7,"enemies":"Maw","floor":40,"turns":4},{"damage":0,"enemies":"Spire Growth","floor":42,"turns":1},{"damage":0,"enemies":"Transient","floor":45,"turns":5},{"damage":0,"enemies":"Jaw Worm Horde","floor":48,"turns":1},{"damage":90,"enemies":"Awakened One","floor":50,"turns":5}],"seed_played":"7045173154257792672","potions_obtained":[{"floor":6,"key":"AttackPotion"},{"floor":10,"key":"Fruit Juice"},{"floor":12,"key":"StancePotion"},{"floor":14,"key":"Explosive Potion"},{"floor":21,"key":"DuplicationPotion"},{"floor":27,"key":"SneckoOil"},{"floor":33,"key":"Block Potion"},{"floor":45,"key":"Energy Potion"},{"floor":48,"key":"BottledMiracle"}],"is_trial":false,"path_per_floor":["M","M","$","?","M","E","R","M","T","E","$","M","E","M","R","B",null,"M","M","$","M","?","R","E","R","T","M","M","R","$","M","R","B",null,"M","?","M","?","T","M","$","M","T","R","M","?","R","M","R","B",null],"character_chosen":"WATCHER","items_purchased":["Melange","FlurryOfBlows","Blasphemy","FlurryOfBlows","Wireheading","Ancient Tea Set","Shovel","Apotheosis","Bag of Marbles","FlyingSleeves","ClearTheMind","FlurryOfBlows","Strawberry","Bottled Lightning"],"campfire_rested":2,"item_purchase_floors":[0,0,0,0,0,0,3,3,3,3,11,11,30,41],"current_hp_per_floor":[72,72,72,72,61,71,71,71,71,76,76,76,76,74,74,74,87,87,77,77,62,62,62,62,62,62,62,57,57,64,62,90,90,94,88,78,78,78,78,71,71,71,71,71,71,71,71,71,94,4],"gold":173,"neow_bonus":"","is_daily":false,"chose_seed":false,"campfire_upgraded":2,"win_rate":0.0,"timestamp":1614396242,"path_taken":["M","M","$","?","M","E","R","M","T","E","?","?","E","?","R","BOSS","M","M","$","M","?","R","E","R","T","M","M","R","$","M","R","BOSS","M","?","M","?","?","?","$","M","T","R","M","?","R","M","R","BOSS"],"items_purchased_type":["Relic","Card","Card","Card","Card","Relic","Relic","Card","Relic","Card","Card","Card","Relic","Relic"],"build_version":"2020-12-22","purchased_purges":4,"victory":true,"max_hp_per_floor":[72,72,72,72,72,82,82,82,82,87,87,87,87,87,87,87,87,87,87,87,87,87,87,87,87,87,87,87,87,94,94,94,94,94,94,94,94,94,94,94,94,94,94,94,94,94,94,94,94,94],"card_choices":[{"not_picked":["EmptyBody","Evaluate"],"picked":"Weave","floor":1},{"not_picked":["EmptyFist","Halt"],"picked":"Wallop","floor":2},{"not_picked":["Weave","EmptyFist"],"picked":"Consecrate","floor":5},{"not_picked":["JustLucky","Sanctity"],"picked":"Crescendo","floor":6},{"not_picked":["Crescendo","Halt"],"picked":"CutThroughFate","floor":8},{"not_picked":["BowlingBash","Prostrate"],"picked":"CrushJoints","floor":10},{"not_picked":["JustLucky","TalkToTheHand"],"picked":"SandsOfTime","floor":12},{"not_picked":["SashWhip","Meditate"],"picked":"Conclude","floor":13},{"not_picked":["Collect","BattleHymn"],"picked":"SashWhip","floor":14},{"not_picked":["MasterReality","Omniscience"],"picked":"LessonLearned","floor":16},{"not_picked":["Sanctity","CrushJoints+1","FlyingSleeves+1"],"picked":"SKIP","floor":18},{"not_picked":["TalkToTheHand+1","EmptyBody","Study"],"picked":"SKIP","floor":19},{"not_picked":["CutThroughFate+1","Evaluate"],"picked":"Consecrate+1","floor":21},{"not_picked":["JustLucky","TalkToTheHand","EmptyBody"],"picked":"SKIP","floor":24},{"not_picked":["WaveOfTheHand","ClearTheMind+1"],"picked":"ForeignInfluence+1","floor":27},{"not_picked":["Pray","Weave"],"picked":"FlurryOfBlows","floor":27},{"not_picked":["EmptyFist","Pray"],"picked":"FearNoEvil+1","floor":28},{"not_picked":["SignatureMove","Conclude"],"picked":"Consecrate","floor":28},{"not_picked":["Worship+1","Prostrate","Halt"],"picked":"SKIP","floor":31},{"not_picked":["Swivel+1","WaveOfTheHand","Scrawl"],"picked":"SKIP","floor":31},{"not_picked":["ConjureBlade","Judgement"],"picked":"Wish","floor":33},{"not_picked":["WindmillStrike","Weave"],"picked":"Protect+1","floor":35},{"not_picked":["WaveOfTheHand","ThirdEye+1"],"picked":"MentalFortress+1","floor":35},{"not_picked":["Trip","Apotheosis"],"picked":"Enlightenment","floor":36},{"not_picked":["Impatience","Good Instincts"],"picked":"Dramatic Entrance","floor":36},{"not_picked":["Protect","WreathOfFlame"],"picked":"FlurryOfBlows+1","floor":37},{"not_picked":["SashWhip+1","PathToVictory+1","Protect"],"picked":"SKIP","floor":37},{"not_picked":["Study+1","Pray"],"picked":"FlurryOfBlows","floor":40},{"not_picked":["BowlingBash","Prostrate","ClearTheMind+1"],"picked":"SKIP","floor":40},{"not_picked":["BowlingBash","JustLucky"],"picked":"Consecrate+1","floor":42},{"not_picked":["LessonLearned","Wireheading","ClearTheMind"],"picked":"SKIP","floor":42},{"not_picked":["JustLucky","Consecrate+1"],"picked":"FlurryOfBlows+1","floor":45},{"not_picked":["Wireheading+1","Nirvana","EmptyMind+1"],"picked":"SKIP","floor":45},{"not_picked":["BowlingBash","BattleHymn+1","Evaluate"],"picked":"SKIP","floor":48},{"not_picked":["EmptyMind","Wireheading","ReachHeaven"],"picked":"SKIP","floor":48}],"player_experience":180322,"relics_obtained":[{"floor":6,"key":"Pear"},{"floor":7,"key":"InkBottle"},{"floor":9,"key":"Bottled Tornado"},{"floor":10,"key":"Anchor"},{"floor":13,"key":"PreservedInsect"},{"floor":15,"key":"Boot"},{"floor":23,"key":"Bag of Preparation"},{"floor":24,"key":"Darkstone Periapt"},{"floor":25,"key":"Prayer Wheel"},{"floor":26,"key":"Shuriken"},{"floor":43,"key":"TungstenRod"}],"event_choices":[{"cards_removed":["Wallop"],"damage_healed":0,"gold_gain":0,"player_choice":"Purged","damage_taken":0,"max_hp_gain":0,"max_hp_loss":0,"event_name":"Purifier","floor":4,"gold_loss":0},{"damage_healed":0,"gold_gain":0,"player_choice":"Inject Mutagens","damage_taken":0,"relics_obtained":["MutagenicStrength"],"max_hp_gain":0,"max_hp_loss":0,"event_name":"Drug Dealer","floor":22,"gold_loss":0},{"damage_healed":0,"gold_gain":0,"player_choice":"Memory 3","damage_taken":10,"max_hp_gain":0,"max_hp_loss":0,"event_name":"SensoryStone","floor":36,"gold_loss":0},{"damage_healed":0,"gold_gain":0,"player_choice":"Ignored","damage_taken":0,"max_hp_gain":0,"max_hp_loss":0,"event_name":"Tomb of Lord Red Mask","floor":38,"gold_loss":0},{"damage_healed":0,"gold_gain":0,"player_choice":"Forge","damage_taken":0,"max_hp_gain":0,"max_hp_loss":0,"event_name":"Accursed Blacksmith","floor":46,"gold_loss":0,"cards_upgraded":["Blasphemy"]}],"is_beta":false,"boss_relics":[{"not_picked":["Runic Dome","Busted Crown","Empty Cage"]},{"not_picked":["SlaversCollar","Astrolabe"],"picked":"VioletLotus"}],"items_purged_floors":[0,0,0,0],"is_endless":false,"potions_floor_spawned":[6,10,12,14,21,27,33,45,48],"ascension_level":0}}