{"host":"apvnte8t1esriuig","time":1614453128,"event":{"mods":["2.2 Compatiblity","AchievementEnabler","BaseMod","Infinite Spire","Minty Spire (QoL Compilation)","Rare Cards Sparkle","StSLib"],"gold_per_floor":[111,76,87,119,119,172,172,200,200,200,231,261,296,315,315,388,388,401,401,7,20,31,64,64,82,82,116,116,116,116,130,130,207,207,221,233,295,324,170,170,185,210,210,210,38,68,93,125,125,137,147],"floor_reached":52,"language":"ENG","playtime":2235,"items_purged":["Jack Of All Trades"],"score":2157,"play_id":"6c5ecb9f-0cfd-434d-83d2-f6231374620e","local_time":"20210227201208","daily_mods":["Draft","Vintage","Colorless Cards","Heirloom","Time Dilation","Flight","DeadlyEvents","Elite Swarm"],"is_ascension_mode":true,"campfire_choices":[{"floor":10,"key":"REST"},{"floor":15,"key":"REST"},{"floor":24,"key":"REST"},{"floor":28,"key":"REST"},{"floor":29,"key":"REST"},{"data":"infinitespire:Punishment","floor":32,"key":"SMITH"},{"floor":40,"key":"REST"},{"floor":44,"key":"REST"},{"floor":49,"key":"REST"}],"circlet_count":0,"master_deck":["Demon Form","Wraith Form v2","Echo Form+1","DevaForm+1","AscendersBane","EmptyFist","Consecrate","CutThroughFate","Evaluate","Weave","SashWhip","MentalFortress","Halt","Consecrate+1","Crescendo+1","EmptyMind","Discovery+1","WheelKick","FollowUp+1","MasterReality","DeusExMachina","Alpha","DeusExMachina","Establishment","Devotion","infinitespire:Punishment+1"],"relics":["HolyWater","infinitespire:Golems Mask","Potion Belt","Pear","Bag of Marbles","Dead Branch","GoldenEye","Whetstone","Tiny Chest","Akabeko","Gambling Chip","Pen Nib","Black Star","Omamori","Yang","StoneCalendar","Smiling Mask","Singing Bowl","Vajra","infinitespire:ShieldingShard","infinitespire:BottledMercury","War Paint","infinitespire:Bottled Soul","Damaru","Matryoshka","MawBank","Bag of Preparation","Anchor","Meat on the Bone","Bronze Scales","Toy Ornithopter","MealTicket","infinitespire:Midas Blood","Oddly Smooth Stone","infinitespire:WardingShard","Membership Card","infinitespire:Lucky Rock","infinitespire:Satchel","HornCleat","Calipers","Blood Vial"],"acts_visited":["Exordium","TheCity","TheBeyond"],"potions_floor_usage":[50,50,50,50],"damage_taken":[{"damage":9,"enemies":"Jaw Worm","floor":1,"turns":3},{"damage":1,"enemies":"Small Slimes","floor":3,"turns":3},{"damage":8,"enemies":"2 Louse","floor":4,"turns":2},{"damage":1,"enemies":"Lagavulin","floor":6,"turns":5},{"damage":26,"enemies":"Gremlin Nob","floor":8,"turns":4},{"damage":1,"enemies":"Lagavulin","floor":11,"turns":5},{"damage":32,"enemies":"Gremlin Nob","floor":12,"turns":4},{"damage":4,"enemies":"Lagavulin","floor":13,"turns":6},{"damage":0,"enemies":"Gremlin Gang","floor":14,"turns":1},{"damage":12,"enemies":"Slime Boss","floor":16,"turns":4},{"damage":0,"enemies":"3 Byrds","floor":18,"turns":4},{"damage":0,"enemies":"Shell Parasite","floor":21,"turns":1},{"damage":17,"enemies":"Cultist and Chosen","floor":22,"turns":5},{"damage":0,"enemies":"Book of Stabbing","floor":23,"turns":1},{"damage":15,"enemies":"Chosen and Byrds","floor":25,"turns":4},{"damage":30,"enemies":"Gremlin Leader","floor":27,"turns":3},{"damage":0,"enemies":"Sentry and Sphere","floor":31,"turns":1},{"damage":37,"enemies":"Automaton","floor":33,"turns":6},{"damage":10,"enemies":"Orb Walker","floor":35,"turns":2},{"damage":0,"enemies":"3 Darklings","floor":38,"turns":1},{"damage":16,"enemies":"Jaw Worm Horde","floor":41,"turns":3},{"damage":34,"enemies":"Giant Head","floor":42,"turns":5},{"damage":7,"enemies":"Nemesis","floor":46,"turns":3},{"damage":18,"enemies":"Sphere and 2 Shapes","floor":47,"turns":4},{"damage":7,"enemies":"Giant Head","floor":48,"turns":4},{"damage":67,"enemies":"Awakened One","floor":50,"turns":5},{"damage":37,"enemies":"Time Eater","floor":51,"turns":4}],"seed_played":"-2922109561057133725","potions_obtained":[{"floor":1,"key":"Dexterity Potion"},{"floor":3,"key":"LiquidMemories"},{"floor":6,"key":"Fire Potion"},{"floor":8,"key":"Energy Potion"},{"floor":12,"key":"AttackPotion"},{"floor":23,"key":"Regen Potion"},{"floor":46,"key":"PowerPotion"}],"is_trial":true,"path_per_floor":["M","?","M","M","?","E","?","E","T","R","E","E","E","M","R","B",null,"M","?","$","M","M","E","R","M","T","E","R","R","AVR","M","R","B",null,"M","?","T","M","$","R","M","E","T","R","$","E","M","E","R","B","B",null],"character_chosen":"WATCHER","items_purchased":["StoneCalendar","Bronze Scales","Membership Card"],"campfire_rested":8,"item_purchase_floors":[20,39,45],"current_hp_per_floor":[52,68,77,69,69,68,68,42,42,65,64,32,28,28,51,39,68,68,68,68,68,51,51,74,59,59,29,52,75,75,75,75,40,70,60,62,62,62,62,82,66,46,46,71,84,79,61,56,82,54,31],"gold":147,"neow_bonus":"","is_daily":false,"chose_seed":false,"campfire_upgraded":1,"win_rate":0.0,"timestamp":1614453128,"path_taken":["M","?","M","M","?","E","?","E","T","R","E","E","?","M","R","BOSS","M","?","$","M","M","E","R","M","T","E","R","R","AVR","M","R","BOSS","M","?","?","M","$","R","M","E","T","R","$","E","?","?","R","BOSS","BOSS"],"items_purchased_type":["Relic","Relic","Relic"],"build_version":"2020-12-22","purchased_purges":1,"victory":true,"max_hp_per_floor":[68,68,78,78,78,78,78,78,78,78,78,78,78,78,78,78,78,78,78,78,78,78,78,78,78,78,78,78,78,78,78,78,80,80,80,82,82,82,82,82,82,84,84,84,84,86,86,88,88,88,88],"card_choices":[{"not_picked":["Halt","Madness"],"picked":"EmptyFist","floor":0},{"not_picked":["ClearTheMind","Forethought"],"picked":"Jack Of All Trades","floor":0},{"not_picked":["Adaptation","EmptyBody"],"picked":"Consecrate","floor":0},{"not_picked":["Perseverance","EmptyFist"],"picked":"CutThroughFate","floor":0},{"not_picked":["Protect","FollowUp"],"picked":"Evaluate","floor":0},{"not_picked":["WreathOfFlame","CrushJoints"],"picked":"Weave","floor":0},{"not_picked":["Finesse","Deep Breath"],"picked":"SashWhip","floor":0},{"not_picked":["Evaluate","Flash of Steel"],"picked":"MentalFortress","floor":0},{"not_picked":["ClearTheMind","Panacea"],"picked":"Halt","floor":0},{"not_picked":["FlyingSleeves","WreathOfFlame"],"picked":"Consecrate","floor":0},{"not_picked":["Flash of Steel","EmptyFist"],"picked":"Crescendo","floor":0},{"not_picked":["Crescendo","PanicButton"],"picked":"EmptyMind","floor":0},{"not_picked":["PanicButton","Purity"],"picked":"Discovery","floor":0},{"not_picked":["Evaluate","ReachHeaven"],"picked":"WheelKick","floor":0},{"not_picked":["Halt","Vengeance"],"picked":"FollowUp","floor":0},{"not_picked":["ConjureBlade","Blasphemy"],"picked":"MasterReality","floor":6},{"not_picked":["Blasphemy","MasterReality","Magnetism"],"picked":"SKIP","floor":8},{"not_picked":["Chrysalis","Scrawl","SpiritShield"],"picked":"SKIP","floor":11},{"not_picked":["Thinking Ahead","Transmutation"],"picked":"DeusExMachina","floor":12},{"not_picked":["Scrawl","Vault"],"picked":"Alpha","floor":13},{"not_picked":["Secret Technique","Magnetism"],"picked":"DeusExMachina","floor":16},{"not_picked":["Master of Strategy","DeusExMachina"],"picked":"Establishment","floor":23},{"not_picked":["Alpha","Sadistic Nature"],"picked":"Devotion","floor":27},{"not_picked":["SpiritShield","Magnetism","MasterReality"],"picked":"Singing Bowl","floor":33},{"not_picked":["Secret Technique","Transmutation","Deep Breath"],"picked":"Singing Bowl","floor":36},{"not_picked":["Alpha","LessonLearned","Vault"],"picked":"Singing Bowl","floor":42},{"not_picked":["Magnetism","Omniscience","ConjureBlade"],"picked":"Singing Bowl","floor":46},{"not_picked":["MasterReality","Wish","Ragnarok"],"picked":"Singing Bowl","floor":48}],"player_experience":353604,"relics_obtained":[{"floor":1,"key":"Potion Belt"},{"floor":3,"key":"Pear"},{"floor":4,"key":"Bag of Marbles"},{"floor":6,"key":"Dead Branch"},{"floor":8,"key":"GoldenEye"},{"floor":9,"key":"Whetstone"},{"floor":11,"key":"Tiny Chest"},{"floor":12,"key":"Akabeko"},{"floor":13,"key":"Gambling Chip"},{"floor":14,"key":"Pen Nib"},{"floor":18,"key":"Omamori"},{"floor":21,"key":"Smiling Mask"},{"floor":22,"key":"Singing Bowl"},{"floor":23,"key":"Vajra"},{"floor":23,"key":"infinitespire:ShieldingShard"},{"floor":25,"key":"infinitespire:BottledMercury"},{"floor":26,"key":"War Paint"},{"floor":27,"key":"infinitespire:Bottled Soul"},{"floor":27,"key":"Damaru"},{"floor":31,"key":"Matryoshka"},{"floor":35,"key":"MawBank"},{"floor":37,"key":"Bag of Preparation"},{"floor":37,"key":"Anchor"},{"floor":38,"key":"Meat on the Bone"},{"floor":41,"key":"Toy Ornithopter"},{"floor":42,"key":"MealTicket"},{"floor":42,"key":"infinitespire:Midas Blood"},{"floor":43,"key":"Oddly Smooth Stone"},{"floor":43,"key":"infinitespire:WardingShard"},{"floor":46,"key":"infinitespire:Lucky Rock"},{"floor":46,"key":"infinitespire:Satchel"},{"floor":47,"key":"HornCleat"},{"floor":48,"key":"Calipers"},{"floor":48,"key":"Blood Vial"}],"event_choices":[{"damage_healed":17,"gold_gain":0,"player_choice":"Healed","damage_taken":0,"max_hp_gain":0,"max_hp_loss":0,"event_name":"The Cleric","floor":2,"gold_loss":35},{"damage_healed":0,"gold_gain":0,"player_choice":"Grow","damage_taken":0,"max_hp_gain":0,"max_hp_loss":0,"event_name":"Living Wall","floor":7,"gold_loss":0,"cards_upgraded":["Echo Form"]},{"damage_healed":0,"gold_gain":0,"player_choice":"Stole Relic","damage_taken":0,"relics_obtained":["Yang"],"max_hp_gain":0,"max_hp_loss":0,"event_name":"Addict","floor":19,"gold_loss":0,"cards_obtained":["Shame"]},{"damage_healed":0,"gold_gain":0,"player_choice":"Memory 1","damage_taken":0,"max_hp_gain":0,"max_hp_loss":0,"event_name":"SensoryStone","floor":36,"gold_loss":0}],"is_beta":false,"boss_relics":[{"not_picked":["infinitespire:Cupcake","Fusion Hammer"],"picked":"Black Star"},{"not_picked":["Runic Dome","VioletLotus"],"picked":"HolyWater"}],"items_purged_floors":[20],"is_endless":false,"potions_floor_spawned":[1,3,6,8,12,18,23,25,33,35,38,46],"ascension_level":20}}