{"host":"c97twqu0op5dg8i4","time":1614414647,"event":{"mods":["AchievementEnabler","BaseMod","Colored Map","Minty Spire (QoL Compilation)","Permanent Neow"],"gold_per_floor":[19,19,31,51,51,51,82,82,105,105,289,289,305,86,86,86,193,193,213,242,242,259,69,69,108,108,108,123,148,489,502,523,523,633,660,682,682,701,701,101,101,51,51,75,145,168,168,188,227,288,288,288,288],"floor_reached":54,"language":"ENG","playtime":1436,"items_purged":["Doubt","Meteor Strike+1","Zap"],"score":1228,"play_id":"9fd268fb-88eb-43e4-b278-721a1ad5f563","local_time":"20210227033047","is_ascension_mode":true,"campfire_choices":[{"data":"Tempest","floor":6,"key":"SMITH"},{"floor":8,"key":"REST"},{"data":"Electrodynamics","floor":15,"key":"SMITH"},{"data":"Static Discharge","floor":16,"key":"SMITH"},{"floor":24,"key":"REST"},{"floor":26,"key":"REST"},{"floor":33,"key":"REST"},{"floor":41,"key":"REST"},{"data":"Consume","floor":43,"key":"SMITH"},{"floor":47,"key":"REST"},{"floor":51,"key":"REST"},{"data":"Biased Cognition","floor":52,"key":"SMITH"}],"circlet_count":0,"master_deck":["AscendersBane","Defend_B","Defend_B","Defend_B","Dualcast","Electrodynamics+1","Tempest+1","Barrage","Leap","Static Discharge+1","Biased Cognition+1","Storm","Conserve Battery","Loop","Ball Lightning+1","Loop","Multi-Cast","Seek","Undo+1","Capacitor+1","Consume+1","Glacier","Thunder Strike","Electrodynamics","Capacitor","Heatsinks","Capacitor","Storm","Cold Snap","Redo+1","Reinforced Body"],"relics":["Cracked Core","Akabeko","MealTicket","CeramicFish","Chemical X","Black Star","Toy Ornithopter","Matryoshka","Anchor","Regal Pillow","Cables","Smiling Mask","Old Coin","Astrolabe","Bird Faced Urn","Orrery","Lantern","DataDisk","Kunai","Pantograph","Shuriken","Mango"],"acts_visited":["Exordium","TheCity","TheBeyond"],"potions_floor_usage":[7,22,30,46,49],"damage_taken":[{"damage":0,"enemies":"Small Slimes","floor":1,"turns":2},{"damage":0,"enemies":"Cultist","floor":3,"turns":3},{"damage":9,"enemies":"Jaw Worm","floor":4,"turns":3},{"damage":10,"enemies":"3 Sentries","floor":7,"turns":2},{"damage":20,"enemies":"Gremlin Gang","floor":13,"turns":2},{"damage":43,"enemies":"Hexaghost","floor":17,"turns":6},{"damage":28,"enemies":"2 Thieves","floor":19,"turns":2},{"damage":19,"enemies":"Shell Parasite","floor":20,"turns":2},{"damage":5,"enemies":"Snecko","floor":22,"turns":3},{"damage":33,"enemies":"Slavers","floor":25,"turns":3},{"damage":18,"enemies":"Shelled Parasite and Fungi","floor":28,"turns":4},{"damage":22,"enemies":"Snake Plant","floor":29,"turns":3},{"damage":26,"enemies":"Book of Stabbing","floor":30,"turns":3},{"damage":12,"enemies":"Centurion and Healer","floor":31,"turns":3},{"damage":0,"enemies":"Snecko","floor":32,"turns":1},{"damage":35,"enemies":"Collector","floor":34,"turns":5},{"damage":15,"enemies":"Orb Walker","floor":36,"turns":4},{"damage":19,"enemies":"3 Shapes","floor":38,"turns":2},{"damage":54,"enemies":"Spire Growth","floor":46,"turns":4},{"damage":22,"enemies":"Sphere and 2 Shapes","floor":48,"turns":3},{"damage":34,"enemies":"Reptomancer","floor":49,"turns":3},{"damage":38,"enemies":"2 Orb Walkers","floor":50,"turns":3},{"damage":65,"enemies":"Time Eater","floor":53,"turns":7}],"seed_played":"5016133066595037448","potions_obtained":[{"floor":1,"key":"Weak Potion"},{"floor":4,"key":"Explosive Potion"},{"floor":17,"key":"FairyPotion"},{"floor":20,"key":"Swift Potion"},{"floor":22,"key":"EssenceOfSteel"},{"floor":32,"key":"SpeedPotion"},{"floor":37,"key":"FocusPotion"},{"floor":37,"key":"PowerPotion"},{"floor":48,"key":"EssenceOfDarkness"}],"is_trial":false,"path_per_floor":["M","?","M","M","$","R","E","R","T","?","?","?","M","$","R","R","B",null,"M","M","?","M","$","R","E","R","T","M","M","E","M","M","R","B",null,"M","?","M","?","$","R","$","R","T","T","M","R","M","E","?","R","R","B",null],"character_chosen":"DEFECT","items_purchased":["Chemical X","Toy Ornithopter","Conserve Battery","Thunder Strike","Bird Faced Urn","Orrery"],"campfire_rested":7,"item_purchase_floors":[14,23,23,40,40,40],"current_hp_per_floor":[68,68,68,59,59,59,49,71,71,64,64,69,49,64,64,64,21,65,37,18,18,13,28,52,19,43,43,25,3,24,12,12,51,16,64,49,49,30,30,45,80,80,80,80,80,36,75,62,43,27,70,70,47],"gold":288,"neow_bonus":"THREE_RARE_CARDS","is_daily":false,"chose_seed":false,"campfire_upgraded":5,"win_rate":0.0,"timestamp":1614414647,"path_taken":["M","?","?","M","$","R","E","R","T","?","?","?","M","?","R","R","BOSS","M","?","?","M","$","R","E","R","T","M","M","E","M","?","R","BOSS","M","?","?","?","$","R","?","R","T","T","M","R","M","E","?","R","R","BOSS"],"items_purchased_type":["Relic","Relic","Card","Card","Relic","Relic"],"build_version":"2020-12-22","purchased_purges":3,"victory":true,"max_hp_per_floor":[75,75,75,75,75,75,75,75,75,75,75,80,80,80,80,80,80,80,80,80,80,80,80,80,80,80,80,80,80,80,80,80,80,80,80,80,80,80,80,80,80,80,80,80,80,80,80,80,80,94,94,94,94],"card_choices":[{"not_picked":["Amplify","Fission"],"picked":"Electrodynamics","floor":0},{"not_picked":["Fusion","Redo"],"picked":"Tempest","floor":1},{"not_picked":["Cold Snap","Beam Cell"],"picked":"Barrage","floor":3},{"not_picked":["Barrage","Melter"],"picked":"Leap","floor":4},{"not_picked":["Recycle","Steam"],"picked":"Static Discharge","floor":7},{"not_picked":["Force Field","Fusion","Cold Snap"],"picked":"SKIP","floor":13},{"not_picked":["Hyperbeam","Buffer"],"picked":"Biased Cognition","floor":17},{"not_picked":["Reprogram","Go for the Eyes","Hologram"],"picked":"SKIP","floor":19},{"not_picked":["Glacier+1","Force Field+1"],"picked":"Storm","floor":20},{"not_picked":["Redo","Amplify","Gash"],"picked":"SKIP","floor":22},{"not_picked":["Tempest","Double Energy"],"picked":"Loop","floor":25},{"not_picked":["Go for the Eyes","Rebound","Multi-Cast"],"picked":"SKIP","floor":28},{"not_picked":["BootSequence","Stack"],"picked":"Ball Lightning+1","floor":29},{"not_picked":["Melter","Compile Driver"],"picked":"Loop","floor":30},{"not_picked":["White Noise","Gash","Beam Cell"],"picked":"SKIP","floor":31},{"not_picked":["Coolheaded","Sweeping Beam"],"picked":"Multi-Cast","floor":32},{"not_picked":["Electrodynamics","Reboot"],"picked":"Seek","floor":34},{"not_picked":["Force Field","Cold Snap"],"picked":"Consume","floor":36},{"not_picked":["Steam","Heatsinks+1"],"picked":"Glacier","floor":38},{"not_picked":["Steam","Rebound"],"picked":"Electrodynamics","floor":40},{"not_picked":["Darkness+1","Recycle"],"picked":"Capacitor","floor":40},{"not_picked":["Auto Shields","Streamline+1"],"picked":"Heatsinks","floor":40},{"not_picked":["Beam Cell","Streamline+1"],"picked":"Capacitor","floor":40},{"not_picked":["Go for the Eyes","Ball Lightning"],"picked":"Storm","floor":46},{"not_picked":["Leap","Hyperbeam"],"picked":"Cold Snap","floor":48},{"not_picked":["Leap","Gash+1"],"picked":"Redo+1","floor":49},{"not_picked":["Leap+1","Ball Lightning"],"picked":"Reinforced Body","floor":50}],"player_experience":436162,"relics_obtained":[{"floor":7,"key":"MealTicket"},{"floor":9,"key":"CeramicFish"},{"floor":25,"key":"Matryoshka"},{"floor":25,"key":"Anchor"},{"floor":27,"key":"Regal Pillow"},{"floor":27,"key":"Cables"},{"floor":30,"key":"Smiling Mask"},{"floor":30,"key":"Old Coin"},{"floor":44,"key":"Lantern"},{"floor":44,"key":"DataDisk"},{"floor":45,"key":"Kunai"},{"floor":49,"key":"Pantograph"},{"floor":49,"key":"Shuriken"},{"floor":50,"key":"Mango"}],"event_choices":[{"damage_healed":0,"gold_gain":0,"player_choice":"Gave Potion","damage_taken":0,"relics_obtained":["Akabeko"],"max_hp_gain":0,"max_hp_loss":0,"event_name":"WeMeetAgain","floor":2,"gold_loss":0},{"cards_removed":["Strike_B"],"damage_healed":0,"gold_gain":0,"player_choice":"Card Removal","damage_taken":7,"max_hp_gain":0,"max_hp_loss":0,"event_name":"Golden Wing","floor":10,"gold_loss":0},{"damage_healed":0,"gold_gain":175,"player_choice":"AGREE","damage_taken":0,"max_hp_gain":0,"max_hp_loss":0,"event_name":"Liars Game","floor":11,"gold_loss":0,"cards_obtained":["Doubt"]},{"damage_healed":0,"gold_gain":0,"player_choice":"Donut","damage_taken":0,"max_hp_gain":5,"max_hp_loss":0,"event_name":"Big Fish","floor":12,"gold_loss":0},{"cards_removed":["Strike_B"],"damage_healed":0,"gold_gain":0,"player_choice":"Purged","damage_taken":0,"max_hp_gain":0,"max_hp_loss":0,"event_name":"Purifier","floor":21,"gold_loss":0},{"damage_healed":0,"gold_gain":0,"player_choice":"Got Potions","damage_taken":0,"max_hp_gain":0,"max_hp_loss":0,"event_name":"Lab","floor":37,"gold_loss":0},{"damage_healed":0,"gold_gain":0,"player_choice":"Memory 1","damage_taken":0,"max_hp_gain":0,"max_hp_loss":0,"event_name":"SensoryStone","floor":39,"gold_loss":0},{"damage_healed":0,"gold_gain":0,"player_choice":"Fight","damage_taken":0,"max_hp_gain":0,"max_hp_loss":0,"event_name":"Mysterious Sphere","floor":50,"gold_loss":0}],"is_beta":false,"boss_relics":[{"not_picked":["Coffee Dripper","Ectoplasm"],"picked":"Black Star"},{"not_picked":["FrozenCore","Philosopher\u0027s Stone"],"picked":"Astrolabe"}],"items_purged_floors":[14,40,42],"is_endless":false,"potions_floor_spawned":[1,4,17,20,22,28,29,32,38,48],"ascension_level":12}}