{"host":"9v3x998ddbx8o276","time":1614388477,"event":{"mods":["AchievementEnabler","BaseMod","Colored Map","Colored Powertips","Highlight Path","Minty Spire (QoL Compilation)","Quick Restart","Rare Cards Sparkle"],"gold_per_floor":[117,117,137,6,6,37,55,89,168,195,210,226,258,269,269,343,343,358,368,385,82,82,111,111,122,122,122,139,139,139],"floor_reached":29,"language":"ENG","playtime":3508,"items_purged":["Clumsy"],"score":654,"play_id":"d1998e88-6741-4697-9dd9-9f8a91cb09d0","local_time":"20210227114437","is_ascension_mode":true,"campfire_choices":[{"floor":15,"key":"REST"},{"floor":24,"key":"REST"},{"floor":27,"key":"REST"}],"circlet_count":0,"master_deck":["AscendersBane","Strike_R","Strike_R","Strike_R","Strike_R","Strike_R","Defend_R","Defend_R+1","Defend_R","Defend_R","Bash","Cleave+1","Offering","Anger","Clothesline","Spot Weakness","Warcry","Flame Barrier","Bloodletting","Rupture","Whirlwind","Pommel Strike","Corruption","Thunderclap","Twin Strike","Heavy Blade","Limit Break","Immolate","Hemokinesis","Dark Embrace","Combust+1","Evolve"],"relics":["Black Blood","NeowsBlessing","Girya","Anchor","Mercury Hourglass","Vajra","Tiny Chest","Pear","Question Card"],"acts_visited":["Exordium","TheCity"],"potions_floor_usage":[16,23,25],"damage_taken":[{"damage":0.0,"enemies":"2 Louse","floor":1.0,"turns":1.0},{"damage":0.0,"enemies":"Cultist","floor":3.0,"turns":1.0},{"damage":0.0,"enemies":"3 Sentries","floor":6.0,"turns":1.0},{"damage":8.0,"enemies":"Small Slimes","floor":7.0,"turns":3.0},{"damage":38.0,"enemies":"Gremlin Nob","floor":8.0,"turns":4.0},{"damage":21.0,"enemies":"Lagavulin","floor":10.0,"turns":4.0},{"damage":0.0,"enemies":"2 Fungi Beasts","floor":11.0,"turns":2.0},{"damage":6.0,"enemies":"Lots of Slimes","floor":12.0,"turns":2.0},{"damage":6,"enemies":"3 Sentries","floor":13,"turns":4},{"damage":4,"enemies":"3 Louse","floor":14,"turns":2},{"damage":15,"enemies":"Hexaghost","floor":16,"turns":6},{"damage":9,"enemies":"Spheric Guardian","floor":18,"turns":3},{"damage":15,"enemies":"Chosen","floor":19,"turns":3},{"damage":24,"enemies":"Centurion and Healer","floor":20,"turns":4},{"damage":58,"enemies":"Gremlin Leader","floor":23,"turns":7},{"damage":34,"enemies":"3 Cultists","floor":25,"turns":4},{"damage":56,"enemies":"Shelled Parasite and Fungi","floor":28,"turns":5},{"damage":31,"enemies":"Sentry and Sphere","floor":29,"turns":3}],"seed_played":"627785992267862391","potions_obtained":[{"floor":10.0,"key":"ColorlessPotion"},{"floor":11.0,"key":"FairyPotion"},{"floor":23,"key":"Weak Potion"}],"is_trial":false,"path_per_floor":["M","?","M","$","?","E","M","E","T","E","M","M","E","M","R","B",null,"M","M","M","$","?","E","R","M","T","R","M","M"],"character_chosen":"IRONCLAD","items_purchased":["Explosive Potion","Limit Break","Immolate","Fire Potion"],"campfire_rested":3,"item_purchase_floors":[4,21,21,21],"current_hp_per_floor":[74,74,75,75,52,58,56,24,24,9,15,15,15,17,39,30,64,67,64,52,52,52,42,67,45,45,70,26,0,0],"gold":139,"neow_bonus":"THREE_ENEMY_KILL","is_daily":false,"chose_seed":false,"campfire_upgraded":0,"win_rate":0.0,"timestamp":1614388477,"path_taken":["M","?","?","$","?","E","M","E","T","E","M","M","E","M","R","BOSS","M","M","M","$","?","E","R","M","T","R","M","M"],"items_purchased_type":["Potion","Card","Card","Potion"],"build_version":"2020-12-22","purchased_purges":1,"victory":false,"max_hp_per_floor":[75,75,75,75,75,75,75,75,75,75,75,75,75,75,75,75,75,75,75,75,75,75,85,85,85,85,85,85,85,85],"card_choices":[{"not_picked":["Thunderclap","Havoc"],"picked":"Cleave","floor":1.0},{"not_picked":["Iron Wave","Headbutt"],"picked":"Anger","floor":3.0},{"not_picked":["Reckless Charge","Shrug It Off"],"picked":"Clothesline","floor":6.0},{"not_picked":["Shockwave","Intimidate"],"picked":"Spot Weakness","floor":7.0},{"not_picked":["Perfected Strike","Clash"],"picked":"Warcry","floor":8.0},{"not_picked":["Perfected Strike","Anger"],"picked":"Flame Barrier","floor":10.0},{"not_picked":["Headbutt","Perfected Strike"],"picked":"Bloodletting","floor":11.0},{"not_picked":["Seeing Red","Clothesline"],"picked":"Rupture","floor":12.0},{"not_picked":["Anger","Twin Strike"],"picked":"Whirlwind","floor":13},{"not_picked":["Rage","Shockwave"],"picked":"Pommel Strike","floor":14},{"not_picked":["Bludgeon","Barricade"],"picked":"Corruption","floor":16},{"not_picked":["Clothesline","Anger"],"picked":"Thunderclap","floor":18},{"not_picked":["Burning Pact","Dark Embrace"],"picked":"Twin Strike","floor":19},{"not_picked":["Perfected Strike","Headbutt"],"picked":"Heavy Blade","floor":20},{"not_picked":["Pommel Strike","Armaments"],"picked":"Dark Embrace","floor":23},{"not_picked":["Anger","Armaments"],"picked":"Combust+1","floor":25},{"not_picked":["Sword Boomerang","Dropkick","Twin Strike"],"picked":"Evolve","floor":28}],"player_experience":2261188,"relics_obtained":[{"floor":6.0,"key":"Girya"},{"floor":8.0,"key":"Anchor"},{"floor":9.0,"key":"Mercury Hourglass"},{"floor":10.0,"key":"Vajra"},{"floor":13,"key":"Tiny Chest"},{"floor":23,"key":"Pear"},{"floor":26,"key":"Question Card"}],"event_choices":[{"damage_healed":0.0,"max_hp_gain":0.0,"max_hp_loss":0.0,"gold_gain":0.0,"event_name":"Match and Keep!","player_choice":"2 cards matched","floor":2.0,"gold_loss":0.0,"damage_taken":0.0,"cards_obtained":["Offering","Clumsy"]},{"damage_healed":0.0,"max_hp_gain":0.0,"max_hp_loss":0.0,"gold_gain":0.0,"event_name":"Shining Light","player_choice":"Entered Light","floor":5.0,"gold_loss":0.0,"damage_taken":23.0,"cards_upgraded":["Cleave","Defend_R"]},{"damage_healed":0,"gold_gain":0,"player_choice":"1 cards matched","damage_taken":0,"max_hp_gain":0,"max_hp_loss":0,"event_name":"Match and Keep!","floor":22,"gold_loss":0,"cards_obtained":["Hemokinesis"]}],"is_beta":false,"boss_relics":[{"not_picked":["Runic Dome","Mark of Pain"],"picked":"Black Blood"}],"items_purged_floors":[4],"is_endless":false,"potions_floor_spawned":[10,11,12,13,23],"killed_by":"Sentry and Sphere","ascension_level":20}}