{"host":"6h0diz2ap0m56grs","time":1614392934,"event":{"mods":["2.2 Compatiblity","BaseMod","Colored Map","Marisa????????","Minty Spire (QoL Compilation)","Quick Restart","Replay The Spire","Shop Mod","StSLib","The Cursed","The Exalted","The Necromancer","The Servant 0.9.4"],"gold_per_floor":[119,136,182,198,43,69,95,121,121,156,190,190,190,190,190,311,311,332,348,348,348,83,123,154,195,195,195,195,195,218,233,233,357,357,373,436,436,182,182,215,215,215],"floor_reached":41,"language":"ENG","playtime":1318,"items_purged":[],"score":1140,"play_id":"08fbb93c-8bf7-4968-91f4-e4a3ff6e3b9f","local_time":"20210226202854","daily_mods":["SealedDeck","Heirloom","Time Dilation","Flight"],"is_ascension_mode":true,"campfire_choices":[{"data":"SilverBlades","floor":12,"key":"SMITH"},{"data":"SilverBlades","floor":15,"key":"SMITH"},{"data":"Read","floor":27,"key":"SMITH"},{"data":"Misdirection","floor":28,"key":"SMITH"},{"data":"Ricochet","floor":29,"key":"SMITH"},{"data":"Pot Of Greed","floor":32,"key":"SMITH"}],"circlet_count":0,"master_deck":["Rearm","FastForward","FastForward","TimeTheft","SilverBlades+1","Defy","Orbit+1","Ricochet+1","Misdirection+1","Moonlight","Ricochet+1","SilverBlades+1","InstantArmor","Pot Of Greed+1","Pot Of Greed","GearUp","Sunlight+1","BottledTime","Read+1","Orbit+1","PendulumOfEternity+1","Barrier"],"relics":["Uniform","replay:Trail_Library","Pondfish Scales","Sling","FossilizedHelix","Ancient Tea Set","Calipers","Molten Egg 2","Anchor","Golden Idol","Snecko Heart","MerchantsRug","Bag of Marbles","Frozen Egg 2","Happy Flower","Quantum Egg","SlaversCollar","Orichalcum","ReplayTheSpireMod:Lightbulb","Boot"],"acts_visited":["Exordium","TheCity","TheBeyond"],"potions_floor_usage":[],"damage_taken":[{"damage":0,"enemies":"Cultist","floor":1,"turns":3},{"damage":0,"enemies":"Jaw Worm","floor":2,"turns":3},{"damage":0,"enemies":"2 Louse","floor":4,"turns":2},{"damage":0,"enemies":"3 Sentries","floor":6,"turns":3},{"damage":0,"enemies":"Lagavulin","floor":7,"turns":4},{"damage":0,"enemies":"3 Sentries","floor":8,"turns":2},{"damage":0,"enemies":"Lagavulin","floor":10,"turns":3},{"damage":0,"enemies":"Gremlin Nob","floor":11,"turns":3},{"damage":0,"enemies":"The Guardian","floor":16,"turns":4},{"damage":0,"enemies":"2 Thieves","floor":18,"turns":2},{"damage":0,"enemies":"3 Byrds","floor":19,"turns":2},{"damage":0,"enemies":"Slavers","floor":23,"turns":2},{"damage":0,"enemies":"Gremlin Leader","floor":24,"turns":3},{"damage":0,"enemies":"Replay:Snechameleon","floor":25,"turns":1},{"damage":0,"enemies":"Centurion and Healer","floor":30,"turns":1},{"damage":0,"enemies":"Snake Plant","floor":31,"turns":3},{"damage":0,"enemies":"Pondfish","floor":33,"turns":5},{"damage":0,"enemies":"Orb Walker","floor":35,"turns":2},{"damage":31,"enemies":"2 Orb Walkers","floor":36,"turns":4},{"damage":0,"enemies":"Nemesis","floor":40,"turns":3},{"damage":0,"enemies":"R_Hoarder","floor":41,"turns":1}],"seed_played":"5056317912677850172","potions_obtained":[{"floor":2,"key":"Milkshake"},{"floor":3,"key":"Ancient Potion"},{"floor":3,"key":"Explosive Potion"},{"floor":18,"key":"PowerPotion"}],"is_trial":true,"path_per_floor":["M","M","?","M","$","E","E","E","T","E","E","R","?","?","R","B",null,"M","M","?","?","$","E","E","E","T","R","R","R","M","M","R","B",null,"M","?","?","$","?","E","E"],"character_chosen":"THE_SERVANT","items_purchased":["Sling","MerchantsRug","Whetstone","Orichalcum","ReplayTheSpireMod:Lightbulb"],"campfire_rested":0,"item_purchase_floors":[5,22,22,38,38],"current_hp_per_floor":[65,65,49,49,49,49,49,49,49,49,49,49,33,33,33,33,65,65,65,65,65,65,65,65,65,65,65,65,65,65,65,65,65,65,65,34,34,34,39,39,39,39],"gold":215,"neow_bonus":"","is_daily":false,"chose_seed":false,"campfire_upgraded":6,"win_rate":0.0,"timestamp":1614392934,"path_taken":["M","M","?","?","$","E","E","E","T","E","E","R","?","?","R","BOSS","M","?","?","?","$","E","E","E","T","R","R","R","M","M","R","BOSS","M","?","?","$","?","E","E"],"items_purchased_type":["Relic","Relic","Relic","Relic","Relic"],"build_version":"2020-12-22","purchased_purges":0,"victory":false,"max_hp_per_floor":[65,65,65,65,65,65,65,65,65,65,65,65,65,65,65,65,65,65,65,65,65,65,65,65,65,65,65,65,65,65,65,65,65,65,65,65,65,65,65,65,65,65],"card_choices":[{"not_picked":["Foresight","Potential","Replace"],"picked":"SKIP","floor":1},{"not_picked":["ShatteredReality","BottledTime"],"picked":"Moonlight","floor":2},{"not_picked":["Hightail","ShatteredReality"],"picked":"Ricochet","floor":4},{"not_picked":["Orbit","ReturningBlade"],"picked":"SilverBlades","floor":6},{"not_picked":["Rewind","Starlight"],"picked":"InstantArmor","floor":7},{"not_picked":["ReturningBlade","Manipulate","Unruled"],"picked":"SKIP","floor":8},{"not_picked":["Rewind","Deny","TimeWarp+1"],"picked":"SKIP","floor":10},{"not_picked":["Rewind","Moondial"],"picked":"GearUp","floor":11},{"not_picked":["SoulSculpture+1","LightFlow+1"],"picked":"Sunlight+1","floor":16},{"not_picked":["Spin+1","GearUp","ShatteredReality+1"],"picked":"SKIP","floor":18},{"not_picked":["ShatteredReality+1","Unruled+1","Revamp"],"picked":"SKIP","floor":19},{"not_picked":["StarChef","FastForward","Potential+1"],"picked":"SKIP","floor":23},{"not_picked":["Ricochet+1","ShiftingGears"],"picked":"Read","floor":24},{"not_picked":["Unruled+1","GearUp","Revamp"],"picked":"SKIP","floor":25},{"not_picked":["Spin+1","FloweringNight+1","TimeWarp+1"],"picked":"SKIP","floor":30},{"not_picked":["Spin+1","Read","Potential+1"],"picked":"SKIP","floor":31},{"not_picked":["FloweringNight+1","Duplication"],"picked":"PendulumOfEternity+1","floor":33},{"not_picked":["Shuttle","DoubleEdge+1"],"picked":"Barrier","floor":35},{"not_picked":["GearUp+1","TheWorld","Reset+1"],"picked":"SKIP","floor":40}],"player_experience":575371,"relics_obtained":[{"floor":6,"key":"FossilizedHelix"},{"floor":7,"key":"Ancient Tea Set"},{"floor":8,"key":"Calipers"},{"floor":9,"key":"Molten Egg 2"},{"floor":10,"key":"Anchor"},{"floor":11,"key":"Grinning Jar"},{"floor":23,"key":"Bag of Marbles"},{"floor":24,"key":"Frozen Egg 2"},{"floor":25,"key":"Happy Flower"},{"floor":26,"key":"Quantum Egg"},{"floor":36,"key":"Girya"},{"floor":40,"key":"Boot"}],"event_choices":[{"damage_healed":0,"gold_gain":0,"player_choice":"Take Damage","damage_taken":16,"relics_obtained":["Golden Idol"],"max_hp_gain":0,"max_hp_loss":0,"event_name":"Golden Idol","floor":13,"gold_loss":0},{"damage_healed":0,"gold_gain":0,"player_choice":"Ignored","damage_taken":0,"max_hp_gain":0,"max_hp_loss":0,"event_name":"Transmorgrifier","floor":14,"gold_loss":0},{"damage_healed":0,"gold_gain":0,"player_choice":"Ignored","damage_taken":0,"max_hp_gain":0,"max_hp_loss":0,"event_name":"Vampires","floor":21,"gold_loss":0},{"damage_healed":0,"gold_gain":0,"player_choice":"Fight","damage_taken":0,"max_hp_gain":0,"max_hp_loss":0,"event_name":"Mysterious Sphere","floor":36,"gold_loss":0},{"damage_healed":0,"gold_gain":0,"player_choice":"Ignored","damage_taken":0,"max_hp_gain":0,"max_hp_loss":0,"event_name":"Tomb of Lord Red Mask","floor":37,"gold_loss":0},{"cards_removed":["BottledTime"],"damage_healed":5,"gold_gain":0,"player_choice":"Offered Common","damage_taken":0,"max_hp_gain":0,"max_hp_loss":0,"event_name":"Bonfire Elementals","floor":39,"gold_loss":0},{"cards_removed":["BottledTime"],"damage_healed":5,"gold_gain":0,"player_choice":"Offered Special","damage_taken":0,"max_hp_gain":0,"max_hp_loss":0,"event_name":"Bonfire Elementals","floor":39,"gold_loss":0}],"is_beta":false,"boss_relics":[{"not_picked":["Ring of Chaos","ChewingGum"],"picked":"Snecko Heart"},{"not_picked":["SplendidAttire","Kintsugi"],"picked":"SlaversCollar"}],"items_purged_floors":[],"is_endless":false,"potions_floor_spawned":[2,10,11,18,25,30,31,35,40],"killed_by":"R_Hoarder","ascension_level":1}}