{"host":"yml0ux6c8lqydjlc","time":1614394430,"event":{"mods":["Aspiration","BaseMod","Conspire","Downfall","Hermit","Jedi Mod","Minty Spire (QoL Compilation)","Robot Space Explorer","StSLib"],"gold_per_floor":[118,128,128,140,153,185,185,215,238,238,258,273,43,43,43,139,139,153,153,68,68,68,99,99,114,164,164,180,194,226,241,241,241,241],"floor_reached":33,"language":"ENG","playtime":2150,"items_purged":["Strike_R"],"score":297,"play_id":"e1388b74-dd7f-4c0a-84fc-bfd5a13dcf86","local_time":"20210226215350","is_ascension_mode":false,"campfire_choices":[{"floor":7.0,"key":"REST"},{"floor":10.0,"key":"REST"},{"data":"Hemokinesis","floor":15,"key":"SMITH"},{"floor":24,"key":"REST"},{"floor":32,"key":"REST"}],"circlet_count":0,"master_deck":["Strike_R","Strike_R","Defend_R","Defend_R","Defend_R","Defend_R+1","Bash","Thunderclap+1","Flex","Hemokinesis+1","conspire:ExplosiveBarrier+1","Cleave","Intimidate","Reaper","Impervious","Pommel Strike","Swift Strike","Rage+1","Shrug It Off","Swift Strike","Headbutt+1","Inflame"],"relics":["Burning Blood","NeowsBlessing","jedi:Pinwheel","aspiration:DSix","Regal Pillow","Vajra","Empty Cage","Toy Ornithopter","War Paint","jedi:gremlinknob"],"acts_visited":["Exordium","TheCity"],"potions_floor_usage":[16,23,28,29,30],"damage_taken":[{"damage":0.0,"enemies":"2 Louse","floor":1.0,"turns":1.0},{"damage":0.0,"enemies":"Cultist","floor":2.0,"turns":1.0},{"damage":0.0,"enemies":"Small Slimes","floor":4.0,"turns":1.0},{"damage":6.0,"enemies":"2 Fungi Beasts","floor":5.0,"turns":2.0},{"damage":30.0,"enemies":"3 Sentries","floor":6.0,"turns":7.0},{"damage":32.0,"enemies":"Lagavulin","floor":8.0,"turns":5.0},{"damage":11.0,"enemies":"Blue Slaver","floor":11.0,"turns":3.0},{"damage":7,"enemies":"Looter","floor":12,"turns":3},{"damage":43,"enemies":"Slime Boss","floor":16,"turns":8},{"damage":30,"enemies":"2 Thieves","floor":18,"turns":4},{"damage":12,"enemies":"conspire:Head Lice","floor":23,"turns":8},{"damage":16,"enemies":"Chosen","floor":25,"turns":5},{"damage":11,"enemies":"Centurion and Healer","floor":28,"turns":8},{"damage":23,"enemies":"Sentry and Sphere","floor":29,"turns":5},{"damage":60,"enemies":"conspire:SneckoGhost","floor":30,"turns":9},{"damage":43,"enemies":"Shelled Parasite and Fungi","floor":31,"turns":5},{"damage":82,"enemies":"Collector","floor":33,"turns":5}],"seed_played":"-2316126514912614181","potions_obtained":[{"floor":4.0,"key":"ElixirPotion"},{"floor":5.0,"key":"Weak Potion"},{"floor":6.0,"key":"EssenceOfSteel"},{"floor":16,"key":"sneckomod:MuddlingPotion"},{"floor":23,"key":"SteroidPotion"},{"floor":29,"key":"Energy Potion"},{"floor":31,"key":"sneckomod:MuddlingPotion"}],"is_trial":false,"path_per_floor":["M","M","?","M","M","E","R","E","T","R","M","M","$","?","R","B",null,"M","?","$","?","?","E","R","M","T","?","M","M","E","M","R","B"],"character_chosen":"IRONCLAD","items_purchased":["Reaper","Swift Strike"],"campfire_rested":4,"item_purchase_floors":[13,20],"current_hp_per_floor":[80,80,80,80,80,56,80,54,54,80,75,74,74,74,74,55,80,58,58,58,43,43,49,85,76,76,76,76,84,36,9,49,0,0],"gold":241,"neow_bonus":"THREE_ENEMY_KILL","is_daily":false,"chose_seed":false,"campfire_upgraded":1,"win_rate":0.0,"timestamp":1614394430,"path_taken":["M","M","?","M","?","E","R","E","T","R","M","M","$","?","R","BOSS","M","?","$","?","?","E","R","?","T","?","?","?","E","M","R","BOSS"],"items_purchased_type":["Card","Card"],"build_version":"2020-12-22","purchased_purges":1,"victory":false,"max_hp_per_floor":[80,80,80,80,80,80,80,80,80,80,80,80,80,80,80,80,80,80,80,80,85,85,85,85,85,85,85,85,85,85,85,85,85,85],"card_choices":[{"not_picked":["Heavy Blade","Iron Wave"],"picked":"Thunderclap","floor":1.0},{"not_picked":["Body Slam","Dropkick"],"picked":"Flex","floor":2.0},{"not_picked":["Wild Strike","Pummel"],"picked":"Hemokinesis","floor":4.0},{"not_picked":["Whirlwind","Pommel Strike"],"picked":"conspire:ExplosiveBarrier","floor":5.0},{"not_picked":["Dark Embrace","Wild Strike","Carnage"],"picked":"SKIP","floor":6.0},{"not_picked":["Sword Boomerang","Corruption"],"picked":"Cleave","floor":8.0},{"not_picked":["Sentinel","Havoc","Carnage"],"picked":"SKIP","floor":11},{"not_picked":["Headbutt","jedi:controlledanger"],"picked":"Intimidate","floor":12},{"not_picked":["jedi:harder","Fiend Fire"],"picked":"Impervious","floor":16},{"not_picked":["Warcry+1","Thunderclap+1","jedi:collectorstrike+1"],"picked":"SKIP","floor":18},{"not_picked":["Hemokinesis+1","Dark Embrace+1"],"picked":"Rage+1","floor":23},{"not_picked":["jedi:fear","Pommel Strike"],"picked":"Shrug It Off","floor":25},{"not_picked":["Intimidate","Thunderclap","Heavy Blade+1"],"picked":"SKIP","floor":28},{"not_picked":["Armaments","jedi:MakeshiftSword"],"picked":"Headbutt+1","floor":29},{"not_picked":["Twin Strike+1","Reckless Charge","Wild Strike+1"],"picked":"SKIP","floor":30},{"not_picked":["True Grit+1","Headbutt"],"picked":"Inflame","floor":31}],"player_experience":154046,"relics_obtained":[{"floor":6.0,"key":"jedi:Pinwheel"},{"floor":8.0,"key":"aspiration:DSix"},{"floor":9.0,"key":"Regal Pillow"},{"floor":23,"key":"Toy Ornithopter"},{"floor":26,"key":"War Paint"},{"floor":30,"key":"jedi:gremlinknob"}],"event_choices":[{"damage_healed":0.0,"max_hp_gain":0.0,"max_hp_loss":0.0,"gold_gain":0.0,"event_name":"Accursed Blacksmith","player_choice":"Forge","floor":3.0,"gold_loss":0.0,"damage_taken":0.0,"cards_upgraded":["Thunderclap"]},{"damage_healed":0,"gold_gain":0,"player_choice":"Gave Potion","damage_taken":0,"relics_obtained":["Vajra"],"max_hp_gain":0,"max_hp_loss":0,"event_name":"WeMeetAgain","floor":14,"gold_loss":0},{"damage_healed":0,"gold_gain":0,"player_choice":"Read","damage_taken":0,"max_hp_gain":0,"max_hp_loss":0,"event_name":"The Library","floor":19,"gold_loss":0,"cards_obtained":["Pommel Strike"]},{"damage_healed":0,"gold_gain":0,"player_choice":"Shed Blood","damage_taken":20,"max_hp_gain":5,"max_hp_loss":0,"event_name":"Forgotten Altar","floor":21,"gold_loss":0},{"damage_healed":0,"gold_gain":0,"player_choice":"Ignored","damage_taken":0,"max_hp_gain":0,"max_hp_loss":0,"event_name":"Ghosts","floor":22,"gold_loss":0},{"damage_healed":0,"gold_gain":0,"player_choice":"Copied","damage_taken":0,"max_hp_gain":0,"max_hp_loss":0,"event_name":"Duplicator","floor":27,"gold_loss":0,"cards_obtained":["Swift Strike"]}],"is_beta":false,"boss_relics":[{"not_picked":["aspiration:DefectSkillbook","jedi:battlestandard"],"picked":"Empty Cage"}],"items_purged_floors":[13],"is_endless":false,"potions_floor_spawned":[4,5,6,11,16,23,29,31],"killed_by":"Collector","ascension_level":0}}