{"host":"ix2a18c4ohfsrslv","time":1614399075,"event":{"mods":["Act Like it!","BaseMod","Downfall","Hubris","Minty Spire (QoL Compilation)","Relic Stats","Reliquary","Robot Space Explorer","Ruina","StSLib"],"gold_per_floor":[99,99,549,549,549,581,608,623,636,663,663,693,593,604,622,622,622,622],"floor_reached":16,"language":"ENG","playtime":805,"items_purged":[],"score":150,"play_id":"6b314ed4-badd-47da-84d8-a01e2a3d0695","local_time":"20210226201115","is_ascension_mode":true,"campfire_choices":[{"data":"bronze:Goto","floor":1,"key":"SMITH"},{"floor":13,"key":"REST"}],"circlet_count":0,"master_deck":["bronze:Strike","bronze:Strike","bronze:Strike","bronze:Defend","bronze:Defend","bronze:Defend","bronze:Defend","bronze:Replicate","bronze:Goto+1","bronze:Flail","downfall:Icky","downfall:Icky","downfall:Icky","bronze:Philosophize","bronze:Philosophize","bronze:Constructor","bronze:Shield","bronze:AlphaBuild","bronze:Repulsor","bronze:FineTuning"],"relics":["bronze:BronzeCore","downfall:HeartsMalice","Ancient Tea Set","PreservedInsect","hubris:SlimyHat","downfall:HeartBlessingGreen"],"acts_visited":["Exordium"],"potions_floor_usage":[10,16,16],"damage_taken":[{"damage":0,"enemies":"2 Louse","floor":2,"turns":1},{"damage":0,"enemies":"Small Slimes","floor":4,"turns":1},{"damage":0,"enemies":"3 Sentries","floor":6,"turns":1},{"damage":6,"enemies":"Cultist","floor":8,"turns":5},{"damage":6,"enemies":"3 Louse","floor":9,"turns":2},{"damage":33,"enemies":"Gremlin Nob","floor":10,"turns":6},{"damage":11,"enemies":"Lagavulin","floor":12,"turns":5},{"damage":19,"enemies":"Gremlin Gang","floor":14,"turns":4},{"damage":6,"enemies":"downfall:LooterAlt","floor":15,"turns":4},{"damage":23,"enemies":"IC_STATUS_ARCHETYPE","floor":16,"turns":4}],"seed_played":"-6405166977743341768","potions_obtained":[{"floor":6,"key":"Dexterity Potion"},{"floor":8,"key":"FearPotion"},{"floor":10,"key":"CultistPotion"},{"floor":14,"key":"champ:CounterPotion"}],"is_trial":false,"path_per_floor":["R","M","?","M","?","E","T","M","M","E","?","E","R","M","M","B"],"character_chosen":"THE_AUTOMATON","items_purchased":[],"campfire_rested":1,"item_purchase_floors":[],"current_hp_per_floor":[70,70,70,70,70,70,70,64,58,25,25,14,35,16,10,0,0,0],"gold":622,"neow_bonus":"THREE_ENEMY_KILL","is_daily":false,"chose_seed":false,"campfire_upgraded":1,"win_rate":0.0,"timestamp":1614399075,"path_taken":["R","M","?","M","?","E","T","?","M","E","?","E","R","?","M","BOSS"],"items_purchased_type":[],"build_version":"2020-12-22","purchased_purges":0,"victory":false,"max_hp_per_floor":[70,70,70,70,70,70,70,70,70,70,70,70,70,70,70,70,70,70],"relic_stats":{"counters":[10,30],"PreservedInsect":28,"obtain_stats":[{"bronze:BronzeCore":0,"downfall:HeartsMalice":0,"downfall:HeartBlessingGreen":13,"PreservedInsect":10,"hubris:SlimyHat":12,"Question Card":6,"Ancient Tea Set":7},{"bronze:BronzeCore":0,"downfall:HeartsMalice":0,"downfall:HeartBlessingGreen":7,"PreservedInsect":6,"hubris:SlimyHat":7,"Question Card":3,"Ancient Tea Set":3},{"bronze:BronzeCore":0,"downfall:HeartsMalice":0,"downfall:HeartBlessingGreen":18,"PreservedInsect":13,"hubris:SlimyHat":18,"Question Card":0,"Ancient Tea Set":0}]},"card_choices":[{"not_picked":["bronze:CloningBeam","bronze:OilSpill"],"picked":"bronze:Flail","floor":2},{"not_picked":["bronze:WhirlingStrike","bronze:BuggyMess"],"picked":"bronze:Philosophize","floor":4},{"not_picked":["bronze:Overheat","bronze:Branch"],"picked":"bronze:Constructor","floor":6},{"not_picked":["bronze:Philosophize","bronze:Refactor","bronze:CutThrough"],"picked":"bronze:Shield","floor":8},{"not_picked":["bronze:Optimize","bronze:Safeguard","bronze:DelayedSlice","bronze:HyperBeam"],"picked":"SKIP","floor":9},{"not_picked":["bronze:BugBarrage","bronze:WhirlingStrike","bronze:Backtrace","bronze:Allocate"],"picked":"SKIP","floor":10},{"not_picked":["bronze:BuggyMess","bronze:Assembly"],"picked":"bronze:Repulsor","floor":12},{"not_picked":["bronze:Invalidate","bronze:Shield","bronze:DarkDash"],"picked":"SKIP","floor":14},{"not_picked":["bronze:BronzeArmor","bronze:BugBarrage"],"picked":"bronze:FineTuning","floor":15}],"player_experience":194762,"relics_obtained":[{"floor":6,"key":"Question Card"},{"floor":7,"key":"Ancient Tea Set"},{"floor":10,"key":"PreservedInsect"},{"floor":12,"key":"hubris:SlimyHat"}],"event_choices":[],"is_beta":false,"boss_relics":[],"items_purged_floors":[],"is_endless":false,"potions_floor_spawned":[6,8,10,14,15],"killed_by":"IC_STATUS_ARCHETYPE","ascension_level":1}}