{"host":"8fnghcq8tvbg6z9e","time":1614396596,"event":{"mods":["BaseMod","Downfall","Minty Spire (QoL Compilation)","Quick Restart","StSLib"],"gold_per_floor":[99,99,99,99,99,99,99,112,112,147,158,171,187,204,221,322,372,372,372,382,46,46,46,46],"floor_reached":22,"language":"ZHS","playtime":1210,"items_purged":["hexamod:Defend"],"score":209,"play_id":"2d0fb74a-1806-4dad-b82e-8c3a9fb86185","local_time":"20210227112956","is_ascension_mode":false,"campfire_choices":[{"data":"hexamod:Float","floor":1,"key":"SMITH"},{"floor":18,"key":"RECALL"}],"circlet_count":0,"master_deck":["hexamod:Strike","hexamod:Strike","hexamod:Strike","hexamod:Defend","hexamod:Defend","hexamod:Defend","hexamod:Sear","hexamod:Float+1","hexamod:SwordOfDarkness","hexamod:NightmareStrike+1","hexamod:SpectersWail","hexamod:BurningTouch","hexamod:NightmareGuise","hexamod:BurningTouch","hexamod:AdvancingGuard","hexamod:Hexaguard","hexamod:FastForward","hexamod:EmpoweredFlame","hexamod:ForkedFlame","hexamod:ThirdSeal","hexamod:Firestarter+1","hexamod:GhostflameInferno","hexamod:BurningTouch+1","hexamod:SixthSeal"],"relics":["hexamod:SpiritBrand","downfall:HeartsMalice","FossilizedHelix","Bottled Lightning","Tiny House","Matryoshka"],"acts_visited":["Exordium","TheCity"],"potions_floor_usage":[13,20],"damage_taken":[{"damage":0,"enemies":"2 Louse","floor":2,"turns":1},{"damage":0,"enemies":"Jaw Worm","floor":3,"turns":1},{"damage":0,"enemies":"Small Slimes","floor":6,"turns":1},{"damage":0,"enemies":"Red Slaver","floor":8,"turns":2},{"damage":0,"enemies":"Gremlin Nob","floor":10,"turns":3},{"damage":0,"enemies":"Exordium Thugs","floor":11,"turns":4},{"damage":0,"enemies":"Blue Slaver","floor":12,"turns":3},{"damage":0,"enemies":"2 Fungi Beasts","floor":13,"turns":3},{"damage":0,"enemies":"downfall:LooterAlt","floor":14,"turns":4},{"damage":0,"enemies":"Large Slime","floor":15,"turns":3},{"damage":39,"enemies":"DF_ARCHETYPE_STREAMLINE","floor":16,"turns":11},{"damage":0,"enemies":"Chosen","floor":19,"turns":1},{"damage":18,"enemies":"Shell Parasite","floor":20,"turns":4},{"damage":0,"enemies":"downfall:FleeingMerchant","floor":21,"turns":4},{"damage":12,"enemies":"Centurion and Healer","floor":22,"turns":4}],"seed_played":"3698994780908594111","potions_obtained":[{"floor":9,"key":"champ:CounterPotion"},{"floor":9,"key":"Ancient Potion"},{"floor":9,"key":"SpeedPotion"},{"floor":10,"key":"AttackPotion"},{"floor":13,"key":"Ancient Potion"},{"floor":20,"key":"GamblersBrew"}],"is_trial":false,"path_per_floor":["R","M","M","?","?","M","T","M","?","E","M","M","M","M","M","B",null,"R","M","M","$","M"],"character_chosen":"THE_SPIRIT","items_purchased":["Matryoshka"],"campfire_rested":0,"item_purchase_floors":[21],"current_hp_per_floor":[70,70,70,70,70,70,70,70,70,70,70,70,70,70,70,31,75,75,75,57,57,45,45,45],"gold":46,"neow_bonus":"THREE_ENEMY_KILL","is_daily":false,"chose_seed":false,"campfire_upgraded":1,"win_rate":0.0,"timestamp":1614396596,"path_taken":["R","M","M","?","?","?","T","M","?","E","M","?","M","M","M","BOSS","R","M","M","$","M"],"items_purchased_type":["Relic"],"build_version":"2020-12-22","purchased_purges":1,"victory":false,"max_hp_per_floor":[70,70,70,70,70,70,70,70,70,70,70,70,70,70,70,70,75,75,75,75,75,75,75,75],"card_choices":[{"not_picked":["hexamod:GhostShield","hexamod:NightmareStrike"],"picked":"hexamod:SwordOfDarkness","floor":2},{"not_picked":["hexamod:PhantomCloak","hexamod:GhostShield"],"picked":"hexamod:NightmareStrike","floor":3},{"not_picked":["hexamod:Haunt","hexamod:StepThrough"],"picked":"hexamod:SpectersWail","floor":6},{"not_picked":["hexamod:HeatMetal","hexamod:ThermalTransfer"],"picked":"hexamod:BurningTouch","floor":8},{"not_picked":["hexamod:InspiringFlames","hexamod:GhostOfSpireFuture"],"picked":"hexamod:NightmareGuise","floor":10},{"not_picked":["hexamod:EtherealExpedition","hexamod:ShieldOfDarkness"],"picked":"hexamod:BurningTouch","floor":11},{"not_picked":["hexamod:SwordOfDarkness","hexamod:Firestarter"],"picked":"hexamod:AdvancingGuard","floor":12},{"not_picked":["hexamod:RecurringNightmare","hexamod:ShieldOfDarkness"],"picked":"hexamod:Hexaguard","floor":13},{"not_picked":["hexamod:NightmareStrike","hexamod:ShieldOfDarkness"],"picked":"hexamod:FastForward","floor":14},{"not_picked":["hexamod:NecessarySacrifice","hexamod:RainOfEmbers"],"picked":"hexamod:EmpoweredFlame","floor":15},{"not_picked":["hexamod:TimeWarp","hexamod:ParanormalForm"],"picked":"hexamod:ForkedFlame","floor":16},{"not_picked":["hexamod:GhostLash","hexamod:SpectersWail"],"picked":"hexamod:ThirdSeal","floor":17},{"not_picked":["hexamod:Hexaguard","hexamod:NightmareStrike"],"picked":"hexamod:Firestarter+1","floor":19},{"not_picked":["hexamod:EtherealExpedition","hexamod:HeatMetal"],"picked":"hexamod:GhostflameInferno","floor":20},{"not_picked":["hexamod:ShieldOfDarkness+1","hexamod:SkipABeat"],"picked":"hexamod:BurningTouch+1","floor":20},{"not_picked":["hexamod:UnleashSpirits","hexamod:GhostShield"],"picked":"hexamod:SixthSeal","floor":21}],"player_experience":191395,"relics_obtained":[{"floor":7,"key":"FossilizedHelix"},{"floor":10,"key":"Bottled Lightning"}],"event_choices":[{"damage_healed":0,"gold_gain":0,"player_choice":"Got Potions","damage_taken":0,"max_hp_gain":0,"max_hp_loss":0,"event_name":"Lab","floor":9,"gold_loss":0}],"is_beta":false,"boss_relics":[{"not_picked":["Fusion Hammer","Snecko Eye"],"picked":"Tiny House"}],"items_purged_floors":[21],"is_endless":false,"potions_floor_spawned":[10,12,13,15,20],"killed_by":"Centurion and Healer","ascension_level":0}}