{"host":"wy4vwr4x0uqk666t","time":1614430509,"event":{"mods":["Aspiration","BaseMod","BetterRewards","Colored Map","Colored Powertips","Curses Come First","Defuse TimeMaze Blight","Downfall","Hubris","Infinite Spire","Lobotomy","Minty Spire (QoL Compilation)","Quick Restart","Replay The Spire","StSLib"],"gold_per_floor":[119,132,132,155,177,189,233,255,267,279,325,337,369,46,46,148,148,168,25,35,51,51,51,61,91,118,118,144,144,179,179,179,278,278,297,297,308,308,358,358,358],"floor_reached":40,"language":"ENG","playtime":2519,"items_purged":["Strike_G"],"score":474,"play_id":"436f21e7-ab9b-4269-8c71-d0331bc6e839","local_time":"20210227135509","is_ascension_mode":true,"campfire_choices":[{"data":"All Out Attack","floor":6.0,"key":"SMITH"},{"floor":12.0,"key":"REST"},{"floor":15.0,"key":"REST"},{"data":"Blade Dance","floor":23.0,"key":"SMITH"},{"floor":27,"key":"REST"},{"data":"infinitespire:Collect","floor":32,"key":"SMITH"}],"circlet_count":1,"master_deck":["Blade Dance+1","Strike_G","Strike_G","Strike_G","Strike_G","Defend_G","Defend_G","Defend_G","Defend_G","Defend_G","Survivor","Neutralize","Predator","Skewer","All Out Attack+1","Cloak And Dagger","Blur","Outmaneuver","Footwork","Noxious Fumes","Replay:Bag of Tricks","Infinite Blades+1","Backstab","Calculated Gamble+1","Prepared+1","Deflect+1","Underhanded Strike+1","PiercingWail+1","infinitespire:Collect+1","bronze:Mutator","Slimebound:RainOfGoop+1","Guardian:DonusPower+1","Collect"],"relics":["Honey Jar","MawBank","Letter Opener","hubris:FunFungus","Pear","Snake Skull","aspiration:FrozenJewel","hubris:Backtick","TwistedFunnel","Circlet","Replay:Bottled Flurry","Toy Ornithopter","Paper Crane","PrismaticShard","hubris:Zylophone","ReplayTheSpireMod:Lightbulb","hubris:Stopwatch","aspiration:SneckoTail"],"acts_visited":["Exordium","TheCity","TheBeyond"],"potions_floor_usage":[24,30,30,30,30,40],"damage_taken":[{"damage":4.0,"enemies":"Jaw Worm","floor":1.0,"turns":5.0},{"damage":0.0,"enemies":"Cultist","floor":2.0,"turns":3.0},{"damage":1.0,"enemies":"2 Louse","floor":4.0,"turns":2.0},{"damage":23.0,"enemies":"Exordium Thugs","floor":5.0,"turns":5.0},{"damage":35.0,"enemies":"Lagavulin","floor":7.0,"turns":6.0},{"damage":5.0,"enemies":"Lots of Slimes","floor":8.0,"turns":3.0},{"damage":9.0,"enemies":"3 Sentries","floor":11.0,"turns":8.0},{"damage":6.0,"enemies":"3 Louse","floor":13.0,"turns":3.0},{"damage":2.0,"enemies":"Hexaghost","floor":16.0,"turns":10.0},{"damage":6.0,"enemies":"3 Byrds","floor":18.0,"turns":4.0},{"damage":3.0,"enemies":"Chosen","floor":20.0,"turns":4.0},{"damage":13.0,"enemies":"Snake Plant","floor":21.0,"turns":4.0},{"damage":24,"enemies":"Chosen and Byrds","floor":24,"turns":5},{"damage":20,"enemies":"Gremlin Leader","floor":25,"turns":6},{"damage":0,"enemies":"Nightmare","floor":28,"turns":8},{"damage":13,"enemies":"Slavers","floor":30,"turns":4},{"damage":18,"enemies":"Champ","floor":33,"turns":4},{"damage":17,"enemies":"Orb Walker","floor":35,"turns":4},{"damage":25,"enemies":"3 Shapes","floor":37,"turns":4},{"damage":0,"enemies":"Mind Bloom Boss Battle","floor":39,"turns":8},{"damage":67,"enemies":"Giant Head","floor":40,"turns":8}],"seed_played":"-3146270032134252230","potions_obtained":[{"floor":4.0,"key":"SteroidPotion"},{"floor":7.0,"key":"FearPotion"},{"floor":11.0,"key":"Milkshake"},{"floor":13.0,"key":"FearPotion"},{"floor":18.0,"key":"Poison Potion"},{"floor":25,"key":"Dexterity Potion"},{"floor":35,"key":"Venom Potion"}],"is_trial":false,"path_per_floor":["M","M","?","M","M","R","E","M","T","?","E","R","M","$","R","B",null,"M","$","M","M","$","R","M","E","T","R","NM","?","E","AVR","R","B",null,"M","?","M","?","?","E"],"character_chosen":"THE_SILENT","items_purchased":["aspiration:FrozenJewel","Noxious Fumes","TwistedFunnel"],"campfire_rested":3,"item_purchase_floors":[14,14,19],"current_hp_per_floor":[66,66,66,65,42,42,7,2,2,12,3,27,21,21,45,43,71,65,65,62,49,49,49,25,5,5,29,29,21,28,28,28,10,63,46,80,55,55,56,0,0],"gold":358,"neow_bonus":"BOSS_RELIC","is_daily":false,"chose_seed":false,"campfire_upgraded":3,"win_rate":0.0,"timestamp":1614430509,"path_taken":["M","M","?","?","M","R","E","M","T","?","E","R","M","$","R","BOSS","M","$","M","M","$","R","M","E","T","R","NM","?","E","AVR","R","BOSS","M","?","?","?","?","E"],"items_purchased_type":["Relic","Card","Relic"],"build_version":"2020-12-22","purchased_purges":1,"victory":false,"max_hp_per_floor":[70,70,70,70,70,70,70,70,70,80,80,80,80,80,80,80,80,80,80,80,80,80,80,80,80,80,80,80,80,80,80,80,80,80,80,80,80,80,80,80,80],"card_choices":[{"not_picked":["Poisoned Stab","Underhanded Strike","Hidden Blade"],"picked":"Predator","floor":1.0},{"not_picked":["Hidden Blade","Bane","Flying Knee"],"picked":"Dagger Spray","floor":2.0},{"not_picked":["ReplayTheSpireMod:Tripwire","Slice","Deadly Poison"],"picked":"Skewer","floor":4.0},{"not_picked":["hubris:SlightOfHand","Underhanded Strike","Dagger Spray"],"picked":"All Out Attack","floor":5.0},{"not_picked":["Slice","Toxin Wave","Dagger Spray"],"picked":"Cloak And Dagger","floor":7.0},{"not_picked":["Expertise","Riddle With Holes","Cloak And Dagger"],"picked":"Blur","floor":8.0},{"not_picked":["Skewer","Underhanded Strike","Dodge and Roll"],"picked":"Outmaneuver","floor":11.0},{"not_picked":["Expertise","Quick Slash","Dagger Spray"],"picked":"Footwork","floor":13.0},{"not_picked":["Doppelganger","Adrenaline","Tools of the Trade"],"picked":"Replay:Bag of Tricks","floor":16.0},{"not_picked":["Underhanded Strike","Flying Knee","Predator+1"],"picked":"Infinite Blades+1","floor":18.0},{"not_picked":["Outmaneuver","hubris:Sniper","Catalyst"],"picked":"Backstab","floor":20.0},{"not_picked":["hubris:SlightOfHand","Poisoned Stab","Quick Slash"],"picked":"Calculated Gamble+1","floor":21.0},{"not_picked":["Sucker Punch","Backflip","hubris:Counter"],"picked":"Prepared+1","floor":24},{"not_picked":["Slice","Atom Bomb","Flying Knee"],"picked":"Deflect+1","floor":25},{"not_picked":["Distraction","Quick Slash","Riddle With Holes"],"picked":"Underhanded Strike+1","floor":28},{"not_picked":["Footwork","Expertise+1","Blade Dance"],"picked":"PiercingWail+1","floor":29},{"not_picked":["champ:FanOfKnives+1","ThirdEye+1","All For One","sneckomod:SerpentIdol"],"picked":"SKIP","floor":30},{"not_picked":["Slimebound:OozeBath","sneckomod:Cheat","Slimebound:MinionMaster"],"picked":"bronze:Mutator","floor":33},{"not_picked":["Slimebound:HauntingLick+1","champ:GutPunch+1","bronze:DelayedSlice"],"picked":"Slimebound:RainOfGoop+1","floor":35},{"not_picked":["Flying Knee","EmptyFist","Immolate"],"picked":"Guardian:DonusPower+1","floor":37},{"not_picked":["sneckomod:IronFang+1","Capacitor+1","champ:TornadoPunch"],"picked":"Collect","floor":39}],"player_experience":3775097,"relics_obtained":[{"floor":7.0,"key":"Letter Opener"},{"floor":9.0,"key":"hubris:FunFungus"},{"floor":11.0,"key":"Snake Skull"},{"floor":25,"key":"Replay:Bottled Flurry"},{"floor":26,"key":"Toy Ornithopter"},{"floor":28,"key":"Paper Crane"},{"floor":29,"key":"PrismaticShard"},{"floor":30,"key":"hubris:Zylophone"},{"floor":39,"key":"aspiration:SneckoTail"}],"event_choices":[{"cards_removed":["Dagger Spray"],"damage_healed":0.0,"max_hp_gain":0.0,"max_hp_loss":0.0,"gold_gain":0.0,"event_name":"WeMeetAgain","player_choice":"Gave Card","floor":3.0,"gold_loss":0.0,"damage_taken":0.0,"relics_obtained":["MawBank"]},{"damage_healed":0.0,"max_hp_gain":0.0,"max_hp_loss":0.0,"gold_gain":0.0,"event_name":"Dead Adventurer","player_choice":"Searched \u00271\u0027 times","floor":10.0,"gold_loss":0.0,"damage_taken":0.0,"relics_obtained":["Pear"]},{"damage_healed":34,"gold_gain":0,"player_choice":"Full Heal","damage_taken":0,"max_hp_gain":0,"max_hp_loss":0,"event_name":"Wheel of Change","floor":36,"gold_loss":0},{"damage_healed":0,"gold_gain":0,"player_choice":"Fight","damage_taken":0,"max_hp_gain":0,"max_hp_loss":0,"event_name":"MindBloom","floor":39,"gold_loss":0}],"is_beta":false,"boss_relics":[{"not_picked":["ReplayTheSpireMod:SealedPack","Pandora\u0027s Box"],"picked":"hubris:Backtick"},{"not_picked":["hubris:RunicObelisk","Replay:Grab Bag"],"picked":"hubris:Stopwatch"}],"items_purged_floors":[31],"is_endless":false,"potions_floor_spawned":[4,7,11,13,18,21,25,28,35],"killed_by":"Giant Head","ascension_level":5}}