{"host":"m3nvt13i50wb5dv0","time":1614406063,"event":{"mods":["2.2 Compatiblity","Act Like it!","BaseMod","Bossed Relics","Curses Come First","Downfall","Fox Events","Minty Spire (QoL Compilation)","Relic Stats","Reliquary","Robot Space Explorer","Ruina","Spire Arcade","StSLib"],"gold_per_floor":[218,237,237,84,84,116,132,132,132,166,166,177,102,136,136,210,210,223,223,123,137,148,180,205,216,264,291,311,144,144,171,171,242,242,257,311,328,342,342,342,342,342,396,396,411,411,445,85,85,85,85],"floor_reached":50,"language":"ENG","playtime":3078,"items_purged":["Regret","Strike_R","Strike_R"],"score":1239,"play_id":"f3ca50f8-c24e-449f-9b7d-91ada9387ea0","local_time":"20210227130743","is_ascension_mode":true,"campfire_choices":[{"data":"Armaments","floor":8.0,"key":"SMITH"},{"data":"Immolate","floor":11.0,"key":"SMITH"},{"data":"Uppercut","floor":15.0,"key":"SMITH"},{"floor":32,"key":"REST"},{"data":"Barricade","floor":40,"key":"SMITH"},{"data":"Shrug It Off","floor":44,"key":"SMITH"},{"data":"Offering","floor":46,"key":"SMITH"},{"data":"Pommel Strike","floor":49,"key":"SMITH"}],"circlet_count":0,"master_deck":["AscendersBane","Strike_R+1","Defend_R+1","Defend_R","Defend_R","Defend_R","Bash+1","Armaments+1","Dropkick","Reaper","Immolate+1","Iron Wave","Uppercut+1","Feed","Warcry","Combust","Burning Pact","Shrug It Off+1","Offering+1","Power Through","Dual Wield","Demon Form","Sword Boomerang","Warcry","Pommel Strike+1","Barricade+1","Juggernaut","Shrug It Off","Rupture"],"relics":["Burning Blood","InkBottle","Red Skull","Lantern","Vajra","Pear","reliquary:ThirdArm","reliquary:PartyBalloon","Red Mask","Whetstone","Akabeko","reliquary:HotPoker","Runic Cube","CaptainsWheel","reliquary:RosewoodLute","Paper Frog","hexamod:CandleOfCauterizing"],"acts_visited":["Exordium","TheCity","TheBeyond"],"potions_floor_usage":[31,33,33,41,50,50],"damage_taken":[{"damage":9.0,"enemies":"Small Slimes","floor":1.0,"turns":5.0},{"damage":1.0,"enemies":"2 Louse","floor":2.0,"turns":3.0},{"damage":29.0,"enemies":"Lagavulin","floor":6.0,"turns":8.0},{"damage":0.0,"enemies":"Cultist","floor":7.0,"turns":4.0},{"damage":32.0,"enemies":"3 Sentries","floor":10.0,"turns":9.0},{"damage":0.0,"enemies":"Lots of Slimes","floor":12.0,"turns":1.0},{"damage":22.0,"enemies":"Lagavulin","floor":14.0,"turns":6.0},{"damage":51.0,"enemies":"Hexaghost","floor":16.0,"turns":10.0},{"damage":27.0,"enemies":"Shell Parasite","floor":18.0,"turns":6.0},{"damage":11.0,"enemies":"3 Byrds","floor":21.0,"turns":4.0},{"damage":39.0,"enemies":"3 Cultists","floor":22.0,"turns":6.0},{"damage":2.0,"enemies":"Gremlin Leader","floor":23.0,"turns":4.0},{"damage":12.0,"enemies":"Masked Bandits","floor":24.0,"turns":2.0},{"damage":19.0,"enemies":"Snecko","floor":25.0,"turns":3.0},{"damage":63.0,"enemies":"Slavers","floor":27.0,"turns":7.0},{"damage":17.0,"enemies":"Centurion and Healer","floor":28.0,"turns":5.0},{"damage":9,"enemies":"Gremlin Leader","floor":31,"turns":4},{"damage":85,"enemies":"Collector","floor":33,"turns":12},{"damage":15,"enemies":"3 Darklings","floor":35,"turns":3},{"damage":26,"enemies":"2 Orb Walkers","floor":36,"turns":3},{"damage":12,"enemies":"Orb Walker","floor":37,"turns":3},{"damage":48,"enemies":"Jaw Worm Horde","floor":38,"turns":3},{"damage":12,"enemies":"Reptomancer","floor":41,"turns":2},{"damage":25,"enemies":"Writhing Mass","floor":45,"turns":7},{"damage":45,"enemies":"Nemesis","floor":47,"turns":9},{"damage":57,"enemies":"Awakened One","floor":50,"turns":7}],"seed_played":"-2550623676576696453","potions_obtained":[{"floor":2.0,"key":"champ:CounterPotion"},{"floor":7.0,"key":"Regen Potion"},{"floor":12.0,"key":"AttackPotion"},{"floor":14.0,"key":"Regen Potion"},{"floor":19.0,"key":"CultistPotion"},{"floor":24.0,"key":"SneckoOil"},{"floor":27.0,"key":"SpeedPotion"},{"floor":28.0,"key":"Dexterity Potion"},{"floor":31,"key":"HeartOfIron"},{"floor":33,"key":"SmokeBomb"},{"floor":38,"key":"SteroidPotion"},{"floor":45,"key":"bronze:BurnAndBuffPotion"},{"floor":47,"key":"Strength Potion"}],"is_trial":false,"path_per_floor":["M","M","?","$","?","E","M","R","T","E","R","M","?","E","R","B",null,"M","?","$","M","M","E","?","M","T","E","M","$","?","E","R","B",null,"M","?","M","M","?","R","E","?","T","R","M","R","E","$","R","B"],"character_chosen":"IRONCLAD","items_purchased":["Guardian:BlockOnCardUsePotion","Dual Wield","Rupture","hexamod:CandleOfCauterizing"],"campfire_rested":1,"item_purchase_floors":[4,29,48,48],"current_hp_per_floor":[65,70,70,70,47,24,30,30,30,40,40,71,71,65,65,27,71,54,54,54,49,36,45,39,38,38,13,25,25,25,25,56,20,87,110,94,105,78,85,85,79,79,79,79,63,63,45,45,45,0,0],"gold":85,"neow_bonus":"HUNDRED_GOLD","is_daily":false,"chose_seed":false,"campfire_upgraded":7,"win_rate":0.0,"timestamp":1614406063,"path_taken":["M","M","?","$","?","E","M","R","T","E","R","M","?","E","R","BOSS","M","?","?","M","?","E","?","M","T","E","M","$","?","E","R","BOSS","M","?","M","M","?","R","E","?","T","R","?","R","E","$","R","BOSS"],"items_purchased_type":["Potion","Card","Card","Relic"],"build_version":"2020-12-22","purchased_purges":3,"victory":false,"max_hp_per_floor":[75,75,75,75,75,75,75,75,75,75,75,75,75,85,85,85,85,89,89,89,89,92,92,92,96,96,100,103,103,103,106,106,109,109,113,117,120,124,131,131,131,131,131,131,134,134,134,134,134,134,134],"relic_stats":{"counters":[26,136],"Whetstone":["Strike_R","Strike_R"],"obtain_stats":[{"Lantern":9,"hexamod:CandleOfCauterizing":48,"Pear":14,"reliquary:PartyBalloon":23,"Vajra":10,"Whetstone":26,"reliquary:RosewoodLute":43,"reliquary:ThirdArm":17,"Burning Blood":0,"Akabeko":27,"reliquary:HotPoker":31,"CaptainsWheel":36,"Red Mask":24,"InkBottle":3,"Red Skull":6,"Runic Cube":34,"Paper Frog":47},{"Lantern":4,"hexamod:CandleOfCauterizing":25,"Pear":7,"reliquary:PartyBalloon":12,"Vajra":5,"Whetstone":14,"reliquary:RosewoodLute":23,"reliquary:ThirdArm":8,"Burning Blood":0,"Akabeko":15,"reliquary:HotPoker":17,"CaptainsWheel":20,"Red Mask":13,"InkBottle":2,"Red Skull":3,"Runic Cube":18,"Paper Frog":25},{"Lantern":20,"hexamod:CandleOfCauterizing":129,"Pear":36,"reliquary:PartyBalloon":66,"Vajra":29,"Whetstone":71,"reliquary:RosewoodLute":113,"reliquary:ThirdArm":46,"Burning Blood":0,"Akabeko":78,"reliquary:HotPoker":87,"CaptainsWheel":105,"Red Mask":68,"InkBottle":8,"Red Skull":16,"Runic Cube":99,"Paper Frog":129}],"Burning Blood":150,"InkBottle":[38],"Runic Cube":[0]},"card_choices":[{"not_picked":["True Grit","Entrench"],"picked":"Armaments","floor":1.0},{"not_picked":["True Grit","Body Slam"],"picked":"Dropkick","floor":2.0},{"not_picked":["Thunderclap","Bloodletting"],"picked":"Reaper","floor":6.0},{"not_picked":["Anger","Sword Boomerang","Body Slam"],"picked":"SKIP","floor":7.0},{"not_picked":["Twin Strike","Sentinel"],"picked":"Immolate","floor":10.0},{"not_picked":["Anger","Dark Embrace"],"picked":"Iron Wave","floor":12.0},{"not_picked":["Sword Boomerang","Reckless Charge"],"picked":"Uppercut","floor":14.0},{"not_picked":["Reaper","Brutality"],"picked":"Feed","floor":16.0},{"not_picked":["Flex+1","Rampage"],"picked":"Warcry","floor":18.0},{"not_picked":["Sword Boomerang","Reckless Charge"],"picked":"Combust","floor":21.0},{"not_picked":["Second Wind","Power Through"],"picked":"Burning Pact","floor":22.0},{"not_picked":["Iron Wave","Clash","Carnage"],"picked":"SKIP","floor":23.0},{"not_picked":["Iron Wave","Body Slam"],"picked":"Shrug It Off","floor":24.0},{"not_picked":["Twin Strike","Clash+1","Cleave"],"picked":"SKIP","floor":25.0},{"not_picked":["Uppercut","Havoc"],"picked":"Offering","floor":27.0},{"not_picked":["Sword Boomerang","Inflame"],"picked":"Power Through","floor":28.0},{"not_picked":["Sword Boomerang","Armaments","Heavy Blade"],"picked":"SKIP","floor":31},{"not_picked":["Corruption","Juggernaut"],"picked":"Demon Form","floor":33},{"not_picked":["Headbutt","Twin Strike"],"picked":"Sword Boomerang","floor":35},{"not_picked":["Clash+1","Inflame"],"picked":"Warcry","floor":36},{"not_picked":["Inflame","Iron Wave"],"picked":"Pommel Strike","floor":37},{"not_picked":["Iron Wave+1","Cleave"],"picked":"Barricade","floor":38},{"not_picked":["Rage","Dropkick"],"picked":"Shrug It Off","floor":45},{"not_picked":["Inflame","Havoc","Sword Boomerang"],"picked":"SKIP","floor":47}],"player_experience":1460096,"relics_obtained":[{"floor":6.0,"key":"Red Skull"},{"floor":9.0,"key":"Lantern"},{"floor":10.0,"key":"Vajra"},{"floor":14.0,"key":"Pear"},{"floor":23.0,"key":"reliquary:PartyBalloon"},{"floor":24.0,"key":"Red Mask"},{"floor":26.0,"key":"Whetstone"},{"floor":27.0,"key":"Akabeko"},{"floor":31,"key":"reliquary:HotPoker"},{"floor":36,"key":"CaptainsWheel"},{"floor":43,"key":"reliquary:RosewoodLute"},{"floor":47,"key":"Paper Frog"}],"event_choices":[{"damage_healed":0.0,"max_hp_gain":0.0,"max_hp_loss":0.0,"gold_gain":0.0,"event_name":"Big Fish","player_choice":"Box","floor":3.0,"gold_loss":0.0,"damage_taken":0.0,"relics_obtained":["InkBottle"],"cards_obtained":["Regret"]},{"damage_healed":0.0,"max_hp_gain":0.0,"max_hp_loss":0.0,"gold_gain":0.0,"event_name":"Shining Light","player_choice":"Entered Light","floor":5.0,"gold_loss":0.0,"damage_taken":23.0,"cards_upgraded":["Defend_R","Bash"]},{"cards_removed":["Strike_R"],"damage_healed":0.0,"max_hp_gain":0.0,"max_hp_loss":0.0,"gold_gain":0.0,"event_name":"The Cleric","player_choice":"Card Removal","floor":13.0,"gold_loss":75.0,"damage_taken":0.0},{"damage_healed":0.0,"max_hp_gain":0.0,"max_hp_loss":0.0,"gold_gain":0.0,"event_name":"Lab","player_choice":"Got Potions","floor":19.0,"gold_loss":0.0,"damage_taken":0.0},{"damage_healed":0.0,"max_hp_gain":0.0,"max_hp_loss":0.0,"gold_gain":0.0,"event_name":"Masked Bandits","player_choice":"Fought Bandits","floor":24.0,"gold_loss":0.0,"damage_taken":0.0},{"damage_healed":0,"gold_gain":0,"player_choice":"Fight","damage_taken":0,"max_hp_gain":0,"max_hp_loss":0,"event_name":"Mysterious Sphere","floor":36,"gold_loss":0},{"damage_healed":0,"gold_gain":0,"cards_transformed":["Strike_R"],"player_choice":"Transformed","damage_taken":0,"max_hp_gain":0,"max_hp_loss":0,"event_name":"Transmorgrifier","floor":42,"gold_loss":0,"cards_obtained":["Juggernaut"]}],"is_beta":false,"boss_relics":[{"not_picked":["Sozu","Pandora\u0027s Box"],"picked":"reliquary:ThirdArm"},{"not_picked":["Calling Bell","reliquary:BigHammer"],"picked":"Runic Cube"}],"items_purged_floors":[4,20,29],"is_endless":false,"potions_floor_spawned":[2,7,12,14,16,21,24,27,28,31,33,38,45,47],"killed_by":"Awakened One","ascension_level":18}}