{"host":"j0tja808rg8hkg8v","time":1614393243,"event":{"mods":["Aspiration","BaseMod","Colored Powertips","Downfall","Energized Spire","Hermit","Infinite Spire","Ironclad Rager","Magitek Elite","Minty Spire (QoL Compilation)","Relic Stats","Replay The Spire","StSLib","The Bladedancer","The Cursed","The Disciple","The Runesmith"],"gold_per_floor":[114,134,25,25,25,25,54,71,71,71,71,21,21,31,31,134,134,151,421,281,293,68,68,68],"floor_reached":23,"language":"ENG","playtime":2226,"items_purged":["hermit:HighNoon","hermit:Defend_Hermit","hermit:Strike_Hermit"],"score":187,"play_id":"6c87cd28-b7b5-42cc-aeaa-3b96ee15eb3a","local_time":"20210227023403","is_ascension_mode":false,"campfire_choices":[{"data":"hermit:Dive","floor":6.0,"key":"SMITH"},{"floor":10.0,"key":"REST"},{"data":"hermit:Dive","floor":15.0,"key":"SMITH"}],"circlet_count":0,"master_deck":["hermit:Strike_Hermit","hermit:Strike_Hermit","hermit:Defend_Hermit","hermit:Defend_Hermit","hermit:Defend_Hermit","hermit:Snapshot","hermit:Covet","hermit:BigShot","hermit:Deadeye","hermit:Dive+1","hermit:Dive+1","hermit:BigShot","hermit:Desperado+1","Replay:Sssssssssshield","hermit:Deadeye","hermit:Glare","hermit:Headshot","hermit:BigShot"],"relics":["hermit:Momento","Bag of Marbles","Pondfish Scales","Bottled Flame"],"acts_visited":["Exordium","TheCity"],"potions_floor_usage":[21],"damage_taken":[{"damage":1.0,"enemies":"Jaw Worm","floor":1.0,"turns":4.0},{"damage":17.0,"enemies":"Cultist","floor":2.0,"turns":6.0},{"damage":10.0,"enemies":"Replay:BlueRogue","floor":7.0,"turns":12.0},{"damage":0.0,"enemies":"Small Slimes","floor":8.0,"turns":4.0},{"damage":0.0,"enemies":"3 Louse","floor":14.0,"turns":4.0},{"damage":69.0,"enemies":"Fading Forest","floor":16.0,"turns":11.0},{"damage":20.0,"enemies":"Chosen","floor":18.0,"turns":7.0},{"damage":12,"enemies":"Shell Parasite","floor":21,"turns":5},{"damage":11,"enemies":"Shelled Parasite and Fungi","floor":23,"turns":4}],"seed_played":"-2547238459064611931","potions_obtained":[{"floor":2.0,"key":"SpeedPotion"},{"floor":8.0,"key":"AttackPotion"},{"floor":14.0,"key":"DistilledChaos"},{"floor":16.0,"key":"Elixir"},{"floor":18.0,"key":"PowerPotion"}],"is_trial":false,"path_per_floor":["M","M","$","?","$","R","E","M","T","R","?","?","$","M","R","B",null,"M","?","$","M","$","M"],"character_chosen":"HERMIT","items_purchased":["hermit:Dive","hermit:Deadeye","hermit:Headshot","hermit:BigShot"],"campfire_rested":1,"item_purchase_floors":[3,20,22,22],"current_hp_per_floor":[74,57,57,57,57,57,47,47,47,69,69,69,69,69,69,12,75,55,22,22,10,10,0,0],"gold":68,"neow_bonus":"ONE_RANDOM_RARE_CARD","is_daily":false,"chose_seed":false,"campfire_upgraded":2,"win_rate":0.0,"timestamp":1614393243,"path_taken":["M","M","$","?","?","R","E","M","T","R","?","?","$","M","R","BOSS","M","?","$","M","$","M"],"items_purchased_type":["Card","Card","Card","Card"],"build_version":"2020-12-22","purchased_purges":3,"victory":false,"max_hp_per_floor":[75,75,75,75,75,75,75,75,75,75,75,75,75,75,75,75,75,75,75,75,75,75,75,75],"relic_stats":{"counters":[9,57],"obtain_stats":[{"Pondfish Scales":7,"Bottled Flame":9,"Bag of Marbles":4,"hermit:Momento":0},{"Pondfish Scales":3,"Bottled Flame":4,"Bag of Marbles":2,"hermit:Momento":0},{"Pondfish Scales":22,"Bottled Flame":26,"Bag of Marbles":10,"hermit:Momento":0}]},"card_choices":[{"not_picked":["hermit:TrackingShot","hermit:Quickdraw"],"picked":"hermit:BigShot","floor":1.0},{"not_picked":["hermit:Roulette","hermit:HoleUp"],"picked":"hermit:Deadeye","floor":2.0},{"not_picked":["hermit:Dissolve","hermit:LowProfile","hermit:Determination"],"picked":"SKIP","floor":7.0},{"not_picked":["hermit:TakeCover","hermit:TrackingShot"],"picked":"hermit:BigShot","floor":8.0},{"not_picked":["hermit:Brawl","hermit:PistolWhip","hermit:BodyArmor"],"picked":"SKIP","floor":14.0},{"not_picked":["hermit:Manifest","hermit:BodyArmor"],"picked":"hermit:Desperado+1","floor":18.0},{"not_picked":["hermit:Desperado+1","hermit:Manifest"],"picked":"hermit:Glare","floor":21}],"player_experience":84295,"relics_obtained":[{"floor":4.0,"key":"Bag of Marbles"},{"floor":7.0,"key":"Pondfish Scales"},{"floor":9.0,"key":"Bottled Flame"}],"event_choices":[{"damage_healed":0.0,"max_hp_gain":0.0,"max_hp_loss":0.0,"gold_gain":0.0,"event_name":"Wheel of Change","player_choice":"Relic","floor":4.0,"gold_loss":0.0,"damage_taken":0.0},{"cards_removed":["hermit:Strike_Hermit"],"damage_healed":0.0,"max_hp_gain":0.0,"max_hp_loss":0.0,"gold_gain":0.0,"event_name":"The Cleric","player_choice":"Card Removal","floor":12.0,"gold_loss":50.0,"damage_taken":0.0},{"damage_healed":0.0,"max_hp_gain":0.0,"max_hp_loss":0.0,"gold_gain":270.0,"event_name":"Knowing Skull","player_choice":"GOLD GOLD GOLD CARD ","floor":19.0,"potions_obtained":[],"gold_loss":0.0,"damage_taken":33.0,"cards_obtained":["Replay:Sssssssssshield"]}],"is_beta":false,"boss_relics":[{"not_picked":["energizedSpire:MagnifyingGlass","aspiration:RunesmithSkillbook","Runic Pyramid"]}],"items_purged_floors":[3,20,22],"is_endless":false,"potions_floor_spawned":[2,8,14,16,18],"killed_by":"Shelled Parasite and Fungi","ascension_level":0}}