{"host":"5tir6155jnoxijqh","time":1614412563,"event":{"mods":["Act Like it!","Arknights","BaseMod","Downfall","Hermit","Library of Ruina","Library of Ruina Extra","Minty Spire (QoL Compilation)","MostiFishMod","Shop Mod","Spicy Shops","StSLib","WarShipGirlsR/’ΩΩ¢…Ÿ≈ÆR mod"],"gold_per_floor":[110,10,10,60,73,120,120,145,172,172,172,192,192,203,203,276,276,287,322,172,208,208,243,243,255,255,285,285,298,98,198,198,272,272,283,298,309,327,361,397,122,158,184,221,236,236,254,263,263,263,263,263,263,281,320,320],"floor_reached":57,"language":"ZHS","playtime":4485,"items_purged":["Pride","LightAttack","LightDefense","LightAttack","LightDefense","Dodge","Clumsy","ChargeAndCover","LightDefense","Madness","Madness"],"score":2857,"play_id":"062eb2ed-73b3-42de-82d2-8863400ade3a","local_time":"20210227155603","is_ascension_mode":true,"campfire_choices":[{"floor":11,"key":"REST"},{"data":"TheWillOfTheCity","floor":13,"key":"SMITH"},{"data":"RepressedFlesh","floor":15,"key":"SMITH"},{"data":"SnakesPrey","floor":24,"key":"SMITH"},{"floor":28,"key":"RECALL"},{"data":"CleanUp","floor":32,"key":"SMITH"},{"data":"Madness","floor":49,"key":"SMITH"},{"data":"DistortedBlade","floor":53,"key":"SMITH"}],"circlet_count":0,"master_deck":["AscendersBane","FocusedStrikes","Impatience","FrontalAssault","OminousPower+1","MirageStorm+1","RepressedFlesh+1","TendonChords","FaintMemories","TheWillOfTheCity+1","Tttonst","SomberProcuration","Faith","CleanUp+1","Clone","SnakesPrey+1","MostiFishMod:ForestofLight","SwordOfVolition","Blind","TraceOfFumes","DistortedBlade+1","SerpentineBarrier+1","DarkCloud+1","Laceration","LeRegole","ClassAndRespect+1","Suppress","BattleCommand","TheArtOfRapidSteps+1","Madness+1","CumulusWall","RatsGuideToSurvival+1","ShrineToMusic","SharpenedBlade","StructuralAnalysis+1","Secret Weapon+1","Mayhem+1","Unlock1","SuanNi+1"],"relics":["PageOfLibrarian","DaveBox","DiscerningMonocle","SynthV:TestCard","ImprovedEquipment","Sling","PageOfTodaysShyLook","PageOfFreischutz","PageOfThreeBirds","Technique","MerchantsRug","PageOfTheKnightOfDespair","PageOfTheQueenOfHatred","PageOfGreed","Runic Dome","Darkstone Periapt","PageOfBloodbath","MostiFishMod:AdaptiveDefenses","PageOfSnowWhitesApple","Sundial","PageOfWrath","PageOfNihil","PageOfLaetitia","Art of War","Strawberry","Du-Vu Doll","Ancient Tea Set","Potion Belt","Toolbox","OrangePellets","PageOfPunishingBird","Matryoshka","Coffee Dripper","ClockworkSouvenir","HandDrill","CombinedTypeHook","CeramicFish","SynthV:C4","Vajra","Bird Faced Urn","MealTicket","Civilization","ChiLing","Chi","Ling","PageOfForsakenMurderer","Omamori","Bronze Scales","PageOfPorccubus","PageOfLittleHelper","Bottled Tornado","Nunchaku","Blue Candle","BirthdayGift-Icosahedron","Blood Vial","Happy Flower","BrkXgEgg","Bottled Lightning","PageOfPinocchio","Lee\u0027s Waffle","Toy Ornithopter","InkBottle","PageOfRedShoes"],"acts_visited":["Exordium","TheCity","TheBeyond","TheEnding"],"potions_floor_usage":[5,6,25,29,33,36,42,51,51,51,51,51,51,56,56,56],"damage_taken":[{"damage":34,"enemies":"Jaw Worm","floor":1,"turns":10},{"damage":2,"enemies":"Small Slimes","floor":5,"turns":2},{"damage":14,"enemies":"Gremlin Nob","floor":6,"turns":1},{"damage":14,"enemies":"Lagavulin","floor":8,"turns":3},{"damage":0,"enemies":"Cultist","floor":12,"turns":1},{"damage":0,"enemies":"Exordium Thugs","floor":14,"turns":1},{"damage":18,"enemies":"Slime Boss","floor":16,"turns":2},{"damage":2,"enemies":"Chosen","floor":18,"turns":2},{"damage":12,"enemies":"3 Byrds","floor":19,"turns":2},{"damage":12,"enemies":"Cultist and Chosen","floor":21,"turns":3},{"damage":16,"enemies":"Book of Stabbing","floor":23,"turns":2},{"damage":93,"enemies":"Centurion and Healer","floor":25,"turns":5},{"damage":14,"enemies":"Slavers","floor":27,"turns":2},{"damage":6,"enemies":"Snake Plant","floor":29,"turns":1},{"damage":6,"enemies":"Colosseum Slavers","floor":31,"turns":2},{"damage":8,"enemies":"Colosseum Nobs","floor":31,"turns":1},{"damage":24,"enemies":"Champ","floor":33,"turns":3},{"damage":6,"enemies":"Orb Walker","floor":35,"turns":1},{"damage":22,"enemies":"3 Darklings","floor":36,"turns":3},{"damage":22,"enemies":"Sphere and 2 Shapes","floor":37,"turns":1},{"damage":7,"enemies":"Mind Bloom Boss Battle","floor":39,"turns":2},{"damage":6,"enemies":"Nemesis","floor":40,"turns":1},{"damage":10,"enemies":"Reptomancer","floor":42,"turns":1},{"damage":13,"enemies":"Giant Head","floor":44,"turns":1},{"damage":16,"enemies":"Maw","floor":45,"turns":1},{"damage":18,"enemies":"Awakened One","floor":50,"turns":2},{"damage":12,"enemies":"Awakened One","floor":51,"turns":2},{"damage":0,"enemies":"Shield and Spear","floor":55,"turns":1},{"damage":722,"enemies":"The Heart","floor":56,"turns":3}],"seed_played":"-1547727447661454544","potions_obtained":[{"floor":5,"key":"AttackPotion"},{"floor":12,"key":"Energy Potion"},{"floor":25,"key":"Swift Potion"},{"floor":42,"key":"Energy Potion"}],"is_trial":false,"path_per_floor":["M","$","?","?","M","E","T","E","T","?","R","M","R","M","R","B",null,"M","M","$","M","?","E","R","M","T","E","R","M","$","?","R","B",null,"M","M","M","$","?","E","$","E","T","E","M","?","?","$","R","B",null,null,"R","$","E","B",null],"character_chosen":"Librarian","items_purchased":["ImprovedEquipment","Sling","PageOfTodaysShyLook","PageOfFreischutz","Fruit Juice","Fruit Juice","OminousPower","MirageStorm","RepressedFlesh","HandOfGreed","PageOfThreeBirds","Technique","MerchantsRug","Darkstone Periapt","PageOfBloodbath","MostiFishMod:AdaptiveDefenses","PageOfSnowWhitesApple","Sundial","SnakesPrey","MostiFishMod:ForestofLight","Strawberry","Du-Vu Doll","Ancient Tea Set","Potion Belt","Toolbox","OrangePellets","SkillPotion","ColorlessPotion","FearPotion","LeRegole","ClockworkSouvenir","HandDrill","CombinedTypeHook","CeramicFish","SynthV:C4","Vajra","EntropicBrew","Madness","CumulusWall","Civilization","ChiLing","PageOfForsakenMurderer","Omamori","Bronze Scales","PageOfPorccubus","BirthdayGift-Icosahedron","Blood Vial","Happy Flower","BrkXgEgg","Bottled Lightning","Secret Weapon+1","PageOfPinocchio","Lee\u0027s Waffle","Toy Ornithopter","InkBottle","Strength Potion","Energy Potion","SkillPotion","Mayhem+1","Unlock1"],"campfire_rested":1,"item_purchase_floors":[2,2,2,2,2,2,2,2,2,2,2,2,2,20,20,20,20,20,20,20,30,30,30,30,30,30,30,30,30,30,38,38,38,38,38,38,38,38,38,41,41,41,41,41,41,48,48,48,48,48,48,54,54,54,54,54,54,54,54,54],"current_hp_per_floor":[20,20,20,20,23,12,12,4,4,4,25,26,26,27,27,18,61,61,56,56,54,54,56,56,27,27,28,28,39,46,57,57,70,79,76,67,78,84,88,86,88,87,87,91,94,94,77,92,92,99,104,104,104,111,116,120],"gold":320,"neow_bonus":"RANDOM_COLORLESS","is_daily":false,"chose_seed":false,"campfire_upgraded":6,"win_rate":0.0,"timestamp":1614412563,"path_taken":["M","$","?","?","?","E","?","E","T","?","R","?","R","M","R","BOSS","M","M","$","?","?","E","R","M","T","E","R","M","$","?","R","BOSS","M","M","M","$","?","E","$","E","T","E","M","?","?","?","R","BOSS","R","$","E","BOSS"],"items_purchased_type":["Relic","Relic","Relic","Relic","Potion","Potion","Card","Card","Card","Card","Relic","Relic","Relic","Relic","Relic","Relic","Relic","Relic","Card","Card","Relic","Relic","Relic","Relic","Relic","Relic","Potion","Potion","Potion","Card","Relic","Relic","Relic","Relic","Relic","Relic","Potion","Card","Card","Relic","Relic","Relic","Relic","Relic","Relic","Relic","Relic","Relic","Relic","Relic","Card","Relic","Relic","Relic","Relic","Potion","Potion","Potion","Card","Card"],"build_version":"2020-12-22","purchased_purges":11,"victory":true,"max_hp_per_floor":[65,65,65,65,70,70,70,70,70,70,70,70,70,70,70,75,75,75,75,75,75,75,75,75,75,75,75,75,75,82,79,82,82,82,82,82,82,88,88,88,88,89,89,91,94,94,94,94,94,99,104,104,104,111,116,121],"card_choices":[{"not_picked":["Deep Breath","Dark Shackles"],"picked":"Impatience","floor":0},{"not_picked":["LossOfSenses","Execute_lor","Tailoring","Multislash","BiAn","WildCard","FierceCharge","InhaleSmoke"],"picked":"FrontalAssault","floor":1},{"not_picked":["QuickSuppression","SummaryJudgment","Rampage_lor","MultiBlock","PreemptiveStrike","Multislash","ChiWen","EnergyShield","GrazeTheGrass","StrikeDown"],"picked":"TendonChords","floor":5},{"not_picked":["ExtractFuel","AsThePrescriptOrders","BindingArms","SweepTheBackstreets","DefenseOrder","Quickness","ViolentFlame","SinglePointStab","Outburst","Unlock1"],"picked":"FaintMemories","floor":6},{"not_picked":["FleetEdge","ClassAndRespect","QuickAttack","Ripple","Reload","SnakesPrey","FrontalAssault","StructuralAnalysis","YouOnlyLiveOnce","YoureAHindrance"],"picked":"TheWillOfTheCity","floor":8},{"not_picked":[],"picked":"Tttonst","floor":10},{"not_picked":["YourShield","ToOvercomeCrisis","Endure","SuppressingShot","GreatSerpentsImpact","ExtractFuel","SerpentSwordTechnique","Gigigig","AGoldenOpportunity","TasteMyFlamingBat"],"picked":"SomberProcuration","floor":12},{"not_picked":["EnergyShield","InhaleSmoke","MultiHit","Retaliate","VenomousFangs","SuppressingShot","TimeForALittleTest","UpbeatPerformance","WillOfThePrescript","FierceCharge"],"picked":"Faith","floor":14},{"not_picked":["MirageStorm","Cruelty","ChargeUp","RipSpace"],"picked":"CleanUp","floor":16},{"not_picked":["InnerArdor","AssaultOrder","UpbeatPerformance","SinglePointStab","SmokingPipe","BlindFaith","AutomatedMovement","StructuralAnalysis","DefenseOrder","YoureAHindrance","Retaliate"],"picked":"SKIP","floor":18},{"not_picked":["WillOfThePrescript","AutomatedMovement","FierceCharge","TasteMyFlamingBat","SerpentSwordTechnique","FocusFire","TheWillOfTheCity+1","StructuralAnalysis","GrazeTheGrass","EnergyStrike"],"picked":"Clone","floor":19},{"not_picked":["RhinoRam","FlashOfSunup+1","RatsGuideToSurvival+1","Disposal","PuppetBlockade+1","EndlessBattle","CombatPreparation+1","SerpentineBarrier","DesperateStruggle","BladeWhirl"],"picked":"SwordOfVolition","floor":21},{"not_picked":["SerpentSwordTechnique","HardRehearsal","SummaryJudgment","DarkCloud","GuardingStance","UnavoidableGaze+1","Pound","AssaultOrder","SuppressingShot","Thrust"],"picked":"DistortedBlade","floor":23},{"not_picked":["WillOfThePrescript","Rewind","FierceOnslaught","SharpSwipe","Reload","Guardian_lor","OpportunitySpotted","ProselytesBlade","Leap_lor","RepressedFlesh"],"picked":"SerpentineBarrier+1","floor":25},{"not_picked":["FrontalAssault","Parry2","Punishment","Thrust","YourShield","Outburst","Brawl","BiAn","GreatSerpentsImpact","MindPrepared"],"picked":"DarkCloud+1","floor":27},{"not_picked":["Diversion","Parry","FleetEdge","EnergyShield","SunsetBlade","WaitUp","SpearedSweep+1","WillOfThePrescript","BackAttack","MultiBlock"],"picked":"Laceration","floor":29},{"not_picked":["FocusFire","PuppetBlockade+1","Standoff","Castigation","HeavyPeaks","Leap_lor","SturdyDefense","Wallop_lor","TimeForALittleTest","HandlingWork"],"picked":"ClassAndRespect+1","floor":31},{"not_picked":["Deflect_lor","WillProduceFineSilk","ChargeUp","FormingStorm"],"picked":"Suppress","floor":33},{"not_picked":["BlazingStrike","GuidanceOfTheGears","ScatteringSlash+1","CircusKnives","SnakesPrey+1","JiaoTu","MultiHit+1","CombatPreparation","OpportunitySpotted","Guardian_lor"],"picked":"BattleCommand","floor":35},{"not_picked":["Laceration+1","Bvapour","Duel_lor","TimeForALittleTest","BiXi","MindPrepared","DarkCloud","Transpierce","FierceCharge","ViolentFlame","EndlessBattle"],"picked":"SKIP","floor":36},{"not_picked":["HandleRequest","Clone","Quickness","SnakesPrey","FleetFootsteps","Wallop_lor","StrikeDown+1","AbsorbImpact+1","RipSpace","Multislash"],"picked":"TheArtOfRapidSteps+1","floor":37},{"not_picked":["GuardingStance","SmokingPipe","BlindFaith","DesperateStruggle+1","EnergyStrike","Leap_lor","IngredientHunt","StrongStrike","OpportunitySpotted+1","PuppetBlockade+1"],"picked":"RatsGuideToSurvival+1","floor":39},{"not_picked":["SunsetBlade","WillOfThePrescript","GrazeTheGrass","Parry2","SkyClearingCut+1","SilentMist","EnergyShield+1","GutHarvesting","PinpointShot","Overpower"],"picked":"ShrineToMusic","floor":40},{"not_picked":["EnergyShield","SinglePointStab","Struggle","FeatherShield+1","ForcefulGesture","BattleCommand","SunsetBlade+1","UpbeatPerformance","ViolentFlame+1","FleetFootsteps"],"picked":"SharpenedBlade","floor":42},{"not_picked":["PreemptiveStrike+1","Overpower","BackstreetsDash","SetFire+1","LawAndOrder","CoordinatedAssault","GuidanceOfTheGears","SpearedSweep","SinglePointStab+1","Mutilate"],"picked":"StructuralAnalysis+1","floor":44},{"not_picked":["BindingArms","Collision","SharpSwipe","CombatPreparation","UpbeatPerformance","Unlock1","QuickAttack+1","BiAn","GuidanceOfTheGears","TheRedNotes","SunsetBlade"],"picked":"SKIP","floor":45},{"not_picked":["EnergyCycle","RepressedFlesh+1","CoordinatedAssault+1","StrongStrike+1","EndlessBattle+1","Leap_lor","LoosenUp","Feast","RhinoRam","FleetEdge"],"picked":"SuanNi+1","floor":55}],"player_experience":443911,"relics_obtained":[{"floor":1,"key":"SynthV:TestCard"},{"floor":6,"key":"PageOfTheKnightOfDespair"},{"floor":7,"key":"PageOfTheQueenOfHatred"},{"floor":8,"key":"PageOfGreed"},{"floor":23,"key":"PageOfWrath"},{"floor":25,"key":"PageOfNihil"},{"floor":26,"key":"PageOfLaetitia"},{"floor":27,"key":"Art of War"},{"floor":31,"key":"PageOfPunishingBird"},{"floor":31,"key":"Matryoshka"},{"floor":39,"key":"Bird Faced Urn"},{"floor":40,"key":"MealTicket"},{"floor":42,"key":"PageOfLittleHelper"},{"floor":43,"key":"Bottled Tornado"},{"floor":43,"key":"Nunchaku"},{"floor":44,"key":"Blue Candle"},{"floor":55,"key":"PageOfRedShoes"}],"event_choices":[{"cards_removed":["LightAttack"],"damage_healed":0,"gold_gain":0,"player_choice":"Forget","damage_taken":0,"max_hp_gain":0,"max_hp_loss":0,"event_name":"Living Wall","floor":3,"gold_loss":0},{"damage_healed":0,"gold_gain":50,"player_choice":"Pray","damage_taken":0,"max_hp_gain":0,"max_hp_loss":0,"event_name":"Golden Shrine","floor":4,"gold_loss":0},{"damage_healed":0,"gold_gain":0,"cards_transformed":["HandOfGreed","LightDefense"],"player_choice":"Became Test Subject","damage_taken":0,"max_hp_gain":0,"max_hp_loss":0,"event_name":"Drug Dealer","floor":22,"gold_loss":0,"cards_obtained":["Blind","TraceOfFumes"]},{"damage_healed":0,"gold_gain":0,"player_choice":"Fight","damage_taken":0,"max_hp_gain":0,"max_hp_loss":0,"event_name":"Colosseum","floor":31,"gold_loss":0},{"damage_healed":0,"gold_gain":0,"player_choice":"Fought Nobs","damage_taken":0,"max_hp_gain":0,"max_hp_loss":0,"event_name":"Colosseum","floor":31,"gold_loss":0},{"damage_healed":0,"gold_gain":0,"player_choice":"Fight","damage_taken":0,"max_hp_gain":0,"max_hp_loss":0,"event_name":"MindBloom","floor":39,"gold_loss":0},{"damage_healed":0,"gold_gain":0,"player_choice":"Ignored","damage_taken":0,"max_hp_gain":0,"max_hp_loss":0,"event_name":"Tomb of Lord Red Mask","floor":46,"gold_loss":0},{"damage_healed":0,"gold_gain":0,"player_choice":"Embrace Madness","damage_taken":17,"max_hp_gain":0,"max_hp_loss":0,"event_name":"Winding Halls","floor":47,"gold_loss":0,"cards_obtained":["Madness","Madness"]}],"is_beta":false,"boss_relics":[{"not_picked":["NightmareShop","RhineCircuit"],"picked":"Runic Dome"},{"not_picked":["PatriotShield","GuanYuAspect"],"picked":"Coffee Dripper"}],"items_purged_floors":[2,2,20,20,30,30,38,41,41,48,54],"is_endless":false,"potions_floor_spawned":[5,12,18,25,27,31,31,33,35,39,42,44,55],"ascension_level":15}}