{"host":"bxdue9bkfm2khp2x","time":1614429117,"event":{"mods":["ATMod(阿瑾Mod)","Aspiration","BaseMod","Better Vampires","Challenge The Spire","Colored Map","Colored Powertips","Conspire","Decade(王小明)","Dota2Spire","Downfall","Good Game Mod","Highlight Path","Minty Spire (QoL Compilation)","MostiFishMod","Reliquary","Remilia（蕾米莉亚）","Replay The Spire","RumiaBox-露米娅的神秘盒子","Ryuuou龙王","Spicy Shops","StSLib","The Alterego","The Bug Knight","The Cursed","Waifu the Spire","WarShipGirlsR/战舰少女R mod","Wide Potions","noobMod","【功能Mod】混沌之环修复补丁","残留之物","篝火指南"],"gold_per_floor":[119,119,130,143,154,154,170,170,170,198,198,198,211,221,221,325,325,336,366,384,75,75,75,110,121,121,121,481,511,527,547,322,418,418,435,454,228,247,262,262,278,278,303,322,2,22,22,22,22,22],"floor_reached":51,"language":"ZHS","playtime":15073,"items_purged":["PlaceholderMod:BaseStrike","PlaceholderMod:BaseStrike","PlaceholderMod:BaseDefend","PlaceholderMod:StressReaction+1","PlaceholderMod:BaseDefend"],"score":960,"play_id":"14a81141-c849-4413-b6fd-db146894826c","local_time":"20210227203157","is_ascension_mode":true,"campfire_choices":[{"data":"PlaceholderMod:PoisonAbsorb","floor":6.0,"key":"SMITH"},{"data":"PlaceholderMod:DirectingGroup","floor":8.0,"key":"SMITH"},{"data":"PlaceholderMod:PoisonBlast","floor":12.0,"key":"SMITH"},{"data":"PlaceholderMod:ThreeBenzyolStart","floor":15.0,"key":"SMITH"},{"data":"PlaceholderMod:HealingAttack","floor":23.0,"key":"SMITH"},{"data":"PlaceholderMod:DiffusionChemical","floor":27.0,"key":"SMITH"},{"data":"PlaceholderMod:Stable","floor":40,"key":"SMITH"},{"data":"PlaceholderMod:Crystal","floor":42,"key":"SMITH"},{"data":"PlaceholderMod:ThreeBenzyolStart","floor":49,"key":"SMITH"}],"circlet_count":0,"master_deck":["PlaceholderMod:BaseStrike","PlaceholderMod:BaseStrike","PlaceholderMod:BaseStrike","PlaceholderMod:BaseDefend","PlaceholderMod:BaseDefend","PlaceholderMod:BaseDefend","PlaceholderMod:Crystal+1","MostiFishMod:StarWish+1","PlaceholderMod:DirectingGroup+1","PlaceholderMod:PoisonAbsorb+1","PlaceholderMod:ThreeBenzyolStart+1","PlaceholderMod:PoisonBlast+1","PlaceholderMod:Stable+1","PlaceholderMod:HealingAttack+1","PlaceholderMod:DiffusionPoison+1","PlaceholderMod:DiffusionChemical+1","PlaceholderMod:Inner+1","PlaceholderMod:Activation+1","PlaceholderMod:ThreeBenzyolStart+1","PlaceholderMod:ThreeBenzyolStart+1","PlaceholderMod:PoisonBlast+1"],"relics":["PlaceholderMod:Tancle","DaveBox","ice","AT_ATBox","REME:ComplimentaryCards","BrkXgEgg","NeowsBlessing","SynthV:TestCard","conspire:DecoderRing","Dota2Spire:MonkeyKingBar","RhineFirstAidKit","Red Mask","BionicSphere","PlaceholderMod:DeVermisMysteriis","HollowMod:StagPassRelic","Dota2Spire:UrnOfShadows","Sozu","ZombieArmy","reliquary:RoseTintedGlasses"],"acts_visited":["Exordium","TheCity","TheBeyond"],"potions_floor_usage":[33,36],"damage_taken":[{"damage":0.0,"enemies":"Jaw Worm","floor":1.0,"turns":1.0},{"damage":0.0,"enemies":"Small Slimes","floor":3.0,"turns":1.0},{"damage":0.0,"enemies":"Cultist","floor":4.0,"turns":1.0},{"damage":1.0,"enemies":"2 Fungi Beasts","floor":5.0,"turns":5.0},{"damage":4.0,"enemies":"3 Louse","floor":7.0,"turns":7.0},{"damage":32.0,"enemies":"Gremlin Nob","floor":10.0,"turns":4.0},{"damage":6.0,"enemies":"Exordium Thugs","floor":13.0,"turns":6.0},{"damage":10.0,"enemies":"Large Slime","floor":14.0,"turns":3.0},{"damage":2.0,"enemies":"Fading Forest","floor":16.0,"turns":11.0},{"damage":23.0,"enemies":"2 Thieves","floor":18.0,"turns":3.0},{"damage":6.0,"enemies":"Masked Bandits","floor":19.0,"turns":2.0},{"damage":0.0,"enemies":"Chosen","floor":20.0,"turns":4.0},{"damage":17.0,"enemies":"HollowMod:Nosk","floor":24.0,"turns":5.0},{"damage":2.0,"enemies":"Shelled Parasite and Fungi","floor":25.0,"turns":5.0},{"damage":33.0,"enemies":"Gremlin Leader","floor":29.0,"turns":5.0},{"damage":3.0,"enemies":"Centurion and Healer","floor":30.0,"turns":4.0},{"damage":0.0,"enemies":"3 Cultists","floor":31.0,"turns":3.0},{"damage":40,"enemies":"Pondfish","floor":33,"turns":5},{"damage":0,"enemies":"3 Shapes","floor":35,"turns":3},{"damage":22,"enemies":"3 Darklings","floor":36,"turns":3},{"damage":0,"enemies":"Sphere and 2 Shapes","floor":38,"turns":4},{"damage":0,"enemies":"Jaw Worm Horde","floor":39,"turns":3},{"damage":16,"enemies":"Writhing Mass","floor":41,"turns":4},{"damage":0,"enemies":"Transient","floor":44,"turns":5},{"damage":13,"enemies":"Spire Growth","floor":46,"turns":4},{"damage":24,"enemies":"conspire:OrnateMirror","floor":50,"turns":5}],"seed_played":"7185324441859961054","potions_obtained":[{"floor":1.0,"key":"Swift Potion"},{"floor":10.0,"key":"Dexterity Potion"},{"floor":13.0,"key":"FearPotion"},{"floor":14.0,"key":"SteroidPotion"},{"floor":16.0,"key":"BlessingOfTheForge"},{"floor":18.0,"key":"DistilledChaos"},{"floor":19.0,"key":"Flashbang"},{"floor":30.0,"key":"Venom Potion"},{"floor":33,"key":"SpeedPotion"}],"is_trial":false,"path_per_floor":["M","?","M","M","M","R","M","R","T","E","?","R","M","M","R","B",null,"M","?","M","$","?","R","E","M","T","R","?","E","M","M","R","B",null,"M","M","$","M","M","R","M","R","T","M","$","M","?","?","R","B",null],"character_chosen":"THE_PLACEHOLDER","items_purchased":["PlaceholderMod:Inner+1","BionicSphere","PlaceholderMod:ThreeBenzyolStart","reliquary:RoseTintedGlasses"],"campfire_rested":0,"item_purchase_floors":[21,21,37,45],"current_hp_per_floor":[70,70,70,70,69,69,65,65,65,33,41,41,35,25,25,41,69,46,49,53,53,53,53,41,48,48,48,12,64,66,66,66,82,82,82,65,65,77,82,82,70,70,70,82,82,74,74,82,82,67],"gold":22,"neow_bonus":"THREE_ENEMY_KILL","is_daily":false,"chose_seed":false,"campfire_upgraded":9,"win_rate":0.0,"timestamp":1614429117,"path_taken":["M","?","M","M","M","R","M","R","T","E","?","R","?","M","R","BOSS","M","?","M","$","?","R","E","?","T","R","?","E","?","M","R","BOSS","M","M","$","M","M","R","M","R","T","M","$","M","?","?","R","BOSS"],"items_purchased_type":["Card","Relic","Card","Relic"],"build_version":"2020-12-22","purchased_purges":5,"victory":true,"max_hp_per_floor":[78,78,78,78,78,78,78,78,78,78,78,78,78,78,78,78,78,78,78,78,78,78,78,78,78,78,78,78,82,82,82,82,82,82,82,82,82,82,82,82,82,82,82,82,82,82,82,82,82,82],"card_choices":[{"not_picked":["PlaceholderMod:CycleAttack","PlaceholderMod:HornyBlast"],"picked":"PlaceholderMod:DirectingGroup","floor":1.0},{"not_picked":["PlaceholderMod:Sweep","PlaceholderMod:NearChange","PlaceholderMod:Polyp","PlaceholderMod:SubstitutionNucleophilic1"],"picked":"PlaceholderMod:PoisonAbsorb","floor":3.0},{"not_picked":["PlaceholderMod:EnergyAbsorb","PlaceholderMod:OHStrongAttack","PlaceholderMod:ProliferateStrike","PlaceholderMod:NutritionAbsorb"],"picked":"PlaceholderMod:ThreeBenzyolStart","floor":4.0},{"not_picked":["PlaceholderMod:Turn","PlaceholderMod:CycleAttack","PlaceholderMod:HornyBlast","PlaceholderMod:Polyp","PlaceholderMod:ThreeBenzyolStart"],"picked":"SKIP","floor":5.0},{"not_picked":["PlaceholderMod:HighConcentration","PlaceholderMod:Package","PlaceholderMod:DissolvingSpikes","PlaceholderMod:Hyperplasia","PlaceholderMod:SevereHeat"],"picked":"SKIP","floor":7.0},{"not_picked":["PlaceholderMod:StressReaction","PlaceholderMod:PoisonAbsorb","PlaceholderMod:UnpureUse","PlaceholderMod:EnergyAbsorb"],"picked":"PlaceholderMod:PoisonBlast","floor":10.0},{"not_picked":["PlaceholderMod:SevereHeat","PlaceholderMod:AngryAttack","PlaceholderMod:CrystallizationStrike","PlaceholderMod:HardStrike"],"picked":"PlaceholderMod:Stable","floor":13.0},{"not_picked":["PlaceholderMod:HornyBlast","PlaceholderMod:HardStrike","PlaceholderMod:PoisonExcitation","PlaceholderMod:StressReaction"],"picked":"PlaceholderMod:HealingAttack","floor":14.0},{"not_picked":["PlaceholderMod:MultiReaction+1","PlaceholderMod:DoublePoint+1","PlaceholderMod:Activation+1","PlaceholderMod:AbsorbTouch+1"],"picked":"PlaceholderMod:DiffusionPoison+1","floor":16.0},{"not_picked":["PlaceholderMod:ProliferateStrike+1","PlaceholderMod:Turn","PlaceholderMod:ConsolidateHit+1","PlaceholderMod:PericyclicReaction+1","PlaceholderMod:HardStrike+1"],"picked":"SKIP","floor":18.0},{"not_picked":["PlaceholderMod:PoisonBlast","PlaceholderMod:HornyBlast+1","PlaceholderMod:Polyp+1","PlaceholderMod:SpinBlade"],"picked":"PlaceholderMod:StressReaction+1","floor":19.0},{"not_picked":["PlaceholderMod:SeverePoisonStrike","PlaceholderMod:DissolvingSpikes","PlaceholderMod:UnpureUse","PlaceholderMod:Turn"],"picked":"PlaceholderMod:DiffusionChemical","floor":20.0},{"not_picked":["PlaceholderMod:SelectReaction","PlaceholderMod:Polyp","PlaceholderMod:StressReaction","PlaceholderMod:SevereHeat+1","PlaceholderMod:AttackAsDefend+1"],"picked":"SKIP","floor":24.0},{"not_picked":["PlaceholderMod:StressReaction","PlaceholderMod:HornyBlast+1","PlaceholderMod:TriggerStrike+1","PlaceholderMod:DirectingGroup","PlaceholderMod:DoublePoint+1"],"picked":"SKIP","floor":25.0},{"not_picked":["PlaceholderMod:DissolvingSpikes","PlaceholderMod:Corrosion","PlaceholderMod:EvolutionSpray","PlaceholderMod:Break+1","PlaceholderMod:SelectReaction+1"],"picked":"SKIP","floor":29.0},{"not_picked":["PlaceholderMod:HardStinger","PlaceholderMod:StrongAcid","PlaceholderMod:PoisonAbsorb","PlaceholderMod:DirectingGroup","PlaceholderMod:Hyperplasia"],"picked":"SKIP","floor":30.0},{"not_picked":["PlaceholderMod:EnergyAbsorb+1","PlaceholderMod:DirectingGroup","PlaceholderMod:NutritionAbsorb","PlaceholderMod:Polyp","PlaceholderMod:SpinBlade"],"picked":"SKIP","floor":31.0},{"not_picked":["PlaceholderMod:QualitativeChange+1","PlaceholderMod:InnerSoften+1","PlaceholderMod:Eat+1","PlaceholderMod:BlastSpray+1"],"picked":"PlaceholderMod:Activation+1","floor":33},{"not_picked":["PlaceholderMod:PoisonExcitation","PlaceholderMod:CycleAttack","PlaceholderMod:ProliferateStrike+1","PlaceholderMod:Sweep","PlaceholderMod:DissolvingSpikes"],"picked":"SKIP","floor":35},{"not_picked":["PlaceholderMod:HornyBlast+1","PlaceholderMod:ChainPoly+1","PlaceholderMod:BlastSpray+1","PlaceholderMod:Break+1","PlaceholderMod:EnergyAbsorb+1"],"picked":"SKIP","floor":36},{"not_picked":["PlaceholderMod:StressReaction","PlaceholderMod:TriggerStrike","PlaceholderMod:SeverePoisonStrike","PlaceholderMod:ChainPoly"],"picked":"PlaceholderMod:ThreeBenzyolStart","floor":38},{"not_picked":["PlaceholderMod:AttackAsDefend","PlaceholderMod:Turn","PlaceholderMod:Sweep","PlaceholderMod:Hard"],"picked":"PlaceholderMod:PoisonBlast+1","floor":39},{"not_picked":["PlaceholderMod:Assimilation+1","PlaceholderMod:PoisonExcitation","PlaceholderMod:Package+1","PlaceholderMod:AttackAsDefend","PlaceholderMod:OHStrongAttack"],"picked":"SKIP","floor":41},{"not_picked":["PlaceholderMod:CorePoison+1","PlaceholderMod:CycleAttack+1","PlaceholderMod:Stratification","PlaceholderMod:SpinBlade","PlaceholderMod:ComplexForm+1"],"picked":"SKIP","floor":44},{"not_picked":["PlaceholderMod:DissolvingSpikes","PlaceholderMod:PoisonAbsorb","PlaceholderMod:Colorful+1","PlaceholderMod:Internalization+1","PlaceholderMod:HornyBlast+1"],"picked":"SKIP","floor":46}],"player_experience":943131,"relics_obtained":[{"floor":1.0,"key":"SynthV:TestCard"},{"floor":9.0,"key":"conspire:DecoderRing"},{"floor":10.0,"key":"Dota2Spire:MonkeyKingBar"},{"floor":19.0,"key":"Red Mask"},{"floor":24.0,"key":"PlaceholderMod:DeVermisMysteriis"},{"floor":26.0,"key":"HollowMod:StagPassRelic"},{"floor":29.0,"key":"Dota2Spire:UrnOfShadows"},{"floor":43,"key":"ZombieArmy"}],"event_choices":[{"cards_removed":["PlaceholderMod:PoisonWhip"],"damage_healed":0.0,"max_hp_gain":0.0,"max_hp_loss":0.0,"gold_gain":0.0,"event_name":"Living Wall","player_choice":"Forget","floor":2.0,"gold_loss":0.0,"damage_taken":0.0},{"damage_healed":0.0,"max_hp_gain":0.0,"max_hp_loss":0.0,"gold_gain":0.0,"event_name":"Masked Bandits","player_choice":"Fought Bandits","floor":19.0,"gold_loss":0.0,"damage_taken":0.0},{"damage_healed":0.0,"max_hp_gain":0.0,"max_hp_loss":0.0,"gold_gain":360.0,"event_name":"Knowing Skull","player_choice":"GOLD GOLD GOLD GOLD ","floor":28.0,"potions_obtained":[],"gold_loss":0.0,"damage_taken":36.0,"cards_obtained":[]}],"is_beta":false,"boss_relics":[{"not_picked":["Fusion Hammer","Replay:Bronze Core"],"picked":"RhineFirstAidKit"},{"not_picked":["Runic Dome","SacredBark"],"picked":"Sozu"}],"items_purged_floors":[21,32,32,37,45],"is_endless":false,"potions_floor_spawned":[1,10,13,14,16,18,19,30,33,38,41,46],"ascension_level":8}}