{"host":"3fq4qkq16k5wd7va","time":1614453902,"event":{"mods":["BaseMod","Better Match","Googly Eyes","Minty Spire (QoL Compilation)","StSLib"],"gold_per_floor":[114,114,3,78,97,130,130,130,130],"floor_reached":8,"language":"ENG","playtime":417,"items_purged":["Strike_R"],"score":62,"play_id":"f6a6feab-1948-4e24-a7f4-236006644cb2","local_time":"20210228062502","is_ascension_mode":true,"campfire_choices":[{"data":"Twin Strike","floor":7,"key":"SMITH"}],"circlet_count":0,"master_deck":["Strike_R","Strike_R","Strike_R","Strike_R","Defend_R","Defend_R","Defend_R","Defend_R","Bash","Finesse","Entrench","Twin Strike+1"],"relics":["Burning Blood","Darkstone Periapt","Sundial"],"acts_visited":["Exordium"],"potions_floor_usage":[],"damage_taken":[{"damage":0,"enemies":"Jaw Worm","floor":1,"turns":5},{"damage":3,"enemies":"Small Slimes","floor":5,"turns":3},{"damage":71,"enemies":"3 Sentries","floor":6,"turns":18},{"damage":33,"enemies":"Lagavulin","floor":8,"turns":3}],"seed_played":"-5679057528000870297","potions_obtained":[{"floor":5,"key":"FairyPotion"}],"is_trial":false,"path_per_floor":["M","?","$","?","M","E","R","E"],"character_chosen":"IRONCLAD","items_purchased":["Entrench"],"campfire_rested":0,"item_purchase_floors":[3],"current_hp_per_floor":[80,77,77,66,69,30,30,0,0],"gold":130,"neow_bonus":"RANDOM_COLORLESS","is_daily":false,"chose_seed":false,"campfire_upgraded":1,"win_rate":0.0,"timestamp":1614453902,"path_taken":["M","?","$","?","M","E","R","E"],"items_purchased_type":["Card"],"build_version":"2020-12-22","purchased_purges":1,"victory":false,"max_hp_per_floor":[80,80,80,80,80,80,80,80,80],"card_choices":[{"not_picked":["Purity","Good Instincts"],"picked":"Finesse","floor":0},{"not_picked":["Thunderclap","Perfected Strike","Cleave"],"picked":"SKIP","floor":1},{"not_picked":["Entrench","Infernal Blade"],"picked":"Twin Strike","floor":5},{"not_picked":["Berserk","Thunderclap","Sword Boomerang"],"picked":"SKIP","floor":6}],"player_experience":175418,"relics_obtained":[{"floor":6,"key":"Sundial"}],"event_choices":[{"damage_healed":0,"gold_gain":0,"player_choice":"Success","damage_taken":3,"relics_obtained":["Darkstone Periapt"],"max_hp_gain":0,"max_hp_loss":0,"event_name":"Scrap Ooze","floor":2,"gold_loss":0},{"damage_healed":0,"gold_gain":75,"player_choice":"Gather Gold","damage_taken":11,"max_hp_gain":0,"max_hp_loss":0,"event_name":"World of Goop","floor":4,"gold_loss":0}],"is_beta":false,"boss_relics":[],"items_purged_floors":[3],"is_endless":false,"potions_floor_spawned":[5],"killed_by":"Lagavulin","ascension_level":3}}