{"host":"ffn9oaz9ksdh6gtp","time":1614432662,"event":{"mods":["ATMod(°¢èªMod)","Act Like it!","Arknights","BaseMod","GifTheSpireLib","Library of Ruina","Library of Ruina Extra","Minty Spire (QoL Compilation)","MostiFishMod","Replay The Spire","StSLib","The Bug Knight","¡¾ÒÅÎï¿¨ÅÆ¡¿REMEMod"],"gold_per_floor":[116,134,134,149,149,175,192,225,225,252,31,62,62,92,92,188,188,200,125,40,40,40,70,99,126,126,155,186,317,62,81,81,383,383,383,383],"floor_reached":35,"language":"ZHS","playtime":2292,"items_purged":["Regret","Thrust"],"score":857,"play_id":"beecefe1-b10b-4d24-88c9-c4fb29c0030d","local_time":"20210227213102","daily_mods":["SealedDeck","Heirloom","Time Dilation","Flight","DeadlyEvents","Elite Swarm"],"is_ascension_mode":false,"campfire_choices":[{"data":"SenseQuarry","floor":15.0,"key":"SMITH"},{"data":"ToOvercomeCrisis","floor":32,"key":"SMITH"}],"circlet_count":0,"master_deck":["Creak","Thrust","Overpower","Multislash","AsThePrescriptOrders","WillOfThePrescript","GreatSerpentsImpact","DesperateStruggle","SharpenedBlade","FlashingStrike","AT_FamilyPortrait","DarkCloud","Parry2","SomberProcuration","SenseQuarry+1","ToOvercomeCrisis+1","BoundaryOfDeath","WillProduceFineSilk","UnforgettableMelody+1","CleanUp","ExtremeEdge","FlyingSword"],"relics":["PageOfLibrarian","REME_ComplimentaryCards","AT_ATBox","DaveBox","Turnip","RhineSuit","SynthV:TestCard","PageOfWayBackHome","Tiny Chest","Omamori","ImprovedEquipment","Frozen Egg 2","Replay:Bottled Steam","Frozen Eye","Girya","Regal Pillow","Abe\u0027s Treasure","AT_ArchangelStaff","SynthV:C4","Counterbalance","Replay:Accelerometer","Centennial Puzzle","Lizard Tail","ReplayTheSpireMod:Ninjato","AT_TheCollector","Calipers","PageOfPorccubus","GuanYuAspect"],"acts_visited":["Exordium","TheCity","TheBeyond"],"potions_floor_usage":[],"damage_taken":[{"damage":0.0,"enemies":"Small Slimes","floor":1.0,"turns":2.0},{"damage":0.0,"enemies":"Cultist","floor":2.0,"turns":2.0},{"damage":3.0,"enemies":"Jaw Worm","floor":4.0,"turns":2.0},{"damage":2.0,"enemies":"Gremlin Nob","floor":6.0,"turns":2.0},{"damage":0.0,"enemies":"Looter","floor":7.0,"turns":1.0},{"damage":5.0,"enemies":"3 Sentries","floor":8.0,"turns":4.0},{"damage":3.0,"enemies":"Lagavulin","floor":10.0,"turns":3.0},{"damage":7.0,"enemies":"Gremlin Nob","floor":12.0,"turns":1.0},{"damage":29.0,"enemies":"3 Sentries","floor":14.0,"turns":7.0},{"damage":6.0,"enemies":"The Guardian","floor":16.0,"turns":5.0},{"damage":2.0,"enemies":"3 Byrds","floor":18.0,"turns":3.0},{"damage":6.0,"enemies":"Slavers","floor":23.0,"turns":3.0},{"damage":0.0,"enemies":"REME_1_Revenger","floor":24.0,"turns":1.0},{"damage":0.0,"enemies":"Book of Stabbing","floor":25.0,"turns":3.0},{"damage":2.0,"enemies":"REME_1_Revenger","floor":27.0,"turns":2.0},{"damage":2.0,"enemies":"Gremlin Leader","floor":28.0,"turns":2.0},{"damage":4.0,"enemies":"Slavers","floor":29.0,"turns":2.0},{"damage":0,"enemies":"Chosen","floor":31,"turns":2},{"damage":19,"enemies":"RedHoodMercenary","floor":33,"turns":4},{"damage":0,"enemies":"3 Darklings","floor":35,"turns":1}],"seed_played":"-2990872159470908076","potions_obtained":[{"floor":4.0,"key":"Fire Potion"},{"floor":6.0,"key":"Flashbang"},{"floor":14.0,"key":"FairyPotion"},{"floor":16.0,"key":"DistilledChaos"}],"is_trial":true,"path_per_floor":["M","M","?","M","T","E","M","E","T","E","$","E","?","E","R","B",null,"M","?","?","T","$","E","E","E","T","E","E","E","$","M","R","B",null,"M"],"character_chosen":"Librarian","items_purchased":["Frozen Eye","PageOfPorccubus"],"campfire_rested":0,"item_purchase_floors":[11,30],"current_hp_per_floor":[60,60,60,57,57,55,55,50,50,47,47,46,46,17,17,11,223,53,53,53,53,53,47,47,47,47,45,43,39,39,39,39,24,112,28,28],"gold":383,"neow_bonus":"","is_daily":false,"chose_seed":false,"campfire_upgraded":2,"win_rate":0.0,"timestamp":1614432662,"path_taken":["M","M","?","M","?","E","M","E","T","E","$","E","?","E","R","BOSS","M","?","?","?","$","E","E","E","T","E","?","E","$","?","R","BOSS","M"],"items_purchased_type":["Relic","Relic"],"build_version":"2020-12-22","purchased_purges":2,"victory":false,"max_hp_per_floor":[77,77,77,77,77,223,223,223,223,79,79,79,79,79,223,223,223,223,223,223,223,223,223,223,223,223,223,223,223,223,223,223,223,112,112,112],"card_choices":[{"not_picked":["Faith","GreatSerpentsImpact","WillOfThePrescript"],"picked":"DarkCloud","floor":1.0},{"not_picked":["EnergyCycle","Thrust","DefenseOrder","DesperateStruggle","SunsetBlade"],"picked":"Parry2","floor":2.0},{"not_picked":["RulesOfTheBackstreets","SunsetBlade","ProselytesBlade","FlyingSword","DarkCloud"],"picked":"SomberProcuration","floor":4.0},{"not_picked":["ChargeUp","EnergyBeam","FleshFillet","CleanUp","WillProduceFineSilk"],"picked":"SenseQuarry","floor":6.0},{"not_picked":["Marionette","DefenseOrder","FlashingStrike","ViolentFlame","Rewind"],"picked":"ToOvercomeCrisis","floor":7.0},{"not_picked":["Eradication","RipSpace","GoinFirst","SenseQuarry","FleshFillet"],"picked":"BoundaryOfDeath","floor":8.0},{"not_picked":["Castigation","ChargeUp+1","RepressedFlesh","EnergyBeam","SenseQuarry","Eradication"],"picked":"SKIP","floor":10.0},{"not_picked":["SenseQuarry","RepressedFlesh","MirageStorm","BoundaryOfDeath","RipSpace"],"picked":"WillProduceFineSilk","floor":12.0},{"not_picked":["SenseQuarry","FleshFillet","RipSpace","GoinFirst","BoundaryOfDeath"],"picked":"UnforgettableMelody+1","floor":14.0},{"not_picked":["BoundaryOfDeath","Decapitation","EnergyBeam","SenseQuarry"],"picked":"CleanUp","floor":16.0},{"not_picked":["EndlessBattle","Parry","SmokingPipe","RipSpace","UncannyStrike"],"picked":"ExtremeEdge","floor":18.0},{"not_picked":["ChargeUp+1","MirageStorm","WillProduceFineSilk","CleanUp","SenseQuarry","RipSpace"],"picked":"SKIP","floor":23.0},{"not_picked":["GoinFirst","FleshFillet","Eradication","BoundaryOfDeath","WillProduceFineSilk","Castigation"],"picked":"SKIP","floor":24.0},{"not_picked":["GoinFirst","FleshFillet","Eradication","BoundaryOfDeath","WillProduceFineSilk","Castigation"],"picked":"SKIP","floor":24.0},{"not_picked":["GoinFirst","FleshFillet","Eradication","BoundaryOfDeath","WillProduceFineSilk","Castigation"],"picked":"SKIP","floor":24.0},{"not_picked":["BoundaryOfDeath","SenseQuarry","RepressedFlesh","Decapitation","MirageStorm","EnergyBeam"],"picked":"SKIP","floor":25.0},{"not_picked":["Decapitation","UnforgettableMelody+1","FleshFillet","BoundaryOfDeath","RipSpace","CleanUp"],"picked":"SKIP","floor":27.0},{"not_picked":["MirageStorm","UnforgettableMelody+1","EnergyBeam","FleshFillet","CleanUp","GoinFirst"],"picked":"SKIP","floor":28.0},{"not_picked":["SenseQuarry","MirageStorm","Decapitation","BoundaryOfDeath","WillProduceFineSilk","FleshFillet"],"picked":"SKIP","floor":29.0},{"not_picked":["SunsetBlade+1","Leap_lor+1","Castigation","EnergyCycle","Unlock1"],"picked":"FlyingSword","floor":31}],"player_experience":102473,"relics_obtained":[{"floor":1.0,"key":"SynthV:TestCard"},{"floor":5.0,"key":"Tiny Chest"},{"floor":6.0,"key":"Omamori"},{"floor":8.0,"key":"ImprovedEquipment"},{"floor":9.0,"key":"Frozen Egg 2"},{"floor":10.0,"key":"Replay:Bottled Steam"},{"floor":12.0,"key":"Girya"},{"floor":14.0,"key":"Regal Pillow"},{"floor":21.0,"key":"SynthV:C4"},{"floor":23.0,"key":"Counterbalance"},{"floor":24.0,"key":"Replay:Accelerometer"},{"floor":25.0,"key":"Centennial Puzzle"},{"floor":26.0,"key":"Lizard Tail"},{"floor":27.0,"key":"ReplayTheSpireMod:Ninjato"},{"floor":28.0,"key":"AT_TheCollector"},{"floor":29.0,"key":"Calipers"}],"event_choices":[{"damage_healed":0.0,"max_hp_gain":0.0,"max_hp_loss":0.0,"gold_gain":0.0,"event_name":"Big Fish","player_choice":"Box","floor":3.0,"gold_loss":0.0,"damage_taken":0.0,"relics_obtained":["PageOfWayBackHome"],"cards_obtained":["Regret"]},{"damage_healed":0.0,"max_hp_gain":0.0,"max_hp_loss":0.0,"gold_gain":0.0,"event_name":"Liars Game","player_choice":"Ignored","floor":13.0,"gold_loss":0.0,"damage_taken":0.0},{"damage_healed":0.0,"max_hp_gain":0.0,"max_hp_loss":0.0,"gold_gain":0.0,"event_name":"Addict","player_choice":"Obtained Relic","floor":20.0,"gold_loss":85.0,"damage_taken":0.0,"relics_obtained":["AT_ArchangelStaff"]}],"is_beta":false,"boss_relics":[{"not_picked":["Runic Dome","TimeKeys"],"picked":"Abe\u0027s Treasure"},{"not_picked":["Kintsugi","OneHitWonderSystem"],"picked":"GuanYuAspect"}],"items_purged_floors":[11,30],"is_endless":false,"potions_floor_spawned":[4,6,7,14,16,24,27,33],"killed_by":"3 Darklings","ascension_level":0}}