{"host":"dbkc9h3etq50r1dq","time":1614398951,"event":{"mods":["AchievementEnabler","BaseMod","Block Reminder","Colored Powertips","Curses Come First","Dark Map","Highlight Path","Keyboard Shortcuts","Marisa£®ÏF”Í°°ƒß¿Ì…≥£©","Minty Spire (QoL Compilation)","Permanent Neow","Potion Indicator Mod","Random Character Button","Rare Cards Sparkle","StSLib","SuperFastMode","Weighted Paths"],"gold_per_floor":[118,138,88,105,117,117,42,72,72,72,87,114,114,149,149,248,248,260,272,85,100,100,127,127,77,104,130,130,80,92,42,42,42,42],"floor_reached":33,"language":"ZHS","playtime":993,"items_purged":["Defend_R","Defend_R+1","Defend_R","Bash","Parasite"],"score":439,"play_id":"af6ebd05-9a5e-4e0c-b105-09687d3394c1","local_time":"20210227120911","is_ascension_mode":true,"campfire_choices":[{"data":"Armaments","floor":6.0,"key":"SMITH"},{"data":"Uppercut","floor":10.0,"key":"SMITH"},{"floor":15.0,"key":"REST"},{"floor":24.0,"key":"REST"},{"floor":28.0,"key":"REST"},{"floor":32.0,"key":"REST"}],"circlet_count":0,"master_deck":["Strike_R","Strike_R","Strike_R","Strike_R","Strike_R","Sword Boomerang","Flex+1","Uppercut+1","Armaments+1","Battle Trance","Flash of Steel+1","Warcry+1","Bloodletting","Twin Strike+1"],"relics":["Burning Blood","Blood Vial","War Paint","Molten Egg 2","Juzu Bracelet","Cursed Key","Smiling Mask","Happy Flower","Red Skull"],"acts_visited":["Exordium","TheCity"],"potions_floor_usage":[33],"damage_taken":[{"damage":7.0,"enemies":"Jaw Worm","floor":1.0,"turns":3.0},{"damage":0.0,"enemies":"Cultist","floor":2.0,"turns":2.0},{"damage":10.0,"enemies":"2 Louse","floor":4.0,"turns":2.0},{"damage":12.0,"enemies":"Lots of Slimes","floor":5.0,"turns":4.0},{"damage":12.0,"enemies":"3 Sentries","floor":8.0,"turns":5.0},{"damage":5.0,"enemies":"2 Fungi Beasts","floor":11.0,"turns":3.0},{"damage":22.0,"enemies":"Lagavulin","floor":12.0,"turns":6.0},{"damage":27.0,"enemies":"3 Sentries","floor":14.0,"turns":6.0},{"damage":34.0,"enemies":"The Guardian","floor":16.0,"turns":9.0},{"damage":11.0,"enemies":"2 Thieves","floor":18.0,"turns":4.0},{"damage":1.0,"enemies":"Shell Parasite","floor":19.0,"turns":3.0},{"damage":27.0,"enemies":"Snecko","floor":21.0,"turns":4.0},{"damage":47.0,"enemies":"Book of Stabbing","floor":23.0,"turns":5.0},{"damage":26.0,"enemies":"Gremlin Leader","floor":27.0,"turns":4.0},{"damage":27.0,"enemies":"Shelled Parasite and Fungi","floor":30.0,"turns":3.0},{"damage":80,"enemies":"Automaton","floor":33,"turns":6}],"seed_played":"7751145060443190456","potions_obtained":[{"floor":0.0,"key":"Ancient Potion"},{"floor":0.0,"key":"Weak Potion"},{"floor":0.0,"key":"Fire Potion"},{"floor":1.0,"key":"DuplicationPotion"},{"floor":2.0,"key":"LiquidMemories"},{"floor":4.0,"key":"SkillPotion"},{"floor":13.0,"key":"GamblersBrew"},{"floor":13.0,"key":"Fruit Juice"},{"floor":13.0,"key":"SkillPotion"},{"floor":16.0,"key":"Block Potion"},{"floor":18.0,"key":"Regen Potion"},{"floor":23.0,"key":"SpeedPotion"},{"floor":30.0,"key":"LiquidBronze"}],"is_trial":false,"path_per_floor":["M","M","?","M","M","R","$","E","T","R","M","E","?","E","R","B",null,"M","M","$","M","?","E","R","$","T","E","R","$","M","$","R","B"],"character_chosen":"IRONCLAD","items_purchased":["Flash of Steel+1"],"campfire_rested":4,"item_purchase_floors":[20],"current_hp_per_floor":[71,77,77,73,67,67,67,61,61,61,64,50,55,36,61,35,73,70,77,77,63,63,24,49,49,49,31,56,56,37,37,61,0,0],"gold":42,"neow_bonus":"THREE_SMALL_POTIONS","is_daily":false,"chose_seed":false,"campfire_upgraded":2,"win_rate":0.0,"timestamp":1614398951,"path_taken":["M","M","?","M","M","R","$","E","T","R","M","E","?","E","R","BOSS","M","M","?","M","?","E","R","?","T","E","R","$","M","$","R","BOSS"],"items_purchased_type":["Card"],"build_version":"2020-12-22","purchased_purges":5,"victory":false,"max_hp_per_floor":[80,80,80,80,80,80,80,80,80,80,80,80,85,85,85,85,85,85,85,85,85,85,85,85,85,85,85,85,85,85,82,82,82,82],"card_choices":[{"not_picked":["Sever Soul","Wild Strike"],"picked":"Sword Boomerang","floor":1.0},{"not_picked":["Carnage","Barricade"],"picked":"Flex","floor":2.0},{"not_picked":["Shrug It Off","Iron Wave"],"picked":"Uppercut","floor":4.0},{"not_picked":["Combust","Body Slam"],"picked":"Armaments","floor":5.0},{"not_picked":["Warcry","Carnage","Body Slam"],"picked":"SKIP","floor":8.0},{"not_picked":["Burning Pact","Shrug It Off","Dual Wield"],"picked":"SKIP","floor":11.0},{"not_picked":["Heavy Blade+1","Clothesline+1","Shrug It Off"],"picked":"SKIP","floor":12.0},{"not_picked":["Armaments","Entrench","Anger+1"],"picked":"SKIP","floor":14.0},{"not_picked":["Iron Wave+1","Sword Boomerang+1"],"picked":"Battle Trance","floor":18.0},{"not_picked":["Headbutt+1","Havoc+1","Iron Wave+1"],"picked":"SKIP","floor":19.0},{"not_picked":["True Grit","Wild Strike+1","Heavy Blade+1"],"picked":"SKIP","floor":21.0},{"not_picked":["Rage","Uppercut+1"],"picked":"Warcry+1","floor":23.0},{"not_picked":["Headbutt+1","Juggernaut"],"picked":"Bloodletting","floor":27.0},{"not_picked":["Rage","Cleave+1"],"picked":"Twin Strike+1","floor":30.0}],"player_experience":229543,"relics_obtained":[{"floor":8.0,"key":"Blood Vial"},{"floor":9.0,"key":"War Paint"},{"floor":12.0,"key":"Molten Egg 2"},{"floor":14.0,"key":"Juzu Bracelet"},{"floor":23.0,"key":"Smiling Mask"},{"floor":26.0,"key":"Happy Flower"},{"floor":27.0,"key":"Red Skull"}],"event_choices":[{"cards_removed":["Defend_R"],"damage_healed":0.0,"max_hp_gain":0.0,"max_hp_loss":0.0,"gold_gain":0.0,"event_name":"The Cleric","player_choice":"Card Removal","floor":3.0,"gold_loss":50.0,"damage_taken":0.0},{"damage_healed":0.0,"max_hp_gain":0.0,"max_hp_loss":0.0,"gold_gain":0.0,"event_name":"Lab","player_choice":"Got Potions","floor":13.0,"gold_loss":0.0,"damage_taken":0.0},{"damage_healed":0.0,"max_hp_gain":0.0,"max_hp_loss":0.0,"gold_gain":0.0,"event_name":"N\u0027loth","player_choice":"Ignored","floor":22.0,"gold_loss":0.0,"damage_taken":0.0}],"is_beta":false,"boss_relics":[{"not_picked":["Runic Dome","Ectoplasm"],"picked":"Cursed Key"}],"items_purged_floors":[7,20,25,29,31],"is_endless":false,"potions_floor_spawned":[1,2,4,16,18,23,30],"killed_by":"Automaton","ascension_level":9}}