{"host":"qnk15saze0ayia2v","time":1614452692,"event":{"mods":["BaseMod","GifTheSpireLib","Hermit","Koishi","Marisa????????","Minty Spire (QoL Compilation)","Shade Mod","StSLib","The Alterego","The Servant 0.9.4"],"gold_per_floor":[117,134,134,134,134,134,144,156,156,15,28,28,28,38,38,134,134,154,168,185,185,185,185,33,33,56,56,56,68,83,83,83,185,185,201,221,69,87,105,105,121,121,190,190,240,240,240,254,254,254],"floor_reached":51,"language":"ITA","playtime":6017,"items_purged":[],"score":639,"play_id":"228f5c9b-56bb-4d44-94d9-18ce5676afea","local_time":"20210227200452","is_ascension_mode":false,"campfire_choices":[{"floor":6,"key":"REST"},{"data":"hermit:FatalDesire","floor":12,"key":"SMITH"},{"floor":15,"key":"REST"},{"floor":23,"key":"REST"},{"data":"hermit:Determination","floor":27,"key":"SMITH"},{"floor":32,"key":"REST"},{"data":"hermit:FromBeyond","floor":40,"key":"SMITH"},{"data":"hermit:Reprieve","floor":42,"key":"SMITH"},{"data":"hermit:FinalCanter","floor":44,"key":"SMITH"},{"floor":49,"key":"REST"}],"circlet_count":0,"master_deck":["hermit:Strike_Hermit+1","hermit:Strike_Hermit+1","hermit:Defend_Hermit+1","hermit:Defend_Hermit+1","hermit:Defend_Hermit+1","hermit:Snapshot","hermit:Covet","Pain","hermit:FatalDesire+1","hermit:FromBeyond+1","hermit:Spite+1","hermit:Determination+1","hermit:Reprieve+1","hermit:Grudge","hermit:LowProfile","Pain","hermit:FinalCanter+1","hermit:Manifest+1","hermit:Gestalt+1","hermit:HighNoon+1","hermit:Showdown+1","hermit:CalledShot+1","hermit:Brawl+1","Decay","Madness","Madness","hermit:Determination","hermit:Dive"],"relics":["hermit:Momento","Shuriken","Mummified Hand","Blue Candle","Cursed Key","Enchiridion","alterego_mod:FleetingLove","Toolbox","Orichalcum","Astrolabe","Lee\u0027s Waffle","Pear","Bird Faced Urn"],"acts_visited":["Exordium","TheCity","TheBeyond"],"potions_floor_usage":[16,16,20,33,33,50,50],"damage_taken":[{"damage":8,"enemies":"Small Slimes","floor":1,"turns":3},{"damage":14,"enemies":"2 Louse","floor":2,"turns":3},{"damage":6,"enemies":"Jaw Worm","floor":7,"turns":2},{"damage":15,"enemies":"Exordium Thugs","floor":8,"turns":5},{"damage":6,"enemies":"Lots of Slimes","floor":11,"turns":8},{"damage":9,"enemies":"Large Slime","floor":14,"turns":8},{"damage":48,"enemies":"The Guardian","floor":16,"turns":10},{"damage":17,"enemies":"2 Thieves","floor":18,"turns":3},{"damage":17,"enemies":"Spheric Guardian","floor":19,"turns":4},{"damage":34,"enemies":"Centurion and Healer","floor":20,"turns":6},{"damage":0,"enemies":"3 Cultists","floor":29,"turns":4},{"damage":14,"enemies":"Snake Plant","floor":30,"turns":5},{"damage":52,"enemies":"Automaton","floor":33,"turns":9},{"damage":7,"enemies":"3 Shapes","floor":35,"turns":4},{"damage":17,"enemies":"3 Darklings","floor":36,"turns":6},{"damage":0,"enemies":"Jaw Worm Horde","floor":38,"turns":4},{"damage":2,"enemies":"Maw","floor":39,"turns":7},{"damage":5,"enemies":"Sphere and 2 Shapes","floor":41,"turns":3},{"damage":18,"enemies":"Mind Bloom Boss Battle","floor":45,"turns":5},{"damage":6,"enemies":"3 Darklings","floor":48,"turns":3},{"damage":60,"enemies":"Time Eater","floor":50,"turns":7}],"seed_played":"-191920571823450112","potions_obtained":[{"floor":1,"key":"PowerPotion"},{"floor":7,"key":"LiquidBronze"},{"floor":11,"key":"Swift Potion"},{"floor":16,"key":"Regen Potion"},{"floor":20,"key":"Explosive Potion"},{"floor":29,"key":"Ancient Potion"},{"floor":45,"key":"Explosive Potion"}],"is_trial":false,"path_per_floor":["M","M","?","?","T","R","M","M","T","$","M","R","$","M","R","B",null,"M","M","M","?","?","R","$","?","T","R","?","M","M","?","R","B",null,"M","M","$","M","M","R","M","R","T","R","?","?","?","M","R","B",null],"character_chosen":"HERMIT","items_purchased":["hermit:Reprieve","Toolbox","Lee\u0027s Waffle"],"campfire_rested":5,"item_purchase_floors":[10,24,37],"current_hp_per_floor":[67,53,38,35,35,57,51,36,36,36,50,50,50,45,67,19,75,62,53,47,31,31,53,53,53,53,53,53,57,59,59,75,35,75,68,67,82,82,80,80,75,75,85,85,83,71,71,73,92,46],"gold":254,"neow_bonus":"TRANSFORM_TWO_CARDS","is_daily":false,"chose_seed":false,"campfire_upgraded":5,"win_rate":0.0,"timestamp":1614452692,"path_taken":["M","M","?","?","?","R","?","M","T","$","M","R","?","M","R","BOSS","M","?","M","?","?","R","$","?","T","R","?","M","?","?","R","BOSS","M","M","$","M","M","R","M","R","T","R","?","?","?","?","R","BOSS"],"items_purchased_type":["Card","Relic","Relic"],"build_version":"2020-12-22","purchased_purges":0,"victory":true,"max_hp_per_floor":[75,75,75,75,75,75,75,75,75,75,75,75,75,75,75,75,75,75,75,75,75,75,75,75,75,75,75,75,75,75,75,75,75,75,75,75,82,82,82,82,82,82,92,92,92,92,92,92,92,92],"card_choices":[{"not_picked":["hermit:HoleUp","hermit:CalledShot","hermit:Glare"],"picked":"SKIP","floor":1},{"not_picked":["hermit:Horror","hermit:Misfire"],"picked":"hermit:Spite","floor":2},{"not_picked":["hermit:Glare","hermit:Roulette"],"picked":"hermit:Determination","floor":7},{"not_picked":["hermit:Coalescence","hermit:Snipe"],"picked":"hermit:Quickdraw","floor":8},{"not_picked":["hermit:Glare","hermit:Shortfuse"],"picked":"hermit:Grudge","floor":11},{"not_picked":["hermit:Quickdraw","hermit:TakeAim","hermit:CalledShot"],"picked":"SKIP","floor":14},{"not_picked":["hermit:Magnum","hermit:HighNoon"],"picked":"hermit:FatalDesire","floor":16},{"not_picked":["hermit:Gestalt+1","hermit:Horror"],"picked":"hermit:LowProfile","floor":18},{"not_picked":["hermit:Deadeye+1","hermit:LowProfile+1","hermit:Spite+1"],"picked":"SKIP","floor":19},{"not_picked":["hermit:Horror","hermit:TrackingShot","hermit:Feint"],"picked":"SKIP","floor":20},{"not_picked":["hermit:Ricochet","hermit:LowProfile","hermit:Horror+1"],"picked":"SKIP","floor":29},{"not_picked":["hermit:Ricochet","hermit:Misfire","hermit:Midnight+1"],"picked":"SKIP","floor":30},{"not_picked":["hermit:Dissolve","hermit:HeroicBravado"],"picked":"hermit:FinalCanter","floor":33},{"not_picked":["hermit:Ricochet+1","hermit:Glare","hermit:HoleUp"],"picked":"SKIP","floor":35},{"not_picked":["hermit:Glare+1","hermit:ItchyTrigger","hermit:HighCaliber+1"],"picked":"SKIP","floor":36},{"not_picked":["hermit:TakeCover+1","hermit:CursedWeapon"],"picked":"hermit:Showdown+1","floor":38},{"not_picked":["hermit:Snipe","hermit:Scavenge"],"picked":"hermit:CalledShot+1","floor":39},{"not_picked":["hermit:EyeOfTheStorm","hermit:Headshot+1"],"picked":"hermit:Brawl+1","floor":41},{"not_picked":["hermit:Malice","hermit:PistolWhip"],"picked":"hermit:Dive","floor":48}],"player_experience":407572,"relics_obtained":[{"floor":5,"key":"Mummified Hand"},{"floor":9,"key":"Blue Candle"},{"floor":21,"key":"Enchiridion"},{"floor":26,"key":"Orichalcum"},{"floor":43,"key":"Pear"},{"floor":45,"key":"Bird Faced Urn"}],"event_choices":[{"damage_healed":0,"gold_gain":0,"player_choice":"Entered Light","damage_taken":15,"max_hp_gain":0,"max_hp_loss":0,"event_name":"Shining Light","floor":3,"gold_loss":0,"cards_upgraded":["hermit:Strike_Hermit","hermit:Spite"]},{"damage_healed":0,"gold_gain":0,"player_choice":"Success","damage_taken":3,"relics_obtained":["Shuriken"],"max_hp_gain":0,"max_hp_loss":0,"event_name":"Scrap Ooze","floor":4,"gold_loss":0},{"damage_healed":0,"gold_gain":0,"player_choice":"Obtained Book","damage_taken":16,"max_hp_gain":0,"max_hp_loss":0,"event_name":"Cursed Tome","floor":21,"gold_loss":0},{"damage_healed":0,"gold_gain":0,"player_choice":"Choice 1","damage_taken":0,"relics_obtained":["alterego_mod:FleetingLove"],"max_hp_gain":0,"max_hp_loss":0,"event_name":"Secret Garden","floor":22,"gold_loss":0},{"damage_healed":0,"gold_gain":0,"cards_transformed":["hermit:FatalDesire","hermit:Strike_Hermit"],"player_choice":"Became Test Subject","damage_taken":0,"max_hp_gain":0,"max_hp_loss":0,"event_name":"Drug Dealer","floor":25,"gold_loss":0,"cards_obtained":["hermit:Ricochet","hermit:PistolWhip"]},{"damage_healed":0,"gold_gain":0,"player_choice":"Ignored","damage_taken":0,"max_hp_gain":0,"max_hp_loss":0,"event_name":"NoteForYourself","floor":28,"gold_loss":0},{"damage_healed":0,"gold_gain":0,"player_choice":"Simplicity","damage_taken":0,"max_hp_gain":0,"max_hp_loss":0,"event_name":"Back to Basics","floor":31,"gold_loss":0,"cards_upgraded":["hermit:Strike_Hermit","hermit:Defend_Hermit","hermit:Defend_Hermit","hermit:Defend_Hermit"]},{"damage_healed":0,"gold_gain":0,"player_choice":"Fight","damage_taken":0,"max_hp_gain":0,"max_hp_loss":0,"event_name":"MindBloom","floor":45,"gold_loss":0},{"damage_healed":0,"gold_gain":0,"player_choice":"Embrace Madness","damage_taken":12,"max_hp_gain":0,"max_hp_loss":0,"event_name":"Winding Halls","floor":46,"gold_loss":0,"cards_obtained":["Madness","Madness"]},{"damage_healed":0,"gold_gain":0,"player_choice":"1 cards matched","damage_taken":0,"max_hp_gain":0,"max_hp_loss":0,"event_name":"Match and Keep!","floor":47,"gold_loss":0,"cards_obtained":["hermit:Determination"]}],"is_beta":false,"boss_relics":[{"not_picked":["Velvet Choker","Calling Bell"],"picked":"Cursed Key"},{"not_picked":["Tiny House","Busted Crown"],"picked":"Astrolabe"}],"items_purged_floors":[],"is_endless":false,"potions_floor_spawned":[1,7,11,16,20,29,45],"ascension_level":0}}