{"host":"d3b2x3wue20uj2ir","time":1614436787,"event":{"mods":["AchievementEnabler","BaseMod","Better Third Choice","BetterRewards","Exacting","FTL Soundtrack","Minty Spire (QoL Compilation)","Shop Mod","StSLib"],"gold_per_floor":[112,132,143,122,150,150,170,204,228,228,228],"floor_reached":10,"language":"ENG","playtime":301,"items_purged":[],"score":81,"play_id":"ee9a7f36-b81b-4684-95d9-f90a42c47926","local_time":"20210228003947","is_ascension_mode":true,"campfire_choices":[{"data":"Zap","floor":6,"key":"SMITH"}],"circlet_count":0,"master_deck":["Strike_B","Strike_B","Strike_B","Strike_B","Defend_B","Defend_B","Defend_B","Defend_B","Zap+1","Dualcast","Defragment","Hello World","Capacitor","Leap","Stack","Electrodynamics"],"relics":["Cracked Core","Ginger","betterThird:SlimedRelic","Centennial Puzzle"],"acts_visited":["Exordium"],"potions_floor_usage":[2,5,8],"damage_taken":[{"damage":1,"enemies":"Cultist","floor":1,"turns":3},{"damage":9,"enemies":"Jaw Worm","floor":2,"turns":3},{"damage":6,"enemies":"Small Slimes","floor":3,"turns":3},{"damage":13,"enemies":"Red Slaver","floor":5,"turns":4},{"damage":3,"enemies":"2 Fungi Beasts","floor":7,"turns":3},{"damage":1,"enemies":"Lagavulin","floor":8,"turns":6},{"damage":58,"enemies":"Gremlin Nob","floor":10,"turns":4}],"seed_played":"2557258280088548268","potions_obtained":[{"floor":1,"key":"FearPotion"},{"floor":3,"key":"Energy Potion"},{"floor":7,"key":"Regen Potion"}],"is_trial":false,"path_per_floor":["M","M","M","?","M","R","M","E","T","E"],"character_chosen":"DEFECT","items_purchased":["Ginger"],"campfire_rested":0,"item_purchase_floors":[0],"current_hp_per_floor":[65,56,50,39,26,26,23,37,37,0,0],"gold":228,"neow_bonus":"","is_daily":false,"chose_seed":false,"campfire_upgraded":1,"win_rate":0.0,"timestamp":1614436787,"path_taken":["M","?","M","?","M","R","M","E","T","E"],"items_purchased_type":["Relic"],"build_version":"2020-12-22","purchased_purges":0,"victory":false,"max_hp_per_floor":[75,75,75,75,75,75,75,75,75,75,75],"card_choices":[{"not_picked":["Turbo","Rip and Tear"],"picked":"Defragment","floor":1},{"not_picked":["Turbo","Sunder"],"picked":"Hello World","floor":2},{"not_picked":["Stack","Sunder"],"picked":"Capacitor","floor":3},{"not_picked":["Steam","Ball Lightning"],"picked":"Leap","floor":5},{"not_picked":["Beam Cell","Steam"],"picked":"Stack","floor":7},{"not_picked":["Stack","Cold Snap"],"picked":"Electrodynamics","floor":8}],"player_experience":747663,"relics_obtained":[{"floor":8,"key":"Centennial Puzzle"}],"event_choices":[{"damage_healed":0,"gold_gain":0,"player_choice":"Slimed","damage_taken":11,"max_hp_gain":0,"max_hp_loss":0,"event_name":"betterThird:BetterGoop","floor":4,"gold_loss":21}],"is_beta":false,"boss_relics":[],"items_purged_floors":[],"is_endless":false,"potions_floor_spawned":[1,3,7],"killed_by":"Gremlin Nob","ascension_level":3}}