{"host":"jjrg941k7ydtmr5s","time":1614384279,"event":{"mods":["BaseMod","Colored Map","Colored Powertips","DeckTracker","Highlight Path","Koishi","Marisa（霧雨　魔理沙）","Minty Spire (QoL Compilation)","Quick Restart","Remilia（蕾米莉?）","StSLib","SuperFastMode","The Administrix","The Bladedancer","The Cursed","The Forsaken","The Runesmith","The Servant 0.9.4","Youmu（魂魄妖梦）"],"gold_per_floor":[115,10,28,103,103,103,103,118,142,142,142],"floor_reached":10,"language":"JPN","playtime":548,"items_purged":[],"score":56,"play_id":"893364cd-0164-4646-80ca-85b19a3cb254","local_time":"20210227090439","is_ascension_mode":false,"campfire_choices":[],"circlet_count":0,"master_deck":["Strike_P","Strike_P","Strike_P","Strike_P","Defend_P","Defend_P","Defend_P","Defend_P","Eruption","Vigilance","Tantrum","SignatureMove","ClearTheMind"],"relics":["PureWater","NeowsBlessing","Anchor","CultistMask"],"acts_visited":["Exordium"],"potions_floor_usage":[],"damage_taken":[{"damage":0,"enemies":"Jaw Worm","floor":1,"turns":1},{"damage":0,"enemies":"Cultist","floor":3,"turns":1},{"damage":0,"enemies":"Small Slimes","floor":8,"turns":1},{"damage":74,"enemies":"Gremlin Nob","floor":10,"turns":4}],"seed_played":"-4427044075232443957","potions_obtained":[{"floor":3,"key":"StancePotion"},{"floor":8,"key":"SteroidPotion"}],"is_trial":false,"path_per_floor":["M","?","M","?","$","?","$","M","T","E"],"character_chosen":"WATCHER","items_purchased":[],"campfire_rested":0,"item_purchase_floors":[],"current_hp_per_floor":[72,72,72,61,61,61,61,61,61,0,0],"gold":142,"neow_bonus":"THREE_ENEMY_KILL","is_daily":false,"chose_seed":false,"campfire_upgraded":0,"win_rate":0.0,"timestamp":1614384279,"path_taken":["M","?","?","?","$","?","$","M","T","E"],"items_purchased_type":[],"build_version":"2020-12-22","purchased_purges":0,"victory":false,"max_hp_per_floor":[72,72,72,72,72,72,72,72,72,72,72],"card_choices":[{"not_picked":["SashWhip","BowlingBash"],"picked":"Tantrum","floor":1},{"not_picked":["BowlingBash","Sanctity"],"picked":"SignatureMove","floor":3},{"not_picked":["CutThroughFate","Vengeance"],"picked":"ClearTheMind","floor":8}],"player_experience":72397,"relics_obtained":[],"event_choices":[{"damage_healed":0,"gold_gain":0,"player_choice":"Paid Gold","damage_taken":0,"relics_obtained":["Anchor"],"max_hp_gain":0,"max_hp_loss":0,"event_name":"WeMeetAgain","floor":2,"gold_loss":105},{"damage_healed":0,"gold_gain":75,"player_choice":"Gather Gold","damage_taken":11,"max_hp_gain":0,"max_hp_loss":0,"event_name":"World of Goop","floor":4,"gold_loss":0},{"damage_healed":0,"gold_gain":0,"player_choice":"Trade","damage_taken":0,"relics_obtained":["CultistMask"],"max_hp_gain":0,"max_hp_loss":0,"event_name":"FaceTrader","floor":6,"gold_loss":0}],"is_beta":false,"boss_relics":[],"items_purged_floors":[],"is_endless":false,"potions_floor_spawned":[3,8],"killed_by":"Gremlin Nob","ascension_level":0}}