{"host":"jsd6g3c2vo13e69c","time":1614420065,"event":{"mods":["2.2 Compatiblity","Act Like it!","BaseMod","Better Altar","Better Match","Better Note","Better Sensory Stone","Better Third Choice","BetterRewards","Colored Map","Colored Powertips","Downfall","Friendly Minions","GifTheSpireLib","Googly Eyes","Gremlin Mod","Hermit","Hubris","Infinite Spire","Melee Mod","Minty Spire (QoL Compilation)","Permanent Neow","Quick Restart","Random Character Button","Replay The Spire","Shop Mod","Spire Arcade","StSLib","The Cursed","The Disciple","The Forsaken","thorton"],"gold_per_floor":[99,119,135,192,192,226,226,240,415,415,495,514,514,964,974,1079,1129,1129,1139,1139,1157,1157,1174,1174,1174,1174,1174],"floor_reached":25,"language":"ENG","playtime":1369,"items_purged":[],"score":276,"play_id":"cd761db0-71f3-4d09-a385-d90b37fdc3e2","local_time":"20210227050105","is_ascension_mode":false,"campfire_choices":[{"data":"hexamod:SearingWound","floor":1,"key":"SMITH"},{"floor":10,"key":"REST"},{"data":"hexamod:Float","floor":13,"key":"SMITH"},{"data":"hexamod:FastForward","floor":18,"key":"SMITH"}],"circlet_count":0,"master_deck":["hexamod:Strike","hexamod:Strike","hexamod:Strike","hexamod:Strike+1","hexamod:Defend","hexamod:Defend","hexamod:Defend","hexamod:Defend","hexamod:Sear+1","hexamod:Float+1","hexamod:SearingWound+1","hexamod:DynamicBlow","hexamod:ChargedBarrage","Doubt","hexamod:FirstSeal","downfall:Icky","downfall:Icky","downfall:Icky","hexamod:BurningTouch+1","hexamod:FastForward+1","hexamod:SearingWound+1","hexamod:RainOfEmbers"],"relics":["hexamod:SpiritBrand","Oddly Smooth Stone","Bag of Preparation","infinitespire:WardingShard","Blue Candle","Tiny House","Singing Bowl"],"acts_visited":["Exordium","TheCity"],"potions_floor_usage":[6,16,21],"damage_taken":[{"damage":1,"enemies":"Jaw Worm","floor":2,"turns":4},{"damage":0,"enemies":"Small Slimes","floor":3,"turns":3},{"damage":58,"enemies":"Gremlin Nob","floor":4,"turns":5},{"damage":8,"enemies":"3 Sentries","floor":6,"turns":12},{"damage":0,"enemies":"2 Louse","floor":8,"turns":3},{"damage":1,"enemies":"downfall:LooterAlt","floor":12,"turns":2},{"damage":0,"enemies":"Blue Slaver","floor":15,"turns":3},{"damage":2,"enemies":"SI_SHIV_ARCHETYPE","floor":16,"turns":6},{"damage":39,"enemies":"3 Byrds","floor":19,"turns":7},{"damage":10,"enemies":"downfall:LooterAlt2","floor":21,"turns":4},{"damage":13,"enemies":"Snecko","floor":23,"turns":6},{"damage":32,"enemies":"Centurion and Healer","floor":25,"turns":5}],"seed_played":"4087786184556139633","potions_obtained":[{"floor":4,"key":"Weak Potion"},{"floor":6,"key":"bronze:BurnAndBuffPotion"},{"floor":8,"key":"Languid Potion"},{"floor":16,"key":"Doom Potion"},{"floor":17,"key":"Block Potion"},{"floor":21,"key":"Strength Potion"}],"is_trial":false,"path_per_floor":["R","M","M","?","?","E","T","M","?","R","T","M","R","?","M","B",null,"R","M","?","M","?","M","T","M"],"character_chosen":"THE_SPIRIT","items_purchased":[],"campfire_rested":1,"item_purchase_floors":[],"current_hp_per_floor":[70,69,69,11,11,3,3,3,3,24,24,23,23,23,30,28,75,75,43,43,40,40,27,27,0,0,0],"gold":1174,"neow_bonus":"ONE_RANDOM_RARE_CARD","is_daily":false,"chose_seed":false,"campfire_upgraded":3,"win_rate":0.0,"timestamp":1614420065,"path_taken":["R","M","M","?","?","E","T","M","?","R","?","?","R","?","M","BOSS","R","M","?","M","?","M","T","?"],"items_purchased_type":[],"build_version":"2020-12-22","purchased_purges":0,"victory":false,"max_hp_per_floor":[70,70,70,70,70,70,70,70,70,70,70,70,70,70,70,70,75,75,75,75,75,75,75,75,75,75,75],"card_choices":[{"not_picked":["hexamod:GhostShield","hexamod:AdvancingGuard","hexamod:SwordOfDarkness"],"picked":"SKIP","floor":2},{"not_picked":["hexamod:NightmareGuise","hexamod:NightmareStrike","hexamod:FlamesFromBeyond"],"picked":"SKIP","floor":3},{"not_picked":["hexamod:SpectersWail","hexamod:HauntingEcho"],"picked":"hexamod:DynamicBlow","floor":4},{"not_picked":["hexamod:AdvancingGuard","hexamod:RecurringNightmare"],"picked":"hexamod:ChargedBarrage","floor":6},{"not_picked":["hexamod:ThermalTransfer","hexamod:Again","hexamod:PhantomCloak"],"picked":"SKIP","floor":8},{"not_picked":["hexamod:BacktrackSmack","hexamod:GhostOfSpireFuture"],"picked":"hexamod:FirstSeal","floor":12},{"not_picked":["hexamod:Haunt","hexamod:EtherealExpedition"],"picked":"hexamod:BurningTouch","floor":15},{"not_picked":["hexamod:SuperheatedStrike","hexamod:SwordOfDarkness"],"picked":"hexamod:FastForward","floor":17},{"not_picked":["hexamod:RainOfEmbers","hexamod:CatchUp","hexamod:GhostLash"],"picked":"SKIP","floor":19},{"not_picked":["hexamod:HauntingEcho","hexamod:ThermalTransfer","hexamod:Hexaguard"],"picked":"SKIP","floor":21},{"not_picked":["hexamod:RecurringNightmare+1","hexamod:NightmareGuise"],"picked":"hexamod:RainOfEmbers","floor":23}],"player_experience":520174,"relics_obtained":[{"floor":4,"key":"Oddly Smooth Stone"},{"floor":6,"key":"Bag of Preparation"},{"floor":7,"key":"infinitespire:WardingShard"},{"floor":11,"key":"Blue Candle"},{"floor":24,"key":"Singing Bowl"}],"event_choices":[{"damage_healed":0,"gold_gain":0,"player_choice":"Forge","damage_taken":0,"max_hp_gain":0,"max_hp_loss":0,"event_name":"Accursed Blacksmith","floor":20,"gold_loss":0,"cards_upgraded":["hexamod:BurningTouch"]}],"is_beta":false,"boss_relics":[{"not_picked":["Sozu","Kintsugi"],"picked":"Tiny House"}],"items_purged_floors":[],"is_endless":false,"potions_floor_spawned":[4,6,8,16,21],"killed_by":"Centurion and Healer","ascension_level":0}}