{"host":"ebeqek106y9nustn","time":1614461513,"event":{"mods":["BaseMod","Downfall","Hermit","Hubris","Infinite Spire","Marisa????????","Minty Spire (QoL Compilation)","Replay The Spire","StSLib","The Cursed","The Necromancer","The Servant 0.9.4"],"gold_per_floor":[109,209,223,73,93,93,123,123,169,180,180,196,212,229,229,328,328,346,365,365,365,365],"floor_reached":21,"language":"ENG","playtime":683,"items_purged":[],"score":183,"play_id":"168ac9b5-1311-4b8b-aa37-41ae9c72080f","local_time":"20210227213153","daily_mods":["Heirloom","Time Dilation"],"is_ascension_mode":false,"campfire_choices":[{"data":"Thunderclap","floor":6,"key":"SMITH"},{"floor":8,"key":"REST"},{"data":"Twin Strike","floor":15,"key":"SMITH"}],"circlet_count":0,"master_deck":["Strike_R","Strike_R","Strike_R","Strike_R","Strike_R","Defend_R","Defend_R","Defend_R","Defend_R","Bash","Thunderclap+1","Heavy Blade","Limit Break","Cleave","Twin Strike+1","Sword Boomerang","Feed","Anger"],"relics":["Burning Blood","Du-Vu Doll","Akabeko","Iron Hammer","bronze:BronzeIdol"],"acts_visited":["Exordium","TheCity"],"potions_floor_usage":[16,16,21],"damage_taken":[{"damage":5,"enemies":"2 Louse","floor":1,"turns":4},{"damage":1,"enemies":"Cultist","floor":3,"turns":4},{"damage":5,"enemies":"Small Slimes","floor":5,"turns":3},{"damage":24,"enemies":"Replay:BlueRogue","floor":7,"turns":7},{"damage":3,"enemies":"2 Fungi Beasts","floor":10,"turns":3},{"damage":15,"enemies":"Gremlin Gang","floor":12,"turns":4},{"damage":10,"enemies":"Exordium Thugs","floor":13,"turns":3},{"damage":7,"enemies":"Blue Slaver","floor":14,"turns":3},{"damage":72,"enemies":"Fading Forest","floor":16,"turns":11},{"damage":29,"enemies":"3 Byrds","floor":18,"turns":5},{"damage":0,"enemies":"Chosen","floor":19,"turns":4},{"damage":56,"enemies":"Shelled Parasite and Fungi","floor":21,"turns":5}],"seed_played":"-6832021831990076665","potions_obtained":[{"floor":3,"key":"Ancient Potion"},{"floor":12,"key":"Elixir"},{"floor":13,"key":"ElixirPotion"},{"floor":14,"key":"Explosive Potion"},{"floor":16,"key":"Weak Potion"}],"is_trial":true,"path_per_floor":["M","?","M","$","M","R","E","R","T","M","?","M","M","M","R","B",null,"M","M","?","M"],"character_chosen":"IRONCLAD","items_purchased":["Akabeko"],"campfire_rested":1,"item_purchase_floors":[4],"current_hp_per_floor":[80,80,80,80,80,80,62,80,80,80,80,71,67,66,66,22,80,60,66,50,0,0],"gold":365,"neow_bonus":"","is_daily":false,"chose_seed":false,"campfire_upgraded":2,"win_rate":0.0,"timestamp":1614461513,"path_taken":["M","?","M","?","M","R","E","R","T","M","?","?","?","M","R","BOSS","M","?","?","M"],"items_purchased_type":["Relic"],"build_version":"2020-12-22","purchased_purges":0,"victory":false,"max_hp_per_floor":[80,80,80,80,80,80,80,80,80,80,80,80,80,80,80,80,80,83,83,88,92,92],"card_choices":[{"not_picked":["Disarm","Havoc"],"picked":"Thunderclap","floor":1},{"not_picked":["Searing Blow","Dual Wield","Abandon"],"picked":"SKIP","floor":3},{"not_picked":["Second Wind","Brutality","Havoc"],"picked":"SKIP","floor":5},{"not_picked":["Entrench","Searing Blow","hubris:SharpeningStone"],"picked":"SKIP","floor":7},{"not_picked":["ReplayTheSpireMod:Stacked","Rage","Shrug It Off"],"picked":"SKIP","floor":10},{"not_picked":["Wild Strike","Disarm"],"picked":"Cleave","floor":12},{"not_picked":["Intimidate","True Grit"],"picked":"Twin Strike","floor":13},{"not_picked":["Havoc","infinitespire:OneForAll"],"picked":"Sword Boomerang","floor":14},{"not_picked":["Replay:Many Hands","Juggernaut"],"picked":"Feed","floor":16},{"not_picked":["Pommel Strike","Abandon"],"picked":"Anger","floor":18},{"not_picked":["hubris:CleavingFinish+1","hubris:SharpeningStone","Pummel"],"picked":"SKIP","floor":19}],"player_experience":37229,"relics_obtained":[{"floor":7,"key":"Iron Hammer"},{"floor":9,"key":"bronze:BronzeIdol"}],"event_choices":[{"damage_healed":0,"gold_gain":100,"player_choice":"Pray","damage_taken":0,"max_hp_gain":0,"max_hp_loss":0,"event_name":"Golden Shrine","floor":2,"gold_loss":0},{"damage_healed":0,"gold_gain":0,"player_choice":"2 cards matched","damage_taken":0,"max_hp_gain":0,"max_hp_loss":0,"event_name":"Match and Keep!","floor":11,"gold_loss":0,"cards_obtained":["Heavy Blade","Limit Break"]},{"damage_healed":0,"gold_gain":0,"player_choice":"Shed Blood","damage_taken":21,"max_hp_gain":5,"max_hp_loss":0,"event_name":"Forgotten Altar","floor":20,"gold_loss":0}],"is_beta":false,"boss_relics":[{"not_picked":["Busted Crown","Coffee Dripper","ChewingGum"]}],"items_purged_floors":[],"is_endless":false,"potions_floor_spawned":[3,12,13,14,16],"killed_by":"Shelled Parasite and Fungi","ascension_level":0}}