{"host":"373g0ui1bgeshz9m","time":1614459623,"event":{"mods":["Act Like it!","Aspiration","BaseMod","Beaked The Cultist","Better Third Choice","Colored Map","Conspire","Downfall","Halation","Hermit","Hubris","Infinite Spire","Minty Spire (QoL Compilation)","Pale of the Ancients","Permanent Neow","Quick Restart","Replay The Spire","Shade Mod","Shop Mod","Spikes Relics","StSLib","The Animator","The Bladedancer","The Florist","The Jungle","The Necromancer","The Sage","Trackpad"],"gold_per_floor":[112,37,47,47,47,73,27,27,27,27,27,55,69,69,69,166,166,184,200,241,258,258,285,91,116,116,160,186,186,186,61,61,61,61],"floor_reached":33,"language":"ENG","playtime":1800,"items_purged":["Strike_P","Strike_P"],"score":425,"play_id":"5ea5c7e2-5990-4a0b-b16d-4e8e393dc6e5","local_time":"20210227160023","is_ascension_mode":true,"campfire_choices":[{"data":"Eruption","floor":8.0,"key":"SMITH"},{"floor":10.0,"key":"REST"},{"data":"Tantrum","floor":15.0,"key":"SMITH"},{"floor":29,"key":"REST"},{"data":"Wish","floor":32,"key":"SMITH"}],"circlet_count":0,"master_deck":["Strike_P","Strike_P","Defend_P","Defend_P","Eruption+1","Vigilance","FlurryOfBlows","CarveReality","ThirdEye","CutThroughFate","Tantrum+1","EmptyMind","Wish+1","BowlingBash","Replay:Vibes+1","SpiritShield","JustLucky+1","Weave+1","SashWhip"],"relics":["HolyWater","Bronze Scales","Blood Vial","hubris:64BitClover","trackpad:ByrdCharm","Centennial Puzzle","Sling","Happy Flower","MiniBlackHole","Bag of Preparation"],"acts_visited":["Exordium","TheCity"],"potions_floor_usage":[20,25,27],"damage_taken":[{"damage":1.0,"enemies":"Cultist","floor":1.0,"turns":4.0},{"damage":0.0,"enemies":"conspire:RoseBush","floor":3.0,"turns":2.0},{"damage":25.0,"enemies":"Replay:BlueRogue","floor":6.0,"turns":6.0},{"damage":0.0,"enemies":"Lagavulin","floor":12.0,"turns":2.0},{"damage":0.0,"enemies":"2 Louse","floor":13.0,"turns":2.0},{"damage":11.0,"enemies":"Hexaghost","floor":16.0,"turns":7.0},{"damage":11,"enemies":"2 Thieves","floor":18,"turns":1},{"damage":0,"enemies":"Shell Parasite","floor":19,"turns":2},{"damage":0,"enemies":"Snecko","floor":20,"turns":3},{"damage":26,"enemies":"Shelled Parasite and Fungi","floor":21,"turns":3},{"damage":0,"enemies":"Gremlin Leader","floor":23,"turns":4},{"damage":19,"enemies":"Slavers","floor":25,"turns":6},{"damage":0,"enemies":"Sentry and Sphere","floor":27,"turns":3},{"damage":0,"enemies":"Gremlin Leader","floor":28,"turns":4},{"damage":46,"enemies":"Pondfish","floor":33,"turns":5}],"seed_played":"2263579426835997151","potions_obtained":[{"floor":1.0,"key":"FearPotion"},{"floor":13.0,"key":"Milkshake"},{"floor":14.0,"key":"Block Potion"},{"floor":14.0,"key":"Death Potion"},{"floor":14.0,"key":"SpeedPotion"},{"floor":18,"key":"Toxic Potion"},{"floor":23,"key":"Venom Potion"},{"floor":28,"key":"Cursed Concoction"}],"is_trial":false,"path_per_floor":["M","$","M","?","?","E","$","R","T","R","?","E","M","?","R","B",null,"M","M","M","M","?","E","$","E","T","M","E","R","?","$","R","B"],"character_chosen":"WATCHER","items_purchased":["CutThroughFate","Sling","Fire Potion","SashWhip"],"campfire_rested":2,"item_purchase_floors":[7,24,24,31],"current_hp_per_floor":[71,71,71,71,64,39,39,39,39,60,60,62,64,64,64,55,72,61,63,65,41,41,43,43,26,26,28,30,51,44,44,44,0,0],"gold":61,"neow_bonus":"RANDOM_COMMON_RELIC","is_daily":false,"chose_seed":false,"campfire_upgraded":3,"win_rate":0.0,"timestamp":1614459623,"path_taken":["M","$","M","?","?","E","$","R","T","R","?","E","?","?","R","BOSS","M","M","?","M","?","E","?","E","T","M","E","R","?","$","R","BOSS"],"items_purchased_type":["Card","Relic","Potion","Card"],"build_version":"2020-12-22","purchased_purges":2,"victory":false,"max_hp_per_floor":[72,72,72,72,72,72,72,72,72,72,72,72,72,72,72,72,72,72,72,72,72,72,72,72,72,72,72,72,72,72,72,72,72,72],"card_choices":[{"not_picked":["ThirdEye","Replay:Anticipation"],"picked":"FlurryOfBlows","floor":1.0},{"not_picked":["DeceiveReality","CutThroughFate"],"picked":"CarveReality","floor":3.0},{"not_picked":["Omniscience","InnerPeace"],"picked":"ThirdEye","floor":6.0},{"not_picked":["CutThroughFate","FlyingSleeves"],"picked":"Tantrum","floor":12.0},{"not_picked":["Study","SashWhip"],"picked":"EmptyMind","floor":13.0},{"not_picked":["Vault","LessonLearned"],"picked":"Wish","floor":16.0},{"not_picked":["EmptyFist+1","Study"],"picked":"BowlingBash","floor":18},{"not_picked":["Prostrate+1","Evaluate","Fasting2"],"picked":"SKIP","floor":19},{"not_picked":["CutThroughFate","ThirdEye","EmptyFist+1"],"picked":"SKIP","floor":20},{"not_picked":["Halt","Evaluate+1"],"picked":"Replay:Vibes","floor":21},{"not_picked":["Pray+1","Replay:Battleflow"],"picked":"SpiritShield","floor":23},{"not_picked":["ThirdEye","Alpha"],"picked":"JustLucky+1","floor":25},{"not_picked":["Prostrate","Perseverance","Wireheading+1"],"picked":"SKIP","floor":27},{"not_picked":["SashWhip+1","ThirdEye"],"picked":"Weave+1","floor":28}],"player_experience":419804,"relics_obtained":[{"floor":6.0,"key":"Blood Vial"},{"floor":9.0,"key":"hubris:64BitClover"},{"floor":12.0,"key":"trackpad:ByrdCharm"},{"floor":23,"key":"Centennial Puzzle"},{"floor":25,"key":"Happy Flower"},{"floor":27,"key":"MiniBlackHole"},{"floor":28,"key":"Bag of Preparation"}],"event_choices":[{"cards_removed":["Defend_P"],"damage_healed":0.0,"max_hp_gain":0.0,"max_hp_loss":0.0,"gold_gain":0.0,"event_name":"Golden Wing","player_choice":"Card Removal","floor":5.0,"gold_loss":0.0,"damage_taken":7.0},{"damage_healed":0.0,"max_hp_gain":0.0,"max_hp_loss":0.0,"gold_gain":0.0,"event_name":"Lab","player_choice":"Got Potions","floor":14.0,"gold_loss":0.0,"damage_taken":0.0},{"damage_healed":0,"gold_gain":0,"player_choice":"Forge","damage_taken":0,"max_hp_gain":0,"max_hp_loss":0,"event_name":"Accursed Blacksmith","floor":22,"gold_loss":0,"cards_upgraded":["Replay:Vibes"]},{"damage_healed":0,"gold_gain":0,"player_choice":"Damaged","damage_taken":7,"max_hp_gain":0,"max_hp_loss":0,"event_name":"Wheel of Change","floor":30,"gold_loss":0}],"is_beta":false,"boss_relics":[{"not_picked":["aspiration:RitualDagger","ReplayTheSpireMod:DimensionalGlitch"],"picked":"HolyWater"}],"items_purged_floors":[2,31],"is_endless":false,"potions_floor_spawned":[1,13,18,19,23,28],"killed_by":"Pondfish","ascension_level":2}}