{"host":"jngeqill3bw7azzz","time":1614449793,"event":{"mods":["BaseMod","Highlight Path","Minty Spire (QoL Compilation)","Permanent Neow","Relic Stats"],"gold_per_floor":[115,115,126,146,166,166,166,166],"floor_reached":7,"language":"ENG","playtime":302,"items_purged":[],"score":86,"play_id":"1d6d98bd-8638-4b40-bc2b-290e7e898bc4","local_time":"20210227131633","is_ascension_mode":true,"campfire_choices":[{"floor":6,"key":"REST"}],"circlet_count":0,"master_deck":["AscendersBane","Strike_P","Strike_P","Strike_P","Strike_P","Defend_P","Defend_P","Defend_P","Defend_P","Eruption+1","Vigilance","CrushJoints+1","CutThroughFate","EmptyMind"],"relics":["VioletLotus"],"acts_visited":["Exordium"],"potions_floor_usage":[7],"damage_taken":[{"damage":13,"enemies":"Small Slimes","floor":1,"turns":5},{"damage":9,"enemies":"Jaw Worm","floor":3,"turns":4},{"damage":7,"enemies":"2 Louse","floor":4,"turns":4},{"damage":6,"enemies":"Blue Slaver","floor":5,"turns":4},{"damage":24,"enemies":"3 Sentries","floor":7,"turns":5}],"seed_played":"5777881840445602224","potions_obtained":[{"floor":3,"key":"Strength Potion"}],"is_trial":false,"path_per_floor":["M","?","M","M","M","R","E"],"character_chosen":"WATCHER","items_purchased":[],"campfire_rested":1,"item_purchase_floors":[],"current_hp_per_floor":[48,28,19,12,6,26,2,2],"gold":166,"neow_bonus":"BOSS_RELIC","is_daily":false,"chose_seed":false,"campfire_upgraded":0,"win_rate":0.0,"timestamp":1614449793,"path_taken":["M","?","M","M","M","R","E"],"items_purchased_type":[],"build_version":"2020-12-22","purchased_purges":0,"victory":false,"max_hp_per_floor":[68,68,68,68,68,68,68,68],"relic_stats":{"counters":[5,22],"VioletLotus":[6],"obtain_stats":[{"VioletLotus":0,"PureWater":0},{"VioletLotus":0,"PureWater":0},{"VioletLotus":0,"PureWater":0}]},"card_choices":[{"not_picked":["Protect","Prostrate"],"picked":"CrushJoints","floor":1},{"not_picked":["WaveOfTheHand","DeceiveReality"],"picked":"CutThroughFate","floor":3},{"not_picked":["Evaluate","ReachHeaven","Prostrate"],"picked":"SKIP","floor":4},{"not_picked":["Crescendo","Perseverance"],"picked":"EmptyMind","floor":5}],"player_experience":2707612,"relics_obtained":[],"event_choices":[{"damage_healed":0,"gold_gain":0,"player_choice":"Entered Light","damage_taken":20,"max_hp_gain":0,"max_hp_loss":0,"event_name":"Shining Light","floor":2,"gold_loss":0,"cards_upgraded":["Eruption","CrushJoints"]}],"is_beta":false,"boss_relics":[],"items_purged_floors":[],"is_endless":false,"potions_floor_spawned":[3],"killed_by":"3 Sentries","ascension_level":20}}