{"host":"ypzb5vvnu9f3ii1t","time":1614440332,"event":{"mods":["AchievementEnabler","BaseMod","Colored Map","DeckTracker","Keyboard Shortcuts","Minty Spire (QoL Compilation)","Permanent Neow","Quick Restart","SuperFastMode"],"gold_per_floor":[116,41,56,56,56,56,82,95,143,166,166,180,206,226,226,322,322,340,356,356,383,400,400,417,417,444,201,201,220,239,239,239,338,338,352,366,366,366],"floor_reached":37,"language":"KOR","playtime":1310,"items_purged":["Strike_P","Defend_P"],"score":538,"play_id":"a4e72d32-a9de-4a47-87cc-f0e0dd32d5b3","local_time":"20210228003852","is_ascension_mode":true,"campfire_choices":[{"data":"Eruption","floor":6.0,"key":"SMITH"},{"floor":15.0,"key":"REST"},{"floor":23.0,"key":"REST"},{"floor":25.0,"key":"REST"},{"data":"Judgement","floor":28.0,"key":"SMITH"},{"floor":32.0,"key":"REST"}],"circlet_count":0,"master_deck":["Eruption+1","Vigilance+1","MentalFortress","MentalFortress","Judgement+1","InnerPeace","Adaptation","BowlingBash","EmptyBody","EmptyFist","LessonLearned","ThirdEye","MentalFortress+1"],"relics":["PureWater","Tiny Chest","War Paint","Pen Nib","Anchor","Vajra","VioletLotus","Orichalcum","PreservedInsect","Toy Ornithopter","Darkstone Periapt","Pandora\u0027s Box"],"acts_visited":["Exordium","TheCity","TheBeyond"],"potions_floor_usage":[],"damage_taken":[{"damage":0.0,"enemies":"2 Louse","floor":1.0,"turns":2.0},{"damage":6.0,"enemies":"Jaw Worm","floor":3.0,"turns":4.0},{"damage":16.0,"enemies":"Gremlin Nob","floor":7.0,"turns":3.0},{"damage":0.0,"enemies":"Cultist","floor":8.0,"turns":3.0},{"damage":3.0,"enemies":"Large Slime","floor":12.0,"turns":5.0},{"damage":0.0,"enemies":"Red Slaver","floor":14.0,"turns":3.0},{"damage":17.0,"enemies":"The Guardian","floor":16.0,"turns":15.0},{"damage":8.0,"enemies":"2 Thieves","floor":18.0,"turns":4.0},{"damage":2.0,"enemies":"3 Byrds","floor":19.0,"turns":6.0},{"damage":8.0,"enemies":"Snake Plant","floor":22.0,"turns":3.0},{"damage":50.0,"enemies":"Snecko","floor":24.0,"turns":5.0},{"damage":0.0,"enemies":"Sentry and Sphere","floor":29.0,"turns":2.0},{"damage":5.0,"enemies":"Chosen and Byrds","floor":30.0,"turns":6.0},{"damage":60.0,"enemies":"Champ","floor":33.0,"turns":16.0},{"damage":0,"enemies":"3 Darklings","floor":35,"turns":7},{"damage":19,"enemies":"Orb Walker","floor":36,"turns":6},{"damage":55,"enemies":"Maw","floor":37,"turns":2}],"seed_played":"6504724956852896376","potions_obtained":[{"floor":3.0,"key":"Fire Potion"},{"floor":7.0,"key":"BottledMiracle"},{"floor":14.0,"key":"Regen Potion"},{"floor":18.0,"key":"AttackPotion"},{"floor":22.0,"key":"BlessingOfTheForge"},{"floor":30.0,"key":"ColorlessPotion"}],"is_trial":false,"path_per_floor":["M","$","M","$","?","R","E","M","T","T","?","M","T","M","R","B",null,"M","M","?","T","M","R","M","R","T","$","R","M","M","T","R","B",null,"M","M","M"],"character_chosen":"WATCHER","items_purchased":["Toy Ornithopter"],"campfire_rested":4,"item_purchase_floors":[27],"current_hp_per_floor":[65,65,59,59,64,64,48,48,48,48,48,45,45,45,68,51,71,63,61,47,47,39,63,25,49,49,49,49,49,44,44,68,18,66,66,47,0,0],"gold":366,"neow_bonus":"THREE_CARDS","is_daily":false,"chose_seed":false,"campfire_upgraded":2,"win_rate":0.0,"timestamp":1614440332,"path_taken":["M","$","M","$","?","R","E","M","T","?","?","?","?","M","R","BOSS","M","M","?","?","M","R","?","R","T","$","R","M","M","?","R","BOSS","M","?","?"],"items_purchased_type":["Relic"],"build_version":"2020-12-22","purchased_purges":2,"victory":false,"max_hp_per_floor":[72,72,72,72,77,77,77,77,77,77,77,77,77,77,77,77,77,77,77,82,82,82,82,82,82,82,82,82,82,82,82,82,82,82,82,82,82,82],"card_choices":[{"not_picked":["Meditate","WreathOfFlame"],"picked":"MentalFortress","floor":0.0},{"not_picked":["FlyingSleeves","Crescendo","Halt"],"picked":"SKIP","floor":1.0},{"not_picked":["FlurryOfBlows","Wallop","Fasting2"],"picked":"SKIP","floor":3.0},{"not_picked":["SpiritShield","Collect","Prostrate"],"picked":"SKIP","floor":7.0},{"not_picked":["Crescendo","EmptyFist","CarveReality"],"picked":"SKIP","floor":8.0},{"not_picked":["Evaluate","SashWhip","SandsOfTime"],"picked":"SKIP","floor":12.0},{"not_picked":["Halt","ForeignInfluence"],"picked":"MentalFortress","floor":14.0},{"not_picked":["DeusExMachina","Ragnarok"],"picked":"Judgement","floor":16.0},{"not_picked":["ThirdEye","EmptyBody"],"picked":"InnerPeace","floor":18.0},{"not_picked":["EmptyBody","Meditate+1","Fasting2+1"],"picked":"SKIP","floor":19.0},{"not_picked":["CutThroughFate","FlyingSleeves+1","Meditate+1"],"picked":"SKIP","floor":22.0},{"not_picked":["EmptyMind","FlurryOfBlows","JustLucky+1"],"picked":"SKIP","floor":24.0},{"not_picked":["CrushJoints+1","DeceiveReality","Evaluate"],"picked":"SKIP","floor":29.0},{"not_picked":["Halt","FlurryOfBlows","Nirvana"],"picked":"SKIP","floor":30.0},{"not_picked":["PathToVictory+1","Fasting2+1"],"picked":"MentalFortress+1","floor":35},{"not_picked":["Evaluate","BowlingBash+1","FlyingSleeves+1"],"picked":"SKIP","floor":36}],"player_experience":250330,"relics_obtained":[{"floor":7.0,"key":"Tiny Chest"},{"floor":9.0,"key":"War Paint"},{"floor":10.0,"key":"Pen Nib"},{"floor":11.0,"key":"Anchor"},{"floor":13.0,"key":"Vajra"},{"floor":21.0,"key":"Orichalcum"},{"floor":26.0,"key":"PreservedInsect"},{"floor":31.0,"key":"Darkstone Periapt"}],"event_choices":[{"damage_healed":0.0,"max_hp_gain":5.0,"max_hp_loss":0.0,"gold_gain":0.0,"event_name":"Big Fish","player_choice":"Donut","floor":5.0,"gold_loss":0.0,"damage_taken":0.0},{"damage_healed":0.0,"max_hp_gain":0.0,"max_hp_loss":0.0,"gold_gain":0.0,"event_name":"Wheel of Change","player_choice":"Relic","floor":11.0,"gold_loss":0.0,"damage_taken":0.0},{"damage_healed":0.0,"max_hp_gain":5.0,"max_hp_loss":0.0,"gold_gain":0.0,"event_name":"Forgotten Altar","player_choice":"Shed Blood","floor":20.0,"gold_loss":0.0,"damage_taken":19.0}],"is_beta":false,"boss_relics":[{"not_picked":["Astrolabe","Busted Crown"],"picked":"VioletLotus"},{"not_picked":["Runic Dome","Coffee Dripper"],"picked":"Pandora\u0027s Box"}],"items_purged_floors":[2,27],"is_endless":false,"potions_floor_spawned":[3,7,14,18,22,30],"killed_by":"Maw","ascension_level":9}}