{"host":"33hygxkqsm5kb9ql","time":1614401836,"event":{"mods":["BaseMod","Block Reminder","Colored Map","Colored Powertips","DeckTracker","Minty Spire (QoL Compilation)","Quick Restart","Random Character Button","Relic Sorter","Relic Stats"],"gold_per_floor":[112,112,122,197,214,214,214,19,19,19,51,51,62,86,86,189,189,209,209,227,227,152,152,172,97,97,123,23,36,62,77,77,172,172,188,188,207,220,220,251,46,46,93,119,119,138,138,158,158,158],"floor_reached":51,"language":"ENG","playtime":19101,"items_purged":["Wild Strike","Wild Strike+1","Berserk"],"score":885,"play_id":"4b27cb93-a031-4de3-bd5c-e0cb4a447114","local_time":"20210226225716","is_ascension_mode":true,"campfire_choices":[{"data":"True Grit","floor":6.0,"key":"SMITH"},{"data":"Entrench","floor":10.0,"key":"SMITH"},{"data":"Bash","floor":12.0,"key":"SMITH"},{"data":"Bludgeon","floor":15.0,"key":"SMITH"},{"data":"Barricade","floor":23.0,"key":"SMITH"},{"floor":32.0,"key":"REST"},{"data":"Entrench","floor":42,"key":"SMITH"},{"floor":45,"key":"DIG"},{"floor":49,"key":"DIG"}],"circlet_count":0,"master_deck":["Strike_R+1","Defend_R+1","Defend_R+1","Defend_R+1","Defend_R+1","Bash+1","Ghostly Armor+1","True Grit+1","Bludgeon+1","Entrench+1","Pommel Strike+1","Cleave+1","Barricade+1","Entrench+1","Body Slam+1"],"relics":["Mark of Pain","White Beast Statue","Odd Mushroom","Molten Egg 2","Empty Cage","Shovel","Tiny Chest","War Paint","Busted Crown","Vajra","Ornamental Fan","Thread and Needle","Lantern","Mercury Hourglass"],"acts_visited":["Exordium","TheCity","TheBeyond"],"potions_floor_usage":[37,46,48,50],"damage_taken":[{"damage":5.0,"enemies":"2 Louse","floor":1.0,"turns":3.0},{"damage":3.0,"enemies":"Small Slimes","floor":3.0,"turns":4.0},{"damage":1.0,"enemies":"Jaw Worm","floor":5.0,"turns":4.0},{"damage":0.0,"enemies":"Gremlin Nob","floor":11.0,"turns":2.0},{"damage":0.0,"enemies":"Looter","floor":13.0,"turns":2.0},{"damage":8.0,"enemies":"The Mushroom Lair","floor":14.0,"turns":3.0},{"damage":0.0,"enemies":"Slime Boss","floor":16.0,"turns":6.0},{"damage":28.0,"enemies":"3 Byrds","floor":18.0,"turns":8.0},{"damage":12.0,"enemies":"Shell Parasite","floor":20.0,"turns":8.0},{"damage":11.0,"enemies":"Snecko","floor":24.0,"turns":4.0},{"damage":3.0,"enemies":"Book of Stabbing","floor":27.0,"turns":9.0},{"damage":0.0,"enemies":"Centurion and Healer","floor":29.0,"turns":12.0},{"damage":22.0,"enemies":"Slavers","floor":30.0,"turns":6.0},{"damage":0.0,"enemies":"Cultist and Chosen","floor":31.0,"turns":8.0},{"damage":15.0,"enemies":"Collector","floor":33.0,"turns":20.0},{"damage":23.0,"enemies":"Orb Walker","floor":35.0,"turns":6.0},{"damage":0,"enemies":"3 Shapes","floor":37,"turns":4},{"damage":19,"enemies":"Maw","floor":38,"turns":9},{"damage":0,"enemies":"Giant Head","floor":40,"turns":14},{"damage":0,"enemies":"Nemesis","floor":44,"turns":11},{"damage":13,"enemies":"4 Shapes","floor":46,"turns":8},{"damage":18,"enemies":"Transient","floor":48,"turns":5},{"damage":23,"enemies":"Time Eater","floor":50,"turns":8}],"seed_played":"4666025400691430440","potions_obtained":[{"floor":1.0,"key":"BlessingOfTheForge"},{"floor":13.0,"key":"DistilledChaos"},{"floor":14.0,"key":"ElixirPotion"},{"floor":16.0,"key":"Weak Potion"},{"floor":18.0,"key":"AttackPotion"},{"floor":20.0,"key":"LiquidBronze"},{"floor":24.0,"key":"CultistPotion"},{"floor":27.0,"key":"LiquidBronze"},{"floor":29.0,"key":"LiquidBronze"},{"floor":30.0,"key":"FearPotion"},{"floor":31.0,"key":"Swift Potion"},{"floor":33.0,"key":"PowerPotion"},{"floor":35.0,"key":"Weak Potion"},{"floor":36.0,"key":"CultistPotion"},{"floor":36.0,"key":"SkillPotion"},{"floor":37,"key":"Swift Potion"},{"floor":40,"key":"FairyPotion"},{"floor":46,"key":"SkillPotion"},{"floor":48,"key":"Weak Potion"}],"is_trial":false,"path_per_floor":["M","?","M","?","M","R","?","$","T","R","E","R","M","?","R","B",null,"M","?","M","?","$","R","M","?","T","E","$","M","E","M","R","B",null,"M","?","M","M","?","E","$","R","T","E","R","M","T","M","R","B",null],"character_chosen":"IRONCLAD","items_purchased":["Corruption","Entrench","Entrench"],"campfire_rested":1,"item_purchase_floors":[8,8,41],"current_hp_per_floor":[75,68,65,54,53,53,53,53,53,53,53,53,53,45,45,45,80,52,52,40,40,40,40,29,29,29,26,26,26,4,4,28,13,80,57,57,57,38,38,38,38,38,38,38,38,25,25,7,7,13],"gold":158,"neow_bonus":"BOSS_RELIC","is_daily":false,"chose_seed":false,"campfire_upgraded":6,"win_rate":0.0,"timestamp":1614401836,"path_taken":["M","?","M","?","M","R","?","$","T","R","E","R","M","?","R","BOSS","M","?","M","?","$","R","M","?","T","E","$","M","E","M","R","BOSS","M","?","?","M","?","E","$","R","T","E","R","M","?","?","R","BOSS"],"items_purchased_type":["Card","Card","Card"],"build_version":"2020-12-22","purchased_purges":3,"victory":true,"max_hp_per_floor":[80,80,80,80,80,80,80,80,80,80,80,80,80,80,80,80,80,80,80,80,80,80,80,80,80,80,80,80,80,80,80,80,80,80,80,80,80,80,76,76,76,76,76,76,76,76,76,76,76,76],"relic_stats":{"Shovel":2,"Busted Crown":14,"counters":[23,164],"Ornamental Fan":[4],"Tiny Chest":1,"War Paint":["Ghostly Armor"],"obtain_stats":[{"Lantern":47,"Vajra":43,"Thread and Needle":45,"Odd Mushroom":14,"War Paint":30,"Empty Cage":17,"Burning Blood":0,"White Beast Statue":11,"Mercury Hourglass":49,"Shovel":26,"Busted Crown":34,"Ornamental Fan":44,"Molten Egg 2":9,"Tiny Chest":27,"Mark of Pain":0},{"Lantern":21,"Vajra":19,"Thread and Needle":20,"Odd Mushroom":6,"War Paint":13,"Empty Cage":7,"Burning Blood":0,"White Beast Statue":4,"Mercury Hourglass":22,"Shovel":10,"Busted Crown":15,"Ornamental Fan":20,"Molten Egg 2":3,"Tiny Chest":11,"Mark of Pain":0},{"Lantern":151,"Vajra":132,"Thread and Needle":143,"Odd Mushroom":18,"War Paint":71,"Empty Cage":24,"Burning Blood":0,"White Beast Statue":13,"Mercury Hourglass":156,"Shovel":44,"Busted Crown":99,"Ornamental Fan":143,"Molten Egg 2":11,"Tiny Chest":53,"Mark of Pain":0}],"Mercury Hourglass":[18]},"card_choices":[{"not_picked":["Clash","Anger"],"picked":"Ghostly Armor","floor":1.0},{"not_picked":["Armaments","Clash"],"picked":"Wild Strike","floor":3.0},{"not_picked":["Hemokinesis","Thunderclap"],"picked":"True Grit","floor":5.0},{"not_picked":["Blood for Blood+1","Heavy Blade+1"],"picked":"Wild Strike+1","floor":11.0},{"not_picked":["Twin Strike+1","Sword Boomerang+1"],"picked":"Pommel Strike+1","floor":13.0},{"not_picked":["Headbutt+1","Metallicize"],"picked":"Cleave+1","floor":14.0},{"not_picked":["Brutality","Bludgeon+1"],"picked":"Barricade","floor":16.0},{"not_picked":["Sever Soul+1","Sword Boomerang+1","Twin Strike+1"],"picked":"SKIP","floor":18.0},{"not_picked":["Thunderclap+1","Sword Boomerang+1","Warcry+1"],"picked":"SKIP","floor":20.0},{"not_picked":["Burning Pact","Shockwave","Searing Blow+1"],"picked":"SKIP","floor":27.0},{"not_picked":["Headbutt+1","Perfected Strike+1","Bludgeon+1"],"picked":"SKIP","floor":29.0},{"not_picked":["Second Wind","Brutality","Twin Strike+1"],"picked":"SKIP","floor":30.0},{"not_picked":["Twin Strike+1","Rampage+1","Shrug It Off"],"picked":"SKIP","floor":31.0},{"not_picked":["Brutality","Immolate+1"],"picked":"Berserk","floor":33.0},{"not_picked":["Sever Soul+1"],"picked":"SKIP","floor":35.0},{"not_picked":["Headbutt+1"],"picked":"SKIP","floor":37},{"not_picked":["Thunderclap+1"],"picked":"SKIP","floor":38},{"not_picked":["Iron Wave+1"],"picked":"SKIP","floor":40},{"not_picked":["Shrug It Off+1"],"picked":"SKIP","floor":44},{"not_picked":["Iron Wave+1"],"picked":"SKIP","floor":46},{"not_picked":[],"picked":"Body Slam+1","floor":48}],"player_experience":161133,"relics_obtained":[{"floor":9.0,"key":"Molten Egg 2"},{"floor":11.0,"key":"White Beast Statue"},{"floor":14.0,"key":"Odd Mushroom"},{"floor":26.0,"key":"Shovel"},{"floor":27.0,"key":"Tiny Chest"},{"floor":30.0,"key":"War Paint"},{"floor":43,"key":"Vajra"},{"floor":44,"key":"Ornamental Fan"},{"floor":45,"key":"Thread and Needle"},{"floor":47,"key":"Lantern"},{"floor":49,"key":"Mercury Hourglass"}],"event_choices":[{"cards_removed":["Strike_R"],"damage_healed":0.0,"max_hp_gain":0.0,"max_hp_loss":0.0,"gold_gain":0.0,"event_name":"Golden Wing","player_choice":"Card Removal","floor":2.0,"gold_loss":0.0,"damage_taken":7.0},{"damage_healed":0.0,"max_hp_gain":0.0,"max_hp_loss":0.0,"gold_gain":75.0,"event_name":"World of Goop","player_choice":"Gather Gold","floor":4.0,"gold_loss":0.0,"damage_taken":11.0},{"damage_healed":0.0,"max_hp_gain":0.0,"max_hp_loss":0.0,"gold_gain":0.0,"cards_transformed":["Strike_R"],"event_name":"Living Wall","player_choice":"Change","floor":7.0,"gold_loss":0.0,"damage_taken":0.0,"cards_obtained":["Bludgeon"]},{"damage_healed":0.0,"max_hp_gain":0.0,"max_hp_loss":0.0,"gold_gain":0.0,"event_name":"Mushrooms","player_choice":"Fought Mushrooms","floor":14.0,"gold_loss":0.0,"damage_taken":0.0},{"damage_healed":0.0,"max_hp_gain":0.0,"max_hp_loss":0.0,"gold_gain":0.0,"event_name":"Back to Basics","player_choice":"Simplicity","floor":19.0,"gold_loss":0.0,"damage_taken":0.0,"cards_upgraded":["Strike_R","Strike_R","Defend_R","Defend_R","Defend_R","Defend_R"]},{"damage_healed":0.0,"max_hp_gain":0.0,"max_hp_loss":0.0,"gold_gain":0.0,"event_name":"Vampires","player_choice":"Ignored","floor":21.0,"gold_loss":0.0,"damage_taken":0.0},{"cards_removed":["Strike_R"],"damage_healed":0.0,"max_hp_gain":0.0,"max_hp_loss":0.0,"gold_gain":0.0,"event_name":"Beggar","player_choice":"Gave Gold","floor":25.0,"gold_loss":75.0,"damage_taken":0.0},{"damage_healed":0.0,"max_hp_gain":0.0,"max_hp_loss":0.0,"gold_gain":0.0,"event_name":"Lab","player_choice":"Got Potions","floor":36.0,"gold_loss":0.0,"damage_taken":0.0},{"damage_healed":0,"gold_gain":0,"player_choice":"Max HP","damage_taken":0,"max_hp_gain":0,"max_hp_loss":4,"event_name":"Winding Halls","floor":39,"gold_loss":0}],"is_beta":false,"boss_relics":[{"not_picked":["SacredBark","Pandora\u0027s Box"],"picked":"Empty Cage"},{"not_picked":["Black Star","Fusion Hammer"],"picked":"Busted Crown"}],"items_purged_floors":[22,28,41],"is_endless":false,"potions_floor_spawned":[1,13,14,16,18,20,24,27,29,30,31,33,35,37,38,40,44,46,48],"ascension_level":1}}