{"host":"acp8fcjw1lwgtbwr","time":1614404594,"event":{"mods":["AchievementEnabler","BaseMod","Colored Map","Colored Powertips","Highlight Path","Minty Spire (QoL Compilation)","StSLib"],"gold_per_floor":[12,23,36,52,52,52,87,87,87,98,109,119,119,119,119],"floor_reached":14,"language":"ENG","playtime":749,"items_purged":[],"score":146,"play_id":"5070767a-a783-4bf1-91e0-445d4ad09682","local_time":"20210227004314","is_ascension_mode":true,"campfire_choices":[{"data":"Neutralize","floor":6,"key":"SMITH"},{"floor":8,"key":"REST"}],"circlet_count":0,"master_deck":["AscendersBane","Strike_G","Strike_G","Strike_G","Strike_G","Strike_G","Defend_G","Defend_G","Defend_G+1","Defend_G","Defend_G","Survivor","Neutralize+1","Corpse Explosion+1","Poisoned Stab","Dagger Throw","Well Laid Plans","Leg Sweep"],"relics":["Ring of the Snake","Shuriken","Ornamental Fan"],"acts_visited":["Exordium"],"potions_floor_usage":[11,12],"damage_taken":[{"damage":0,"enemies":"2 Louse","floor":1,"turns":2},{"damage":3,"enemies":"Cultist","floor":2,"turns":4},{"damage":1,"enemies":"Jaw Worm","floor":3,"turns":4},{"damage":0,"enemies":"2 Fungi Beasts","floor":4,"turns":2},{"damage":42,"enemies":"Lagavulin","floor":7,"turns":8},{"damage":12,"enemies":"Blue Slaver","floor":10,"turns":7},{"damage":5,"enemies":"Lots of Slimes","floor":11,"turns":2},{"damage":0,"enemies":"Gremlin Gang","floor":12,"turns":3},{"damage":0,"enemies":"3 Sentries","floor":14,"turns":1}],"seed_played":"-3576219107035634470","potions_obtained":[{"floor":2,"key":"Explosive Potion"},{"floor":5,"key":"Explosive Potion"},{"floor":12,"key":"Ancient Potion"}],"is_trial":false,"path_per_floor":["M","M","M","M","?","R","E","R","T","M","M","M","?","E"],"character_chosen":"THE_SILENT","items_purchased":[],"campfire_rested":1,"item_purchase_floors":[],"current_hp_per_floor":[63,60,59,59,59,59,17,38,38,26,21,21,7,7,7],"gold":119,"neow_bonus":"THREE_RARE_CARDS","is_daily":false,"chose_seed":false,"campfire_upgraded":1,"win_rate":0.0,"timestamp":1614404594,"path_taken":["M","M","M","M","?","R","E","R","T","M","?","M","?","E"],"items_purchased_type":[],"build_version":"2020-12-22","purchased_purges":0,"victory":false,"max_hp_per_floor":[70,70,70,70,70,70,70,70,70,70,70,70,70,70,70],"card_choices":[{"not_picked":["Doppelganger","Storm of Steel"],"picked":"Corpse Explosion","floor":0},{"not_picked":["Bane","Quick Slash"],"picked":"Poisoned Stab","floor":1},{"not_picked":["Quick Slash","PiercingWail"],"picked":"Dagger Throw","floor":2},{"not_picked":["Poisoned Stab","Distraction"],"picked":"Well Laid Plans","floor":3},{"not_picked":["Skewer","Flying Knee","Riddle With Holes"],"picked":"SKIP","floor":4},{"not_picked":["Deflect","Sucker Punch","Die Die Die"],"picked":"SKIP","floor":7},{"not_picked":["Dodge and Roll","Bane","Choke"],"picked":"SKIP","floor":10},{"not_picked":["Dodge and Roll","Deadly Poison"],"picked":"Leg Sweep","floor":11},{"not_picked":["Well Laid Plans","Bane","Outmaneuver"],"picked":"SKIP","floor":12}],"player_experience":2643570,"relics_obtained":[{"floor":7,"key":"Shuriken"},{"floor":9,"key":"Ornamental Fan"}],"event_choices":[{"damage_healed":0,"gold_gain":0,"player_choice":"Got Potions","damage_taken":0,"max_hp_gain":0,"max_hp_loss":0,"event_name":"Lab","floor":5,"gold_loss":0},{"damage_healed":0,"gold_gain":0,"player_choice":"Entered Light","damage_taken":14,"max_hp_gain":0,"max_hp_loss":0,"event_name":"Shining Light","floor":13,"gold_loss":0,"cards_upgraded":["Defend_G","Corpse Explosion"]}],"is_beta":false,"boss_relics":[],"items_purged_floors":[],"is_endless":false,"potions_floor_spawned":[2,12],"killed_by":"3 Sentries","ascension_level":11}}