{"host":"sum4dy402bbv9y4o","time":1614437984,"event":{"mods":["Aspiration","BaseMod","Conspire","Highlight Path","Minty Spire (QoL Compilation)","StSLib"],"gold_per_floor":[110,129,141,7,27,52,70,70,70],"floor_reached":8,"language":"ENG","playtime":385,"items_purged":["Strike_P"],"score":120,"play_id":"508d8a44-a3e8-45ff-a1aa-8064515302af","local_time":"20210227175944","is_ascension_mode":true,"campfire_choices":[],"circlet_count":0,"master_deck":["AscendersBane","Strike_P","Strike_P","Strike_P","Defend_P","Defend_P","Defend_P","Defend_P","Eruption","Vigilance","MentalFortress","FollowUp","EmptyBody","FlurryOfBlows","MentalFortress","CarveReality","Consecrate"],"relics":["PureWater","aspiration:Nostalgia","Burning Blood","FossilizedHelix"],"acts_visited":["Exordium"],"potions_floor_usage":[6],"damage_taken":[{"damage":2,"enemies":"2 Louse","floor":1,"turns":4},{"damage":1,"enemies":"conspire:RoseBush","floor":2,"turns":3},{"damage":0,"enemies":"Small Slimes","floor":3,"turns":2},{"damage":16,"enemies":"Exordium Thugs","floor":5,"turns":7},{"damage":35,"enemies":"3 Sentries","floor":6,"turns":8},{"damage":0,"enemies":"Blue Slaver","floor":7,"turns":2},{"damage":39,"enemies":"Gremlin Nob","floor":8,"turns":4}],"seed_played":"-7002812106179099498","potions_obtained":[{"floor":1,"key":"CultistPotion"},{"floor":6,"key":"CultistPotion"}],"is_trial":false,"path_per_floor":["M","M","M","$","M","E","M","E"],"character_chosen":"WATCHER","items_purchased":["FlurryOfBlows"],"campfire_rested":0,"item_purchase_floors":[4],"current_hp_per_floor":[65,68,68,68,58,29,35,0,0],"gold":70,"neow_bonus":"NOSTALGIA","is_daily":false,"chose_seed":false,"campfire_upgraded":0,"win_rate":0.0,"timestamp":1614437984,"path_taken":["M","M","M","$","M","E","M","E"],"items_purchased_type":["Card"],"build_version":"2020-12-22","purchased_purges":1,"victory":false,"max_hp_per_floor":[68,68,68,68,68,68,68,68,68],"card_choices":[{"not_picked":["Vengeance","Evaluate"],"picked":"MentalFortress","floor":1},{"not_picked":["Consecrate","ClearTheMind"],"picked":"FollowUp","floor":2},{"not_picked":["CrushJoints","JustLucky"],"picked":"EmptyBody","floor":3},{"not_picked":["Prostrate","DeusExMachina"],"picked":"MentalFortress","floor":5},{"not_picked":["FollowUp","PathToVictory"],"picked":"CarveReality","floor":6},{"not_picked":["FollowUp","CutThroughFate"],"picked":"Consecrate","floor":7}],"player_experience":3147565,"relics_obtained":[{"floor":6,"key":"FossilizedHelix"}],"event_choices":[],"is_beta":false,"boss_relics":[],"items_purged_floors":[4],"is_endless":false,"potions_floor_spawned":[1,6],"killed_by":"Gremlin Nob","ascension_level":20}}