{"host":"54jr43vd79817238","time":1614440420,"event":{"mods":["ATMod(°¢èªMod)","Act Like it!","Arknights","Aspiration","BaseMod","CapriCore","Dota2Spire","Friendly Minions","Gensokyo","Hallownest","Hermit","HololiveMod","Jedi Mod","KomeijiMod","Library of Ruina","Library of Ruina Extra","Lobotomy","LobotomyExtend","Marisa£¨ìFÓê¡¡Ä§ÀíÉ³£©","Minty Spire (QoL Compilation)","MostiFishMod","Quarter Circle Forward PUNCH!","Reliquary","Replay The Spire","Robot Space Explorer","RumiaBox-Â¶Ã×æ«µÄÉñÃØºÐ×Ó","Spicy Shops","StSLib","TestMod","The Alterego","The Senshi","TheWitcher","Yakumo Yukari mod","Yuyuko","¡¾ÒÅÎï¿¨ÅÆ¡¿REMEMod"],"gold_per_floor":[114,114,39,39,39,73,91,91,91,122,122,157,157,182,182,313,313,328,328,253,25,41,41,41,55,124,144,144,168,168,168,168,299,299,315,315,329,236,236,279,279,320,320,345,365,406,406,111,111,111,111,111,111,37,75,75],"floor_reached":57,"language":"ZHS","playtime":2269,"items_purged":["Injury","LightAttack"],"score":2266,"play_id":"e292c912-7df7-4feb-b418-3691f13210c2","local_time":"20210227234020","is_ascension_mode":true,"campfire_choices":[{"floor":8.0,"key":"RECALL"},{"data":"DarkCloud","floor":15.0,"key":"SMITH"},{"data":"DarkCloud","floor":23.0,"key":"SMITH"},{"data":"SerpentSwordTechnique","floor":28.0,"key":"SMITH"},{"data":"UnforgettableMelody","floor":30,"key":"SMITH"},{"data":"SweepTheBackstreets","floor":32,"key":"SMITH"},{"data":"SharpenedBlade","floor":41,"key":"SMITH"},{"data":"GuidanceOfTheGears","floor":47,"key":"SMITH"},{"data":"SkyClearingCut","floor":49,"key":"SMITH"},{"data":"REME_ProfessionalPlagiarism","floor":53,"key":"SMITH"}],"circlet_count":0,"master_deck":["Dodge","LightDefense","LightDefense","LightDefense","LightDefense","ChargeAndCover","FocusedStrikes","REME_ProfessionalPlagiarism+1","SkyClearingCut+1","HighKick","ConcentratedFire","DarkCloud+1","DarkCloud+1","FlowOfTheSword","Struggle","PreemptiveStrike","Decapitation","SweepTheBackstreets+1","ViolentFlame","UnforgettableMelody+1","SerpentSwordTechnique+1","GuidanceOfTheGears+1","DarkCloud+1","GuardingStance","ClassAndRespect+1","DistortedBlade+1","AT_EmpoweredMortalDraw+1","SharpenedBlade+1","Replay:Hysterical Blindness","FeelinGood+1","Diversion+1","ViolentFlame+1","DaringDecision+1","LeRegole+1"],"relics":["PageOfLibrarian","DaveBox","AT_ATBox","testmod-TestBox","REME_ComplimentaryCards","NeowsBlessing","testmod-SaigiyounoYou","BirthdayGift-Tetrahedron","Golden Idol","ShirouKen","reliquary:RosewoodLute","qcfpunch:Red_Beret","Replay:Kaleidoscope","AT_TrinityForce","PageOfBloodbath","BrkXgEgg","testmod-ArcanaOfDestiny","reliquary:RoseTintedGlasses","AT_MortalBlade","ReplayTheSpireMod:CursedCoin","PageOfPorccubus","theSenshi:FeatherClipsRelic","ChaoDraw","Dota2Spire:MantaStyle","Nunchaku","PageOfThreeBirds","Bag of Marbles","reliquary:Aerogel"],"acts_visited":["Exordium","TheCity","Hallownest:KingdomsEdge","TheEnding"],"potions_floor_usage":[56,56],"damage_taken":[{"damage":0.0,"enemies":"2 Louse","floor":1.0,"turns":1.0},{"damage":0.0,"enemies":"Lagavulin","floor":6.0,"turns":1.0},{"damage":0.0,"enemies":"ats:Genji","floor":7.0,"turns":1.0},{"damage":6.0,"enemies":"3 Sentries","floor":10.0,"turns":3.0},{"damage":2.0,"enemies":"Gremlin Nob","floor":12.0,"turns":2.0},{"damage":1.0,"enemies":"Small Slimes","floor":14.0,"turns":1.0},{"damage":6.0,"enemies":"Hexaghost","floor":16.0,"turns":4.0},{"damage":8.0,"enemies":"Chosen","floor":18.0,"turns":2.0},{"damage":3.0,"enemies":"Spheric Guardian","floor":22.0,"turns":2.0},{"damage":2.0,"enemies":"Centurion and Healer","floor":25.0,"turns":2.0},{"damage":10.0,"enemies":"Chosen and Byrds","floor":27.0,"turns":2.0},{"damage":4,"enemies":"3 Cultists","floor":29,"turns":3},{"damage":8,"enemies":"Pondfish","floor":33,"turns":5},{"damage":4,"enemies":"Hallownest:Shield_Heavy","floor":35,"turns":3},{"damage":0,"enemies":"Hallownest:2_Littles","floor":37,"turns":1},{"damage":4,"enemies":"Hallownest:eliteHiveKnight","floor":40,"turns":3},{"damage":12,"enemies":"Hallownest:eliteCollector","floor":42,"turns":2},{"damage":2,"enemies":"Hallownest:2_Wing_and_1_Kings","floor":44,"turns":2},{"damage":0,"enemies":"Hallownest:Shield_Sturdy","floor":45,"turns":1},{"damage":2,"enemies":"Hallownest:eliteHiveKnight","floor":46,"turns":2},{"damage":7,"enemies":"Hallownest:BossHollowKnight","floor":50,"turns":2},{"damage":1,"enemies":"Hallownest:BossHollowKnight","floor":51,"turns":1},{"damage":0,"enemies":"Shield and Spear","floor":55,"turns":1},{"damage":33,"enemies":"The Heart","floor":56,"turns":4}],"seed_played":"3173896897938155401","potions_obtained":[{"floor":1.0,"key":"DuplicationPotion"},{"floor":6.0,"key":"SmokeBomb"},{"floor":12.0,"key":"Block Potion"},{"floor":16.0,"key":"Fire Potion"}],"is_trial":false,"path_per_floor":["M","?","$","?","$","E","M","R","T","E","?","E","T","M","R","B",null,"M","?","?","$","M","R","?","M","T","M","R","M","R","?","R","B",null,"M","?","M","$","?","E","R","E","T","M","M","E","R","$","R","B",null,null,"R","$","E","B",null],"character_chosen":"Librarian","items_purchased":["PageOfBloodbath","BrkXgEgg","ReplayTheSpireMod:CursedCoin","PageOfPorccubus","PageOfThreeBirds","Bag of Marbles"],"campfire_rested":0,"item_purchase_floors":[21,21,38,38,48,54],"current_hp_per_floor":[60,60,60,60,60,61,62,62,62,67,67,74,74,62,62,63,63,61,61,61,61,60,60,60,63,63,57,57,63,63,63,63,71,71,62,62,62,62,62,63,63,66,66,68,68,64,64,64,64,83,92,92,92,92,63,49],"gold":75,"neow_bonus":"THREE_ENEMY_KILL","is_daily":false,"chose_seed":false,"campfire_upgraded":9,"win_rate":0.0,"timestamp":1614440420,"path_taken":["M","?","$","?","$","E","?","R","T","E","?","E","?","M","R","BOSS","M","?","?","$","?","R","?","M","T","M","R","?","R","?","R","BOSS","M","?","M","$","?","E","R","E","T","?","M","E","R","$","R","BOSS","R","$","E","BOSS"],"items_purchased_type":["Relic","Relic","Relic","Relic","Relic","Relic"],"build_version":"2020-12-22","purchased_purges":2,"victory":true,"max_hp_per_floor":[84,84,84,84,84,63,78,78,78,91,91,76,76,62,91,63,63,65,65,65,65,68,91,91,63,63,201,91,63,91,91,91,71,71,62,62,78,78,78,63,92,77,77,68,75,64,92,92,92,92,92,92,92,92,63,63],"card_choices":[{"not_picked":["BackAttack","SerpentSwordTechnique","ReadyUp","UpbeatPerformance","IllEndYou","GuidanceOfTheGears","RipSpace","RapidGashes"],"picked":"SkyClearingCut","floor":1.0},{"not_picked":["Outburst","Preparation","Overcharge","SunsetBlade","AbsorbImpact","BiAn","BlindFaith","DesperateStruggle"],"picked":"Struggle","floor":6.0},{"not_picked":["InnerArdor","FierceOnslaught","ExtremeEdge","Rewind","Laceration","SharpSwipe","Disposal","WillOfThePrescript"],"picked":"PreemptiveStrike","floor":7.0},{"not_picked":["TheRedNotes","Reload","GaleKick","Outburst","BattleCommand","Riposte","Rewind","ViolentFlame"],"picked":"Decapitation","floor":10.0},{"not_picked":["VenomousFangs","AutonomousRush","SinglePointStab","StayCalm","UncannyStrike","MultiBlock","YouOnlyLiveOnce","HiddenBlade"],"picked":"SweepTheBackstreets","floor":12.0},{"not_picked":["SunsetBlade","Unlock1","Parry2","GrazeTheGrass","DefenseOrder","Eliminate","SwordOfVolition","ChiWen"],"picked":"ViolentFlame","floor":14.0},{"not_picked":["BalefulBrand","RepressedFlesh"],"picked":"UnforgettableMelody","floor":16.0},{"not_picked":["SharpSwipe+1","SwordOfVolition","Eject+1","SomberProcuration+1","WrathOfTorment","QuickSuppression+1","StrikeDown+1","RushDown"],"picked":"SerpentSwordTechnique","floor":18.0},{"not_picked":["Parry+1","MultiHit","CumulusWall","IngredientHunt+1","SerpentSwordTechnique","HiddenBlade","BoundaryOfDeath+1","Rewind+1"],"picked":"GuidanceOfTheGears","floor":22.0},{"not_picked":["ForTheFamily+1","Fence+1","Tailoring+1","SharpNails+1","HighKick","SmokingPipe","StrikeDown","PinpointShot"],"picked":"DarkCloud+1","floor":25.0},{"not_picked":["BoundaryOfDeath+1","Feast+1","ProselytesBlade+1","SinglePointStab","BindingArms","FleetEdge","HighKick","SturdyDefense"],"picked":"GuardingStance","floor":27.0},{"not_picked":["StrongStrike","Eliminate+1","EnergyBeam+1","IngredientHunt","LawAndOrder","MultiHit+1","FrontalAssault","SmokingPipe"],"picked":"ClassAndRespect+1","floor":29},{"not_picked":["BalefulBrand+1","LeRegole+1"],"picked":"DistortedBlade+1","floor":33},{"not_picked":["InkOver","InnerArdor","UnavoidableGaze","PinpointShot","Outburst+1","Multislash+1","QuickSuppression+1","Thrust","FierceOnslaught"],"picked":"SKIP","floor":35},{"not_picked":["InkOver","InnerArdor","UnavoidableGaze","PinpointShot","Outburst+1","Multislash+1","QuickSuppression+1","Thrust","FierceOnslaught"],"picked":"SKIP","floor":35},{"not_picked":["TraceOfFumes","AsThePrescriptOrders+1","FleetEdge","WillOfThePrescript","Brawl+1","QuickAttack+1","LoosenUp","FendThisOffIfYouCan+1"],"picked":"SharpenedBlade","floor":37},{"not_picked":["Execute_lor+1","MultiBlock","Overpower+1","FeatherShield","VioletBlade+1","EnergyStrike","Thrust+1","Quickness+1"],"picked":"FeelinGood+1","floor":40},{"not_picked":["RatsGuideToSurvival","VioletBlade","FrontalAssault+1","BladeWhirl","Ripple","YoureTooSlow","HiddenBlade","UnavoidableGaze"],"picked":"Diversion+1","floor":42},{"not_picked":["Pound","EnergyStrike+1","GuidanceOfTheGears+1","StrongStrike","Wallop_lor","DirtyBlow","TendonChords+1","Zzzzzap","StrikeDown+1"],"picked":"SKIP","floor":44},{"not_picked":["Thrust+1","QuickAttack","MultiBlock","SharpNails","Quickness+1","SmokingPipe+1","FocusFire","SummaryJudgment+1"],"picked":"ViolentFlame+1","floor":45},{"not_picked":["SilentMist","IllEndYou+1","MindCrush+1","Outburst","EnergyCycle","StrikeDown","TendonChords+1","SinglePointStab+1"],"picked":"DaringDecision+1","floor":46},{"not_picked":["SerpentSwordTechnique","PreparedMind","SinglePointStab","HandlingWork","TendonChords+1","BlowItUp","StrikeDown","WillBeTasty+1"],"picked":"LeRegole+1","floor":55}],"player_experience":336168,"relics_obtained":[{"floor":6.0,"key":"ShirouKen"},{"floor":10.0,"key":"reliquary:RosewoodLute"},{"floor":12.0,"key":"qcfpunch:Red_Beret"},{"floor":13.0,"key":"Replay:Kaleidoscope"},{"floor":26.0,"key":"testmod-ArcanaOfDestiny"},{"floor":40,"key":"theSenshi:FeatherClipsRelic"},{"floor":42,"key":"ChaoDraw"},{"floor":43,"key":"Dota2Spire:MantaStyle"},{"floor":46,"key":"Nunchaku"},{"floor":55,"key":"reliquary:Aerogel"}],"event_choices":[{"damage_healed":0.0,"max_hp_gain":0.0,"max_hp_loss":0.0,"gold_gain":0.0,"event_name":"Golden Idol","player_choice":"Take Wound","floor":2.0,"gold_loss":0.0,"damage_taken":0.0,"relics_obtained":["Golden Idol"],"cards_obtained":["Injury"]},{"cards_removed":["LightAttack"],"damage_healed":0.0,"max_hp_gain":0.0,"max_hp_loss":0.0,"gold_gain":0.0,"event_name":"Beggar","player_choice":"Gave Gold","floor":20.0,"gold_loss":75.0,"damage_taken":0.0},{"cards_removed":["LightAttack"],"damage_healed":0.0,"max_hp_gain":0.0,"max_hp_loss":0.0,"gold_gain":0.0,"event_name":"Purifier","player_choice":"Purged","floor":24.0,"gold_loss":0.0,"damage_taken":0.0}],"is_beta":false,"boss_relics":[{"not_picked":["EE1DDrone","aspiration:PoetsPen_weak"],"picked":"AT_TrinityForce"},{"not_picked":["testmod-Recursion","BloodWine"],"picked":"AT_MortalBlade"}],"items_purged_floors":[3,38],"is_endless":false,"potions_floor_spawned":[1,6,12,16,18,22,25,35,42,45],"ascension_level":1}}