{"host":"y3tal5djvejpcno2","time":1614445918,"event":{"mods":["A Magickal Journey","BaseMod","Clockwork Mod","Colored Map","Colored Powertips","Hermit","Infinite Spire","Kratos Character Expansion","Minty Spire (QoL Compilation)","Permanent Neow","Quick Restart","Relic Stats","Replay The Spire","SOS???????","StSLib","The Blue Laboratory","The Bug Knight","The Cursed","The Druid","The Jungle","Wandering Minibosses"],"gold_per_floor":[146,146,157,157,177,177,127,127,127,127,127,127,145,157,157,258,258,272,272,288,288,103,103,114,132,132,132,132,132,149,149,149,250,250,262,262,276,324,324,352,352,352,406,432,446,474,484,516,516,621,621,614,599,599,599,150,136,154,154,154,160,160,166,166,163,163,208,308,302,302,302,287,279,292,292,267,267,267,267,267,267,259,259,336,336,331,327,326,317,321,321,321,321,321,321,321,328,253,253,253,252,252,349,349,354,359,359,359,367,367,378,383,383,383,392,410,424,429,429,506,506,517,517,515,515,615,615,637,638,638,640,632,632,640,631,631,705,705,710,710,710,710,707,700,700,696,696,707,709,705,708,693,693,687,687],"floor_reached":154,"language":"ENG","playtime":8330,"items_purged":["Languid"],"score":3362,"play_id":"b595f1fc-73ed-439d-9737-84295fb7a8a3","local_time":"20210227141158","is_ascension_mode":false,"campfire_choices":[{"data":"KratosMod:Roll","floor":6.0,"key":"SMITH"},{"data":"infinitespire:NeuralNetwork","floor":8.0,"key":"SMITH"},{"data":"KratosMod:SmashStone","floor":11.0,"key":"SMITH"},{"data":"KratosMod:Roll","floor":15.0,"key":"SMITH"},{"data":"KratosMod:Roll","floor":23.0,"key":"SMITH"},{"data":"KratosMod:blades","floor":27.0,"key":"SMITH"},{"data":"infinitespire:NeuralNetwork","floor":29.0,"key":"SMITH"},{"data":"KratosMod:Roll","floor":32.0,"key":"SMITH"},{"data":"Replay:Fractal Strike","floor":41.0,"key":"SMITH"},{"data":"infinitespire:Gouge","floor":49.0,"key":"SMITH"},{"data":"KratosMod:Roll","floor":59.0,"key":"SMITH"},{"data":"Replay:BasicMightCard","floor":66.0,"key":"SMITH"},{"data":"KratosMod:Strike_K","floor":75.0,"key":"SMITH"},{"data":"KratosMod:Strike_K","floor":78.0,"key":"SMITH"},{"data":"KratosMod:Strike_K","floor":80.0,"key":"SMITH"},{"data":"KratosMod:Strike_K","floor":83.0,"key":"SMITH"},{"data":"KratosMod:Strike_K","floor":91.0,"key":"SMITH"},{"data":"KratosMod:Strike_K","floor":95.0,"key":"SMITH"},{"data":"KratosMod:Strike_K","floor":102.0,"key":"SMITH"},{"data":"KratosMod:Strike_K","floor":110.0,"key":"SMITH"},{"data":"KratosMod:Strike_K","floor":119.0,"key":"SMITH"},{"data":"KratosMod:Strike_K","floor":127.0,"key":"SMITH"},{"data":"ReplayTheSpireMod:Black Plague","floor":136.0,"key":"SMITH"},{"data":"infinitespire:Starlight","floor":145,"key":"SMITH"},{"data":"KratosMod:cyclone","floor":153,"key":"SMITH"}],"circlet_count":0,"master_deck":["KratosMod:Strike_K","KratosMod:Strike_K","KratosMod:cyclone+1","KratosMod:AthenaBane","KratosMod:SmashStone+1","KratosMod:BladeWhip","infinitespire:NeuralNetwork+1","KratosMod:Roll+1","KratosMod:SmashStone+1","KratosMod:Roll+1","KratosMod:blades+1","KratosMod:Roll+1","infinitespire:Starlight+1","infinitespire:Gouge+1","infinitespire:NeuralNetwork+1","KratosMod:conjuresoul+1","KratosMod:Roll+1","KratosMod:kBerserk+1","Metamorphosis+1","KratosMod:BladeWhip+1","KratosMod:conjuresoul+1","Replay:Fractal Strike+1","KratosMod:conjuresoul+1","KratosMod:Roll+1","KratosMod:Roll+1","KratosMod:Roll+1","KratosMod:SmashStone+1","KratosMod:Roll+1","KratosMod:kBerserk+1","KratosMod:Roll+1","Replay:BasicMightCard+1","KratosMod:conjuresoul","KratosMod:Roll+1","KratosMod:Revenge+1","KratosMod:blades+1","KratosMod:kBerserk+1","KratosMod:blades+1","KratosMod:Roll+1","KratosMod:Revenge+1","KratosMod:blades+1","Voices","KratosMod:blades+1","ReplayTheSpireMod:Black Plague+1","KratosMod:Roll+1","Delirium","KratosMod:blades+1","KratosMod:Roll+1","Secret Weapon+1","KratosMod:Roll+1","KratosMod:kBerserk+1","Parasite","KratosMod:Roll+1"],"relics":["KratosMod:eagle","Question Card","infinitespire:WardingShard","Cursed Key","Coffee Dripper","theJungle:Creamberry","Blood Vial","Busted Crown","Torii","ReplayTheSpireMod:Ninjato","ReplayFunnel","Blue Candle","Orichalcum","Strawberry","Painkiller Herb","Philosopher\u0027s Stone","HollowMod:PaleOreRelic","Whetstone","Ancient Tea Set","infinitespire:CheckeredPen","Replay:Accelerometer","Replay:Wanted Poster","theJungle:SpiritDisease","CaptainsWheel","Simple Rune","Spirit Poop","theJungle:WildPear","Runic Dome","Replay:Bottled Steam","infinitespire:ShieldingShard","Replay:Drink Me","DollysMirror","ReplayTheSpireMod:Lightbulb","Pantograph","infinitespire:Cupcake","ReplayTheSpireMod:EnergyBall","Sundial","Boot","Runic Pyramid","Darkstone Periapt","Gambling Chip","infinitespire:Eraser","Quantum Egg"],"acts_visited":["Exordium","Exordium","TheBeyond","Exordium","Exordium","TheBeyond","Exordium","TheCity","TheBeyond"],"potions_floor_usage":[],"damage_taken":[{"damage":13.0,"enemies":"Jaw Worm","floor":1.0,"turns":3.0},{"damage":0.0,"enemies":"Small Slimes","floor":3.0,"turns":3.0},{"damage":5.0,"enemies":"2 Louse","floor":5.0,"turns":2.0},{"damage":16.0,"enemies":"Large Slime","floor":13.0,"turns":5.0},{"damage":5.0,"enemies":"Exordium Wildlife","floor":14.0,"turns":3.0},{"damage":0.0,"enemies":"Fading Forest","floor":16.0,"turns":11.0},{"damage":28.0,"enemies":"theJungle:MUSHROOMGANG","floor":18.0,"turns":5.0},{"damage":0.0,"enemies":"theJungle:GiantWrat","floor":20.0,"turns":5.0},{"damage":26.0,"enemies":"theJungle:2_Flameangoes","floor":24.0,"turns":6.0},{"damage":0.0,"enemies":"theJungle:2_Snecko_Cultists","floor":25.0,"turns":6.0},{"damage":0.0,"enemies":"theJungle:Lyon","floor":30.0,"turns":3.0},{"damage":0.0,"enemies":"theJungle:QueenSpyder","floor":33.0,"turns":8.0},{"damage":0.0,"enemies":"3 Darklings","floor":35.0,"turns":3.0},{"damage":28.0,"enemies":"3 Shapes","floor":37.0,"turns":2.0},{"damage":26.0,"enemies":"2 Orb Walkers","floor":38.0,"turns":4.0},{"damage":0.0,"enemies":"Nightmare","floor":40.0,"turns":8.0},{"damage":37.0,"enemies":"Reptomancer","floor":44.0,"turns":6.0},{"damage":16.0,"enemies":"Sphere and 2 Shapes","floor":45.0,"turns":3.0},{"damage":1.0,"enemies":"Giant Head","floor":46.0,"turns":4.0},{"damage":1.0,"enemies":"Spire Growth","floor":47.0,"turns":5.0},{"damage":1.0,"enemies":"Reptomancer","floor":48.0,"turns":7.0},{"damage":52.0,"enemies":"infinitespire:MassOfShapes","floor":50.0,"turns":5.0},{"damage":0.0,"enemies":"infinitespire:Voidling","floor":52.0,"turns":4.0},{"damage":8.0,"enemies":"Jaw Worm","floor":53.0,"turns":5.0},{"damage":1.0,"enemies":"Nightmare","floor":57.0,"turns":8.0},{"damage":0.0,"enemies":"2 Louse","floor":58.0,"turns":1.0},{"damage":0.0,"enemies":"Looter","floor":61.0,"turns":3.0},{"damage":0.0,"enemies":"HollowMod:MossKnight","floor":63.0,"turns":4.0},{"damage":0.0,"enemies":"Exordium Wildlife","floor":65.0,"turns":3.0},{"damage":0.0,"enemies":"Fading Forest","floor":67.0,"turns":8.0},{"damage":9.0,"enemies":"theJungle:Flameango_and_Byrd","floor":69.0,"turns":4.0},{"damage":38.0,"enemies":"theJungle:5_Spyders","floor":72.0,"turns":5.0},{"damage":1.0,"enemies":"theJungle:Snecko_Cultist_And_Trap","floor":73.0,"turns":4.0},{"damage":2.0,"enemies":"theJungle:2_Phrogs","floor":74.0,"turns":3.0},{"damage":0.0,"enemies":"Snake Plant","floor":76.0,"turns":6.0},{"damage":0.0,"enemies":"theJungle:2_Snecko_Cultists","floor":82.0,"turns":4.0},{"damage":0.0,"enemies":"theJungle:FunGuy","floor":84.0,"turns":4.0},{"damage":21.0,"enemies":"3 Shapes","floor":86.0,"turns":3.0},{"damage":0.0,"enemies":"Orb Walker","floor":87.0,"turns":4.0},{"damage":7.0,"enemies":"Sphere and 2 Shapes","floor":88.0,"turns":4.0},{"damage":0.0,"enemies":"Transient","floor":89.0,"turns":5.0},{"damage":10.0,"enemies":"4 Shapes","floor":90.0,"turns":3.0},{"damage":1.0,"enemies":"Nightmare","floor":93.0,"turns":6.0},{"damage":0.0,"enemies":"Writhing Mass","floor":96.0,"turns":3.0},{"damage":0.0,"enemies":"Sphere and 2 Shapes","floor":97.0,"turns":2.0},{"damage":2.0,"enemies":"3 Darklings","floor":101.0,"turns":3.0},{"damage":0.0,"enemies":"Replay:Hell Engine","floor":103.0,"turns":1.0},{"damage":0.0,"enemies":"Cultist","floor":105.0,"turns":3.0},{"damage":0.0,"enemies":"2 Louse","floor":106.0,"turns":3.0},{"damage":0.0,"enemies":"Small Slimes","floor":109.0,"turns":3.0},{"damage":0.0,"enemies":"HollowMod:MossKnight","floor":111.0,"turns":3.0},{"damage":0.0,"enemies":"Blue Slaver","floor":112.0,"turns":3.0},{"damage":0.0,"enemies":"Looter","floor":115.0,"turns":1.0},{"damage":0.0,"enemies":"3 Louse","floor":116.0,"turns":1.0},{"damage":0.0,"enemies":"Exordium Wildlife","floor":117.0,"turns":2.0},{"damage":0.0,"enemies":"Large Slime","floor":118.0,"turns":3.0},{"damage":0.0,"enemies":"Fading Forest","floor":120.0,"turns":5.0},{"damage":0.0,"enemies":"Spheric Guardian","floor":122.0,"turns":1.0},{"damage":19.0,"enemies":"2 Thieves","floor":124.0,"turns":2.0},{"damage":0.0,"enemies":"HollowMod:Nosk","floor":128.0,"turns":2.0},{"damage":11.0,"enemies":"Centurion and Healer","floor":129.0,"turns":2.0},{"damage":1.0,"enemies":"Cultist and Chosen","floor":131.0,"turns":2.0},{"damage":0.0,"enemies":"3 Cultists","floor":132.0,"turns":3.0},{"damage":0.0,"enemies":"Snecko","floor":133.0,"turns":3.0},{"damage":0.0,"enemies":"Snake Plant","floor":134.0,"turns":2.0},{"damage":0.0,"enemies":"Sentry and Sphere","floor":135.0,"turns":3.0},{"damage":0.0,"enemies":"Automaton","floor":137.0,"turns":3.0},{"damage":0,"enemies":"3 Darklings","floor":139,"turns":3},{"damage":0,"enemies":"Orb Walker","floor":143,"turns":3},{"damage":0,"enemies":"Nemesis","floor":144,"turns":7},{"damage":0,"enemies":"R_Hoarder","floor":146,"turns":6},{"damage":0,"enemies":"Sphere and 2 Shapes","floor":148,"turns":2},{"damage":0,"enemies":"4 Shapes","floor":149,"turns":4},{"damage":0,"enemies":"Nightmare","floor":150,"turns":7},{"damage":16,"enemies":"3 Darklings","floor":151,"turns":3},{"damage":0,"enemies":"Transient","floor":152,"turns":5},{"damage":76,"enemies":"infinitespire:MassOfShapes","floor":154,"turns":1}],"seed_played":"5734412851527050444","potions_obtained":[{"floor":1.0,"key":"ColorlessPotion"},{"floor":3.0,"key":"LiquidBronze"},{"floor":20.0,"key":"blueLaboratory:HorrorPotion"},{"floor":24.0,"key":"blueLaboratory:StoneskinPotion"},{"floor":30.0,"key":"Weak Potion"},{"floor":45.0,"key":"blueLaboratory:Moonshine"},{"floor":58.0,"key":"blueLaboratory:PyrophylliteBrew"},{"floor":76.0,"key":"Flashbang"},{"floor":86.0,"key":"SkillPotion"}],"is_trial":false,"path_per_floor":["M","?","M","?","M","R","?","R","T","?","R","T","M","M","R","B",null,"M","?","M","AVR","?","R","M","M","T","R","?","R","M","?","R","B",null,"M","?","M","?","?","NM","R","?","T","E","M","E","M","E","R","B",null,"?","?","AVR","?","T","NM","?","T","T","?","?","E","?","?","T","B",null,"?","?","AVR","?","?","E","T","?","T","T","?","T","?","?","T","B",null,"?","?","?","?","?","T","?","NM","T","T","?","?","T","PTL","PTL","?","T","B",null,"?","?","AVR","?","?","T","E","?","T","?","?","?","?","?","T","B",null,"?","AVR","?","?","?","T","E","?","T","?","?","?","?","?","T","B",null,"?","?","?","AVR","?","E","T","E","T","?","?","NM","?","?","T","B"],"character_chosen":"KRATOS","items_purchased":["Replay:BasicMightCard","HollowMod:PaleOreRelic","Whetstone","KratosMod:conjuresoul"],"campfire_rested":0,"item_purchase_floors":[56,56,56,56],"current_hp_per_floor":[41,41,46,32,27,27,27,27,27,27,27,27,20,29,29,54,54,26,26,40,40,40,40,38,54,54,54,44,44,54,54,54,54,54,54,54,26,45,45,54,54,51,51,50,40,51,51,58,58,30,58,58,58,58,58,58,58,58,58,58,58,58,58,58,58,58,58,58,58,58,58,48,58,58,58,58,58,58,68,68,68,68,68,68,68,68,68,68,68,68,68,68,67,67,67,68,68,68,68,68,68,68,68,51,51,51,51,51,51,51,51,51,51,51,51,51,51,51,51,51,51,51,51,32,32,32,32,34,34,34,47,51,51,51,51,51,51,51,51,51,51,51,51,51,51,51,57,57,57,57,44,57,57,0,0],"gold":687,"neow_bonus":"REMOVE_TWO","is_daily":false,"chose_seed":false,"campfire_upgraded":25,"win_rate":0.0,"timestamp":1614445918,"path_taken":["M","?","M","?","M","R","?","R","T","?","R","?","M","M","R","BOSS","M","?","M","AVR","?","R","M","M","T","R","?","R","M","?","R","BOSS","M","?","M","?","?","NM","R","?","T","E","M","E","M","E","R","BOSS","?","?","AVR","?","T","NM","?","T","T","?","?","E","?","?","T","BOSS","?","?","AVR","?","?","E","T","?","T","T","?","T","?","?","T","BOSS","?","?","?","?","?","T","?","NM","T","T","?","?","T","PTL","PTL","?","T","BOSS","?","?","AVR","?","?","T","E","?","T","?","?","?","?","?","T","BOSS","?","AVR","?","?","?","T","E","?","T","?","?","?","?","?","T","BOSS","?","?","?","AVR","?","E","T","E","T","?","?","NM","?","?","T","BOSS"],"items_purchased_type":["Card","Relic","Relic","Card"],"build_version":"2020-12-22","purchased_purges":1,"victory":false,"max_hp_per_floor":[54,54,54,54,54,54,54,54,54,54,54,54,54,54,54,54,54,54,54,54,54,54,54,54,54,54,54,54,54,54,54,54,54,54,54,54,54,54,54,54,54,51,51,51,51,51,51,58,58,58,58,58,58,58,58,58,58,58,58,58,58,58,58,58,58,58,58,58,58,58,58,58,58,58,58,58,58,58,68,68,68,68,68,68,68,68,68,68,68,68,68,68,68,68,68,68,68,68,68,68,68,68,68,51,51,51,51,51,51,51,51,51,51,51,51,51,51,51,51,51,51,51,51,51,51,51,51,51,51,51,51,51,51,51,51,51,51,51,51,51,51,51,51,51,51,51,57,57,57,57,57,57,57,57,57],"relic_stats":{"Darkstone Periapt":6,"Torii":7,"counters":[77,298],"Blue Candle":[69],"Whetstone":["KratosMod:Strike_K","KratosMod:Strike_K"],"Orichalcum":[774],"Question Card":96,"Cursed Key":8,"Boot":[52],"Blood Vial":22,"Busted Crown":170,"Sundial":[0],"Pantograph":0,"Gambling Chip":[1],"obtain_stats":[{"ReplayFunnel":43,"Darkstone Periapt":144,"Replay:Accelerometer":63,"Torii":38,"Spirit Poop":77,"Painkiller Herb":51,"theJungle:Creamberry":22,"theJungle:WildPear":79,"Whetstone":56,"Cursed Key":17,"Ancient Tea Set":57,"Boot":130,"Blood Vial":26,"Replay:Wanted Poster":68,"ReplayTheSpireMod:EnergyBall":123,"infinitespire:ShieldingShard":94,"DollysMirror":107,"Sundial":128,"Strawberry":48,"Pantograph":113,"Gambling Chip":146,"Philosopher\u0027s Stone":54,"HollowMod:PaleOreRelic":56,"infinitespire:Eraser":147,"Replay:Drink Me":104,"Replay:Bottled Steam":93,"Runic Pyramid":138,"ReplayTheSpireMod:Ninjato":40,"Blue Candle":44,"Quantum Egg":150,"theJungle:SpiritDisease":70,"infinitespire:CheckeredPen":60,"Orichalcum":46,"Question Card":9,"Runic Dome":85,"CaptainsWheel":71,"Busted Crown":34,"infinitespire:WardingShard":12,"Simple Rune":74,"KratosMod:eagle":0,"Coffee Dripper":21,"ReplayTheSpireMod:Lightbulb":111,"infinitespire:Cupcake":121},{"ReplayFunnel":16,"Darkstone Periapt":70,"Replay:Accelerometer":28,"Torii":15,"Spirit Poop":35,"Painkiller Herb":22,"theJungle:Creamberry":8,"theJungle:WildPear":35,"Whetstone":24,"Cursed Key":6,"Ancient Tea Set":25,"Boot":61,"Blood Vial":10,"Replay:Wanted Poster":30,"ReplayTheSpireMod:EnergyBall":58,"infinitespire:ShieldingShard":43,"DollysMirror":49,"Sundial":60,"Strawberry":21,"Pantograph":52,"Gambling Chip":71,"Philosopher\u0027s Stone":24,"HollowMod:PaleOreRelic":24,"infinitespire:Eraser":71,"Replay:Drink Me":47,"Replay:Bottled Steam":43,"Runic Pyramid":67,"ReplayTheSpireMod:Ninjato":16,"Blue Candle":17,"Quantum Egg":74,"theJungle:SpiritDisease":31,"infinitespire:CheckeredPen":26,"Orichalcum":19,"Question Card":3,"Runic Dome":37,"CaptainsWheel":31,"Busted Crown":12,"infinitespire:WardingShard":3,"Simple Rune":34,"KratosMod:eagle":0,"Coffee Dripper":8,"ReplayTheSpireMod:Lightbulb":51,"infinitespire:Cupcake":57},{"ReplayFunnel":77,"Darkstone Periapt":270,"Replay:Accelerometer":132,"Torii":69,"Spirit Poop":165,"Painkiller Herb":107,"theJungle:Creamberry":37,"theJungle:WildPear":165,"Whetstone":116,"Cursed Key":27,"Ancient Tea Set":124,"Boot":241,"Blood Vial":49,"Replay:Wanted Poster":143,"ReplayTheSpireMod:EnergyBall":235,"infinitespire:ShieldingShard":198,"DollysMirror":213,"Sundial":239,"Strawberry":102,"Pantograph":222,"Gambling Chip":276,"Philosopher\u0027s Stone":116,"HollowMod:PaleOreRelic":116,"infinitespire:Eraser":276,"Replay:Drink Me":207,"Replay:Bottled Steam":198,"Runic Pyramid":257,"ReplayTheSpireMod:Ninjato":77,"Blue Candle":83,"Quantum Egg":289,"theJungle:SpiritDisease":147,"infinitespire:CheckeredPen":125,"Orichalcum":90,"Question Card":8,"Runic Dome":173,"CaptainsWheel":147,"Busted Crown":60,"infinitespire:WardingShard":8,"Simple Rune":159,"KratosMod:eagle":0,"Coffee Dripper":37,"ReplayTheSpireMod:Lightbulb":219,"infinitespire:Cupcake":234}]},"card_choices":[{"not_picked":["KratosMod:Endure","KratosMod:Tempor"],"picked":"KratosMod:SmashStone","floor":1.0},{"not_picked":["KratosMod:rattle","KratosMod:Tempor"],"picked":"KratosMod:BladeWhip","floor":3.0},{"not_picked":["infinitespire:Punishment","ReplayTheSpireMod:Black Plague"],"picked":"infinitespire:NeuralNetwork","floor":4.0},{"not_picked":["KratosMod:BladeWhip","KratosMod:Tempor"],"picked":"KratosMod:Roll","floor":5.0},{"not_picked":["KratosMod:settle","KratosMod:conjuresoul","KratosMod:clawsofhades"],"picked":"KratosMod:SmashStone","floor":13.0},{"not_picked":["KratosMod:ShieldBash","KratosMod:BladeWhip","KratosMod:settle"],"picked":"KratosMod:Roll","floor":14.0},{"not_picked":["KratosMod:Revenge","KratosMod:styx","KratosMod:ablockalypse"],"picked":"KratosMod:blades","floor":16.0},{"not_picked":["KratosMod:BladeWhip","KratosMod:ShieldBash","KratosMod:Endure"],"picked":"KratosMod:Roll","floor":18.0},{"not_picked":["KratosMod:Endure+1","KratosMod:ShieldBash","KratosMod:ablockalypse"],"picked":"KratosMod:SmashStone","floor":20.0},{"not_picked":["KratosMod:Tempor","KratosMod:clawsofhades+1","KratosMod:ShieldBash+1"],"picked":"KratosMod:conjuresoul+1","floor":24.0},{"not_picked":["KratosMod:clawsofhades+1","KratosMod:Tempor+1","KratosMod:ShieldBash+1"],"picked":"KratosMod:BladeWhip","floor":25.0},{"not_picked":["KratosMod:ShieldBash+1","KratosMod:BladeWhip","KratosMod:Tempor"],"picked":"KratosMod:Roll","floor":30.0},{"not_picked":["KratosMod:styx+1","KratosMod:ablockalypse+1","KratosMod:blades+1"],"picked":"KratosMod:kBerserk+1","floor":33.0},{"not_picked":["KratosMod:clawsofhades+1","KratosMod:ShieldBash"],"picked":"SKIP","floor":35.0},{"not_picked":["Replay:Bootleg Shield Generator+1"],"picked":"Metamorphosis+1","floor":36.0},{"not_picked":["KratosMod:ShieldBash"],"picked":"KratosMod:BladeWhip+1","floor":37.0},{"not_picked":["KratosMod:ShieldBash"],"picked":"KratosMod:conjuresoul+1","floor":38.0},{"not_picked":["ReplayTheSpireMod:Black Plague","ReplayTheSpireMod:Haul"],"picked":"Replay:Fractal Strike","floor":40.0},{"not_picked":["KratosMod:BladeWhip+1"],"picked":"KratosMod:conjuresoul+1","floor":40.0},{"not_picked":["KratosMod:Tempor+1"],"picked":"KratosMod:Roll+1","floor":44.0},{"not_picked":["KratosMod:ShieldBash"],"picked":"KratosMod:Roll+1","floor":45.0},{"not_picked":["KratosMod:Tempor"],"picked":"KratosMod:Roll+1","floor":46.0},{"not_picked":["KratosMod:Endure+1"],"picked":"KratosMod:SmashStone+1","floor":47.0},{"not_picked":["KratosMod:Tempor"],"picked":"KratosMod:Roll+1","floor":48.0},{"not_picked":["KratosMod:ablockalypse+1"],"picked":"KratosMod:kBerserk+1","floor":50.0},{"not_picked":["KratosMod:rattle+1","KratosMod:Tempor"],"picked":"SKIP","floor":52.0},{"not_picked":["KratosMod:BladeWhip"],"picked":"KratosMod:Roll","floor":53.0},{"not_picked":["KratosMod:clawsofhades+1","KratosMod:Endure"],"picked":"SKIP","floor":57.0},{"not_picked":["KratosMod:BladeWhip"],"picked":"KratosMod:Roll","floor":58.0},{"not_picked":["KratosMod:ShieldBash","KratosMod:Roll"],"picked":"SKIP","floor":61.0},{"not_picked":["KratosMod:settle+1"],"picked":"KratosMod:Revenge+1","floor":63.0},{"not_picked":["KratosMod:BladeWhip","KratosMod:Endure"],"picked":"SKIP","floor":65.0},{"not_picked":["KratosMod:tartarusrage+1"],"picked":"KratosMod:blades+1","floor":67.0},{"not_picked":["KratosMod:rattle+1","KratosMod:BladeWhip"],"picked":"SKIP","floor":69.0},{"not_picked":["KratosMod:BladeWhip","KratosMod:Endure"],"picked":"SKIP","floor":72.0},{"not_picked":["KratosMod:ShieldBash","KratosMod:Tempor+1"],"picked":"SKIP","floor":73.0},{"not_picked":["KratosMod:conjuresoul+1"],"picked":"KratosMod:kBerserk+1","floor":74.0},{"not_picked":["KratosMod:conjuresoul+1","KratosMod:Roll"],"picked":"SKIP","floor":76.0},{"not_picked":["KratosMod:settle+1","KratosMod:Endure+1"],"picked":"SKIP","floor":82.0},{"not_picked":["KratosMod:ablockalypse+1"],"picked":"KratosMod:blades+1","floor":84.0},{"not_picked":["KratosMod:Tempor","KratosMod:Endure+1"],"picked":"SKIP","floor":86.0},{"not_picked":["KratosMod:Tempor","KratosMod:settle+1"],"picked":"SKIP","floor":87.0},{"not_picked":["KratosMod:rattle+1"],"picked":"KratosMod:Roll+1","floor":88.0},{"not_picked":["KratosMod:rattle+1","KratosMod:ShieldBash+1"],"picked":"SKIP","floor":89.0},{"not_picked":["KratosMod:Roll","KratosMod:conjuresoul+1"],"picked":"SKIP","floor":90.0},{"not_picked":["KratosMod:settle+1","KratosMod:ShieldBash+1"],"picked":"SKIP","floor":93.0},{"not_picked":["KratosMod:Endure+1","KratosMod:rattle+1"],"picked":"SKIP","floor":96.0},{"not_picked":["KratosMod:clawsofhades+1","KratosMod:settle+1"],"picked":"SKIP","floor":97.0},{"not_picked":["KratosMod:BladeWhip","KratosMod:conjuresoul+1"],"picked":"SKIP","floor":101.0},{"not_picked":["KratosMod:kBerserk+1"],"picked":"KratosMod:Revenge+1","floor":103.0},{"not_picked":["KratosMod:conjuresoul+1","KratosMod:Roll"],"picked":"SKIP","floor":105.0},{"not_picked":["KratosMod:conjuresoul+1","KratosMod:rattle+1"],"picked":"SKIP","floor":106.0},{"not_picked":["KratosMod:conjuresoul+1","KratosMod:Endure"],"picked":"SKIP","floor":109.0},{"not_picked":["KratosMod:settle+1","KratosMod:conjuresoul+1"],"picked":"SKIP","floor":111.0},{"not_picked":["KratosMod:ShieldBash","KratosMod:conjuresoul+1"],"picked":"SKIP","floor":112.0},{"not_picked":["KratosMod:ShieldBash","KratosMod:Tempor"],"picked":"SKIP","floor":115.0},{"not_picked":["KratosMod:Tempor","KratosMod:BladeWhip"],"picked":"SKIP","floor":116.0},{"not_picked":["KratosMod:SmashStone+1","KratosMod:BladeWhip"],"picked":"SKIP","floor":117.0},{"not_picked":["KratosMod:SmashStone+1","KratosMod:Roll"],"picked":"SKIP","floor":118.0},{"not_picked":["KratosMod:styx+1"],"picked":"KratosMod:blades+1","floor":120.0},{"not_picked":["KratosMod:Endure","KratosMod:Tempor+1"],"picked":"SKIP","floor":122.0},{"not_picked":["KratosMod:BladeWhip"],"picked":"KratosMod:Roll+1","floor":124.0},{"not_picked":["KratosMod:settle+1","KratosMod:ShieldBash"],"picked":"SKIP","floor":128.0},{"not_picked":["KratosMod:Endure","KratosMod:settle+1"],"picked":"SKIP","floor":129.0},{"not_picked":["KratosMod:ShieldBash"],"picked":"KratosMod:blades+1","floor":131.0},{"not_picked":["KratosMod:Roll","KratosMod:BladeWhip"],"picked":"SKIP","floor":132.0},{"not_picked":["KratosMod:conjuresoul+1","KratosMod:BladeWhip"],"picked":"SKIP","floor":133.0},{"not_picked":["KratosMod:Endure"],"picked":"KratosMod:Roll+1","floor":134.0},{"not_picked":["KratosMod:Tempor","KratosMod:ShieldBash"],"picked":"SKIP","floor":135.0},{"not_picked":["KratosMod:settle+1","KratosMod:ShieldBash+1"],"picked":"SKIP","floor":139},{"not_picked":["KratosMod:FullCounter+1"],"picked":"Secret Weapon+1","floor":140},{"not_picked":["KratosMod:BladeWhip"],"picked":"KratosMod:Roll+1","floor":143},{"not_picked":["KratosMod:Endure","KratosMod:clawsofhades+1"],"picked":"SKIP","floor":144},{"not_picked":["KratosMod:Endure"],"picked":"KratosMod:kBerserk+1","floor":146},{"not_picked":["KratosMod:conjuresoul+1"],"picked":"KratosMod:Roll+1","floor":148},{"not_picked":["KratosMod:settle+1","KratosMod:BladeWhip+1"],"picked":"SKIP","floor":149},{"not_picked":["KratosMod:Roll","KratosMod:ShieldBash"],"picked":"SKIP","floor":150},{"not_picked":["KratosMod:Roll+1","KratosMod:SmashStone+1"],"picked":"SKIP","floor":151},{"not_picked":["KratosMod:conjuresoul+1","KratosMod:Tempor"],"picked":"SKIP","floor":152}],"player_experience":73410,"relics_obtained":[{"floor":9.0,"key":"Question Card"},{"floor":12.0,"key":"infinitespire:WardingShard"},{"floor":26.0,"key":"Blood Vial"},{"floor":38.0,"key":"Torii"},{"floor":40.0,"key":"ReplayTheSpireMod:Ninjato"},{"floor":43.0,"key":"ReplayFunnel"},{"floor":44.0,"key":"Blue Candle"},{"floor":46.0,"key":"Orichalcum"},{"floor":48.0,"key":"Strawberry"},{"floor":57.0,"key":"Ancient Tea Set"},{"floor":60.0,"key":"infinitespire:CheckeredPen"},{"floor":63.0,"key":"Replay:Accelerometer"},{"floor":74.0,"key":"Simple Rune"},{"floor":77.0,"key":"Spirit Poop"},{"floor":93.0,"key":"Replay:Bottled Steam"},{"floor":94.0,"key":"infinitespire:ShieldingShard"},{"floor":111.0,"key":"ReplayTheSpireMod:Lightbulb"},{"floor":113.0,"key":"Pantograph"},{"floor":128.0,"key":"Sundial"},{"floor":130.0,"key":"Boot"},{"floor":144,"key":"Darkstone Periapt"},{"floor":146,"key":"Gambling Chip"},{"floor":147,"key":"infinitespire:Eraser"},{"floor":150,"key":"Quantum Egg"}],"event_choices":[{"cards_removed":["KratosMod:Defend_K"],"damage_healed":0.0,"max_hp_gain":0.0,"max_hp_loss":0.0,"gold_gain":0.0,"event_name":"Living Wall","player_choice":"Forget","floor":2.0,"gold_loss":0.0,"damage_taken":0.0},{"cards_removed":["KratosMod:Defend_K"],"damage_healed":0.0,"max_hp_gain":0.0,"max_hp_loss":0.0,"gold_gain":0.0,"event_name":"The Cleric","player_choice":"Card Removal","floor":7.0,"gold_loss":50.0,"damage_taken":0.0},{"damage_healed":0.0,"max_hp_gain":0.0,"max_hp_loss":0.0,"gold_gain":0.0,"event_name":"Golden Idol","player_choice":"Ignored","floor":10.0,"gold_loss":0.0,"damage_taken":0.0},{"damage_healed":0.0,"max_hp_gain":0.0,"max_hp_loss":0.0,"gold_gain":0.0,"event_name":"SensoryStone","player_choice":"Memory 1","floor":36.0,"gold_loss":0.0,"damage_taken":0.0},{"damage_healed":0.0,"max_hp_gain":0.0,"max_hp_loss":0.0,"gold_gain":0.0,"event_name":"Mysterious Sphere","player_choice":"Fight","floor":38.0,"gold_loss":0.0,"damage_taken":0.0},{"cards_removed":["KratosMod:BladeWhip"],"damage_healed":0.0,"max_hp_gain":0.0,"max_hp_loss":0.0,"gold_gain":0.0,"event_name":"Falling","player_choice":"Removed Attack","floor":39.0,"gold_loss":0.0,"damage_taken":0.0},{"damage_healed":0.0,"max_hp_gain":0.0,"max_hp_loss":3.0,"gold_gain":0.0,"event_name":"Winding Halls","player_choice":"Max HP","floor":42.0,"gold_loss":0.0,"damage_taken":0.0},{"damage_healed":0.0,"max_hp_gain":0.0,"max_hp_loss":0.0,"gold_gain":0.0,"event_name":"FaceTrader","player_choice":"Leave","floor":64.0,"gold_loss":0.0,"damage_taken":0.0},{"damage_healed":0.0,"max_hp_gain":0.0,"max_hp_loss":0.0,"gold_gain":0.0,"event_name":"Tomb of Lord Red Mask","player_choice":"Ignored","floor":92.0,"gold_loss":0.0,"damage_taken":0.0},{"damage_healed":0.0,"max_hp_gain":0.0,"max_hp_loss":0.0,"gold_gain":0.0,"event_name":"FaceTrader","player_choice":"Leave","floor":114.0,"gold_loss":0.0,"damage_taken":0.0},{"damage_healed":0.0,"max_hp_gain":0.0,"max_hp_loss":0.0,"gold_gain":100.0,"event_name":"Golden Shrine","player_choice":"Pray","floor":126.0,"gold_loss":0.0,"damage_taken":0.0},{"damage_healed":0,"gold_gain":0,"player_choice":"Memory 1","damage_taken":0,"max_hp_gain":0,"max_hp_loss":0,"event_name":"SensoryStone","floor":140,"gold_loss":0},{"damage_healed":0,"gold_gain":0,"player_choice":"Bought 0 Potions","damage_taken":0,"max_hp_gain":0,"max_hp_loss":0,"event_name":"The Woman in Blue","floor":141,"gold_loss":0}],"is_beta":false,"boss_relics":[{"not_picked":["Replay:Ancient Bell","Runic Dome"],"picked":"Cursed Key"},{"not_picked":["infinitespire:Cupcake","Replay:Bronze Core"],"picked":"Busted Crown"},{"not_picked":["SacredBark","Honey Jar"],"picked":"Painkiller Herb"},{"not_picked":["Astrolabe","ChewingGum"],"picked":"Replay:Wanted Poster"},{"not_picked":["Replay:Ancient Bell","Snecko Eye"],"picked":"Runic Dome"},{"not_picked":["Fusion Hammer","SacredBark"],"picked":"Replay:Drink Me"},{"not_picked":["Fusion Hammer","Astrolabe"],"picked":"infinitespire:Cupcake"},{"not_picked":["ReplayTheSpireMod:DimensionalGlitch","ChewingGum"],"picked":"Runic Pyramid"}],"items_purged_floors":[98],"is_endless":true,"potions_floor_spawned":[1,3,20,24,30,35,45,46,50,58,61,63,69,74,76,84,86,88,90,96,97,105,115,117,122,128,132,133,135,137,144,149,152],"killed_by":"infinitespire:MassOfShapes","ascension_level":0}}