{"host":"zxxo33bmnyuz0c2o","time":1614406707,"event":{"mods":["2.2 Compatiblity","AlwaysNeverKeys","BaseMod","Bestiary","Block Reminder","Card Forge","Colored Map","Colored Powertips","DeckTracker","GifTheSpireLib","Highlight Path","Minty Spire (QoL Compilation)","Permanent Neow","Quick Restart","Random Character Button","Rare Cards Sparkle","Relic Sorter","Relic Stats","StSLib","SuperFastMode"],"gold_per_floor":[118,129,129,129,139,172,188,188,188,188,198,212,212,224,224,322,322,335,351,366,366,412,412,412],"floor_reached":23,"language":"ZHT","playtime":943,"items_purged":[],"score":195,"play_id":"e13828a3-447f-4c9b-b4cb-c19b10408d71","local_time":"20210227141827","is_ascension_mode":false,"campfire_choices":[{"data":"Fission","floor":8,"key":"SMITH"},{"floor":10,"key":"RECALL"},{"data":"Dualcast","floor":15,"key":"SMITH"}],"circlet_count":0,"master_deck":["Strike_B","Strike_B+1","Strike_B","Strike_B","Defend_B","Defend_B","Defend_B","Zap+1","Dualcast+1","Dramatic Entrance","Gash+1","Beam Cell+1","Fission+1","Go for the Eyes","Conserve Battery","Redo","Gash","Coolheaded","Leap","Machine Learning","Hello World","Sweeping Beam","Defragment"],"relics":["Cracked Core","Hammer of Thor","Seething Fire","Anvil of the Gods","Tiny Chest","Pear","Nuclear Battery","Enchiridion","Whetstone"],"acts_visited":["Exordium","TheCity"],"potions_floor_usage":[12,14,16,19,23],"damage_taken":[{"damage":0,"enemies":"2 Louse","floor":1,"turns":2},{"damage":1,"enemies":"Jaw Worm","floor":2,"turns":2},{"damage":1,"enemies":"Cultist","floor":5,"turns":3},{"damage":21,"enemies":"Lagavulin","floor":6,"turns":5},{"damage":5,"enemies":"Blue Slaver","floor":7,"turns":3},{"damage":5,"enemies":"Large Slime","floor":11,"turns":5},{"damage":5,"enemies":"Looter","floor":12,"turns":3},{"damage":3,"enemies":"Gremlin Gang","floor":14,"turns":3},{"damage":8,"enemies":"Slime Boss","floor":16,"turns":11},{"damage":7,"enemies":"Shell Parasite","floor":18,"turns":5},{"damage":10,"enemies":"3 Byrds","floor":19,"turns":4},{"damage":46,"enemies":"Snecko","floor":20,"turns":10},{"damage":0,"enemies":"Snake Plant","floor":23,"turns":2}],"seed_played":"4268586784486576453","potions_obtained":[{"floor":5,"key":"SpeedPotion"},{"floor":6,"key":"FearPotion"},{"floor":7,"key":"DuplicationPotion"},{"floor":12,"key":"FocusPotion"},{"floor":18,"key":"Fire Potion"},{"floor":20,"key":"EssenceOfDarkness"}],"is_trial":false,"path_per_floor":["M","M","?","?","M","E","M","R","T","R","M","M","T","M","R","B",null,"M","M","M","?","T","M"],"character_chosen":"DEFECT","items_purchased":[],"campfire_rested":0,"item_purchase_floors":[],"current_hp_per_floor":[75,74,59,59,58,37,32,32,32,32,27,22,32,29,29,21,85,78,68,22,6,6,6,6],"gold":412,"neow_bonus":"RANDOM_COLORLESS","is_daily":false,"chose_seed":false,"campfire_upgraded":2,"win_rate":0.0,"timestamp":1614406707,"path_taken":["M","M","?","?","M","E","M","R","T","R","M","M","?","?","R","BOSS","M","M","M","?","?","M"],"items_purchased_type":[],"build_version":"2020-12-22","purchased_purges":0,"victory":false,"max_hp_per_floor":[75,75,75,75,75,75,75,75,75,75,75,75,85,85,85,85,85,85,85,85,85,85,85,85],"relic_stats":{"counters":[13,58],"Tiny Chest":1,"Whetstone":["Strike_B","Gash"],"obtain_stats":[{"Pear":13,"Anvil of the Gods":0,"Enchiridion":21,"Tiny Chest":6,"Hammer of Thor":0,"Seething Fire":0,"Whetstone":22,"Cracked Core":0,"Nuclear Battery":17},{"Pear":7,"Anvil of the Gods":0,"Enchiridion":12,"Tiny Chest":4,"Hammer of Thor":0,"Seething Fire":0,"Whetstone":12,"Cracked Core":0,"Nuclear Battery":9},{"Pear":23,"Anvil of the Gods":0,"Enchiridion":56,"Tiny Chest":12,"Hammer of Thor":0,"Seething Fire":0,"Whetstone":56,"Cracked Core":0,"Nuclear Battery":37}]},"card_choices":[{"not_picked":["Forethought","Flash of Steel"],"picked":"Dramatic Entrance","floor":0},{"not_picked":["BootSequence","Sunder"],"picked":"Gash","floor":1},{"not_picked":["Blizzard","BootSequence"],"picked":"Beam Cell","floor":2},{"not_picked":["Chaos","Static Discharge"],"picked":"Go for the Eyes","floor":5},{"not_picked":["Darkness","Sweeping Beam"],"picked":"Conserve Battery","floor":6},{"not_picked":["Gash","Steam"],"picked":"Redo","floor":7},{"not_picked":["Scrape","Hologram"],"picked":"Gash","floor":11},{"not_picked":["Chill","Darkness"],"picked":"Coolheaded","floor":12},{"not_picked":["Auto Shields","Stack"],"picked":"Leap","floor":14},{"not_picked":["Buffer","Hyperbeam"],"picked":"Machine Learning","floor":16},{"not_picked":["Reinforced Body","Beam Cell"],"picked":"Hello World","floor":18},{"not_picked":["Steam","Redo+1"],"picked":"Sweeping Beam","floor":19},{"not_picked":["Sweeping Beam+1","Hologram"],"picked":"Defragment","floor":20}],"player_experience":33638,"relics_obtained":[{"floor":6,"key":"Tiny Chest"},{"floor":13,"key":"Pear"},{"floor":21,"key":"Enchiridion"},{"floor":22,"key":"Whetstone"}],"event_choices":[{"damage_healed":0,"gold_gain":0,"player_choice":"Entered Light","damage_taken":15,"max_hp_gain":0,"max_hp_loss":0,"event_name":"Shining Light","floor":3,"gold_loss":0,"cards_upgraded":["Zap","Beam Cell"]},{"damage_healed":0,"gold_gain":0,"cards_transformed":["Defend_B"],"player_choice":"Change","damage_taken":0,"max_hp_gain":0,"max_hp_loss":0,"event_name":"Living Wall","floor":4,"gold_loss":0,"cards_obtained":["Fission"]},{"damage_healed":0,"gold_gain":0,"player_choice":"Obtained Book","damage_taken":16,"max_hp_gain":0,"max_hp_loss":0,"event_name":"Cursed Tome","floor":21,"gold_loss":0}],"is_beta":false,"boss_relics":[{"not_picked":["Ectoplasm","Runic Dome"],"picked":"Nuclear Battery"}],"items_purged_floors":[],"is_endless":false,"potions_floor_spawned":[5,6,7,12,18,20],"killed_by":"Snake Plant","ascension_level":0}}